1988 3392
139 223 181 267 448
428 231 511 267 ειαοτι
523 201 639 267 mmmm

138 310 163 355 τά
174 312 219 369 περὶ
230 310 293 366 αὐτῆς
303 311 394 366 λέξομεν,
416 312 451 355 καὶ
463 309 499 363 τάς
510 308 552 355 κατ’
561 310 624 367 αύτης
634 308 758 369 άνατροπός,
780 310 830 355 θεόν
841 310 923 367 αἰτησά-

140 398 204 437 μενοι,
224 378 275 424 κατά
290 378 312 424 τό
326 379 412 424 δυνατόν
424 380 598 439 παραθησόμεθα,
620 378 677 431 όπως
689 385 724 436 τῆς
736 382 866 425 είδωλοποιοῦ
876 380 922 425 ταύ-

139 468 174 505 της
184 451 278 508 αἱρέσεως
286 449 321 501 τάς
331 452 385 507 ῥίζας
402 449 516 506 ἐκτεμόντες
526 449 568 494 άπό
578 468 637 494 τινων
646 449 683 507 την
697 449 792 506 τοιαύτην
804 448 878 494 λύσσαν
887 469 921 495 κα-

139 524 221 564 ταλῦσαι
235 521 257 563 έν
270 524 313 579 θεῷ
328 521 455 574 δυνηθῶμεν.

47 593 123 642 Κιμγί.
190 587 239 646 ’Ἀγε
249 591 325 639 τοίνυν,
345 593 397 632 θεοῦ
409 591 489 641 δοῦλοι,
512 585 607 645 άνδρικόν
622 586 717 645 φρόνημα
729 586 873 644 ἐνδυσάμεθα,
888 606 923 645 γυ-

139 662 215 701 ναικῶν
231 657 252 700 δέ
262 656 340 700 τούτων
350 656 386 713 την
401 660 474 712 μανίαν
485 656 650 712 διασκεδάσωμεν.
683 655 710 700 Τό
722 661 764 700 πᾶν
774 654 812 715 γάρ
828 655 923 712 1θήλεως

138 724 152 781 η
163 724 255 779 ύπόνοια,
270 727 305 769 καὶ
317 724 375 777 Εύας
385 726 444 769 πάλιν
454 730 490 783 τῆς
498 724 630 781 άπατωμένης
640 725 662 769 τό
670 722 756 781 νόσημα·
769 730 843 781 μᾶλλον
853 723 870 769 δ’
879 724 924 770 2ότι

139 799 176 838 τοῦ
193 794 268 849 όφεως,
288 799 325 838 τοῦ
341 796 467 851 έρεθιστικοῠ
479 794 556 851 θηρός,
577 796 611 838 καὶ
626 798 663 838 τού
681 795 802 850 λαλήσαντος
816 796 838 838 ἐν
848 793 923 856 αότῇὴ

139 869 175 919 τῆς
186 864 262 919 πλάνης
274 861 392 919 ύπύσχεσις,
411 864 473 919 μηδέν
484 866 513 913 εἰς
527 864 588 918 μέσον
603 864 702 921 φέρουσα,
723 863 806 908 οόδέτά
816 862 923 920 ύπισχνού-

140 950 189 988 μενα
199 938 309 987 τελειοῦσα,
325 931 388 988 άλλῆ
401 932 464 988 μόνον
477 932 568 976 θάνατον
580 932 740 990 ἀπεργαζομένη,
761 931 786 976 τά
796 932 824 989 μη
835 932 884 977 όντα
896 931 923 985 [ές

140 1001 188 1046 όντα
197 1007 296 1055 καλοῦσα,
317 1004 351 1045 καί
362 999 396 1045 διά
406 1006 442 1055 τῆς
454 999 543 1058 όράσεως
555 1006 592 1045 τοῦ
604 1001 664 1054 ξύλου
678 1001 784 1057 παρακοήν
796 1004 922 1060 ἐργαζομένη,

139 1073 174 1115 καί
191 1070 323 1127 άποστροφὴν
337 1068 371 1114 ἄπ’
387 1068 449 1125 αὐτῆς
466 1075 502 1126 τῆς
520 1070 626 1125 ἀληθείας,
646 1072 732 1114 καὶτοῦ
748 1072 782 1114 ἐπὶ
800 1069 863 1115 πολλά
880 1072 923 1128 τρέ-

140 1148 220 1184 πεσθαι.
251 1143 345 1194 Νομίζειν
354 1140 376 1183 δέ
386 1140 440 1183 ἐσται
450 1138 512 1183 όποῖα
522 1138 534 1184 ό
545 1138 638 1184 άπατεοίν
650 1140 738 1197 ἐσπειρε,
752 1141 826 1198 λέγων,
835 1138 925 1183 ’Έσεσθε

142 1208 169 1261 τίς
180 1213 231 1254 θεοί.
259 1208 318 1253 Οάτω
337 1210 371 1252 καὶ
386 1208 463 1253 τούτων
476 1208 498 1253 τό
509 1208 605 1266 φρόνημα
618 1209 761 1263 κεπφούμενον
773 1213 798 1268 τῇ
808 1213 845 1252 τοῦ
858 1225 924 1266 προει-

141 1280 228 1337 ρημένου
244 1276 311 1334 θηρός
326 1275 418 1334 έπάρσει,
439 1276 470 1332 ἐφ’
485 1272 500 1337 ᾗ
515 1276 575 1331 φύσει
587 1277 648 1321 πάλιν
662 1276 698 1321 τόν
712 1275 802 1321 θάνατον
816 1276 923 1335 ἐργάζεται,

142 1347 169 1399 τίς
180 1349 215 1392 καὶ
226 1346 320 1397 πολλάκις
335 1344 398 1390 εἶπον.
431 1351 517 1404 Προῖτον
529 1346 565 1402 μὲν
575 1345 614 1405 γάρ
627 1345 691 1397 εὐθύς
702 1348 819 1390 διασκοπεῖν
831 1345 866 1391 εἶπ’
877 1348 925 1391 αι’ῶ-

47 1433 82 1463 ονε·
91 1425 131 1456 1⁰5⁹·
140 1435 175 1468 νος
185 1419 219 1461 καί
229 1419 299 1473 δεῦρο,
321 1419 359 1459 τίνι
371 1415 396 1459 ού
407 1417 471 1470 σαφές
481 1418 534 1460 ε’στιν
549 1415 580 1459 ότι
591 1416 693 1471 δαιμόνων
707 1416 748 1459 ἐστὶ
758 1413 781 1459 τό
793 1418 880 1473 δίδαγμα
889 1417 925 1459 καί

141 1492 216 1542 σχῆμα,
238 1484 416 1539 καὶίγλλοιωμένον
430 1483 453 1528 τό
466 1486 593 1541 ἐπιχείρημα,-
624 1487 669 1544 Θεηῖ
684 1481 765 1540 μένάπ’
778 1483 922 1536 αιόἷνοςούδα-

142 1560 184 1611 μως
196 1552 246 1612 γυνη
257 1553 378 1610 ίεράτευσεν,
399 1552 437 1596 ούκ
447 1553 499 1609 αὐτη
510 1551 566 1604 Εύα,
588 1555 622 1597 καί
632 1556 664 1597 τοί
674 1571 696 1611 γε
706 1555 727 1597 ε’ν
738 1552 859 1610 παρεκβάσει
869 1571 924 1612 γενο-

142 1625 197 1679 μένη.
224 1621 274 1665 Ἀλλ’
286 1622 325 1665 ούκ
337 1621 441 1677 ἐτόλμησεν
453 1624 481 1666 ἐτι
491 1622 560 1678 ἀσεβές
570 1626 661 1666 τοιοῦτον
671 1621 786 1666 άποτελέσαι
798 1624 923 1679 ἐπιχείρημα·

142 1691 168 1736 ού
186 1694 221 1747 μία
235 1696 275 1734 τῶν
288 1689 361 1745 ταύτης
378 1693 505 1749 θυγατέρων,
524 1694 559 1735 καί
569 1694 600 1734 τοί
613 1695 682 1748 γετοῦ
695 1689 757 1747 ’Ἅβελ
769 1689 832 1743 εύθύς
845 1694 923 1750 ίερουρ-

142 1760 238 1819 γήσαντος
249 1764 302 1818 θεῷ,
322 1761 356 1802 καὶ
368 1764 403 1803 τοῦ
415 1759 470 1804 Κάϊν
479 1759 581 1811 θύσαντος
592 1758 680 1803 ἐντόπιον
695 1763 767 1817 κυρίου
777 1764 863 1814 θυσίας,
884 1758 925 1804 ἀλλ’

142 1829 166 1873 ού
178 1829 357 1885 προςδεδεγμένας,
374 1827 438 1883 Ἐνοίχ
449 1845 469 1871 τε
479 1828 647 1884 εύαρεστήσαντος
658 1830 693 1871 καὶ
705 1831 857 1883 μετατεθέντος,
877 1833 926 1872 Νῶε

142 1899 164 1941 δέ
174 1899 341 1954 προςενέγκαντος
357 1898 379 1940 ἐκ
389 1901 429 1940 τοῖν
444 1902 478 1953 τῆς
491 1900 579 1952 κιβωτοῦ
590 1895 752 1954 περισσευμάτων
764 1896 925 1955 εὐχαριστηρίους

142 1965 260 2024 προςφοράς
270 1968 344 2024 κυρίῳ,
365 1965 492 2022 εὐγνώμονος
506 1968 617 2017 διαθέσεως
631 1964 800 2018 ύττοδεικνύοντος
810 1966 925 2023 τεκμήριον,

142 2034 287 2092 ὁμολογοῦντος
297 2033 333 2088 την
343 2033 400 2091 χάριν
411 2039 439 2093 τῷ
450 2034 550 2078 σεσωκότι.
579 2032 668 2092 Ἁβραάμ
681 2036 703 2079 δέ
713 2033 725 2079 ό
736 2037 815 2086 δίκαιος
826 2037 927 2093 ίερουργεῖ

142 2110 196 2163 θεῷ,
211 2105 246 2147 καί
258 2104 379 2158 Μελχισεδὲκ
391 2101 477 2160 όίερεύς
486 2108 524 2147 τοῦ
533 2109 585 2147 θεοῦ
595 2108 632 2147 τοῦ
645 2102 742 2159 ύψίστου,
757 2105 792 2147 καὶ
803 2103 873 2147 Ἰσαάκ
882 2109 925 2163 θεῷ

145 2173 266 2230 3εὐάρεστος
278 2170 398 2229 εύρίσκετοιι,
414 2173 447 2215 καί
459 2171 531 2227 Ἰακιόβ
542 2171 593 2216 κατά
605 2171 692 2228 δύναμιν
701 2171 833 2230 προςήνεγκεν
844 2174 877 2217 ἐπὶ
888 2177 926 2216 τοῦ

142 2244 203 2285 λίθου
215 2240 255 2284 άπό
265 2245 302 2284 τοῦ
313 2246 382 2294 φακοῦ
392 2242 470 2296 ἐπιχέας
480 2242 551 2285 έλαιον.
584 2243 611 2284 Οἱ
620 2241 693 2285 τούτου
705 2242 727 2285 δὲ
737 2244 799 2295 υίεῖς,
814 2242 879 2293 Λευίς
889 2241 926 2298 μέν

144 2309 254 2367 εὑρίσκεται
263 2313 351 2365 καθεξῆς
361 2309 471 2367 ἱερωσύνην
481 2309 644 2367 ἀναδεδεγμένος·
665 2312 686 2362 ἐξ
697 2310 761 2353 αὐτοῦ
770 2310 792 2353 δέ
806 2315 842 2353 τοῦ
853 2311 925 2368 γένους

143 2377 195 2423 οίτό
209 2377 307 2436 ίερατικδν
321 2378 386 2435 τάγμα
399 2377 561 2436 ἀναδεδεγμένον,
582 2379 635 2434 φημί
651 2378 673 2422 δέ
683 2383 777 2434 Μωϋσῆς
792 2376 804 2422 ό
819 2378 926 2437 προφήτης

142 2449 177 2491 καὶ
191 2447 327 2504 ίεροφάντωρ,
345 2446 426 2504 Ἀαροίν
445 2465 466 2491 τε
480 2448 516 2491 καὶ
530 2450 552 2491 οἱ
565 2447 639 2491 τούτου
649 2450 730 2500 παῖδες,
749 2445 839 2503 Ἐλεάζαρ
855 2465 876 2491 τε
891 2449 926 2492 καί

145 2516 225 2568 Φινεές,
244 2516 280 2558 καὶ
293 2513 378 2572 Ἰθάμαρ
393 2513 490 2558 ότούτου
501 2517 587 2573 ἔγγονος.
618 2517 659 2559 Καὶ
671 2519 690 2558 τί
700 2532 734 2569 μοι
746 2513 771 2558 τά
785 2514 854 2571 πλήθη
864 2517 926 2574 λέγειν

143 2589 183 2627 τῶν
194 2582 366 2640 ίερουργησάντων
376 2588 419 2642 θεῷ
430 2586 452 2627 έν
463 2589 536 2642 παλαιᾷ
547 2583 648 2643 διαθήκης
677 2582 805 2640 ὨςἈχιτνδβ
816 2582 926 2641 εὑρίσκεται

144 2654 264 2709 ἱερουργεῖν,
284 2654 307 2695 σί
319 2669 340 2695 τε
355 2657 452 2709 Κορῖται,
472 2654 506 2696 καί
522 2655 543 2696 οί
559 2657 688 2710 Γερσωνῖται,
707 2653 743 2696 καὶ
757 2656 872 2709 Μεραρῖται
890 2651 927 2708 τήν

144 2720 254 2775 Λευιτικήν
263 2723 414 2776 πεπιστευμένοι
424 2720 490 2774 τάξιν,
505 2720 517 2764 ό
526 2738 548 2764 τε
556 2719 613 2772 οἶκος
621 2719 684 2774 Ἡλεί,
703 2722 738 2764 καί
751 2723 773 2764 οἱ
783 2717 824 2775 μετ’
834 2720 897 2765 αὐτόν
907 2723 928 2765 οἱ

144 2788 185 2833 άπό
201 2795 237 2845 τῆς
255 2793 368 2847 συγγενείας
386 2788 449 2833 αύτοῦ
468 2791 490 2833 ἐν
507 2795 534 2849 τῷ
554 2792 603 2849 οίκφ
625 2789 738 2845 Ἀβιμέλεχ,
763 2791 798 2833 καὶ
816 2789 926 2848 Ἀβιάθαρ,

168 2931 208 2964 Cu.
216 2932 266 2963 11.-
287 2932 301 2963 l.
313 2928 382 2974 θήλεως
393 2932 428 2964 τοί.
438 2933 470 2964 λιιι.
484 2931 526 2974 [cum
571 2931 588 2965 2.
599 2932 672 2964 Fortasse
681 2928 706 2964 ἐτι
713 2931 820 2971 reponendum
827 2940 858 2972 μνο
868 2926 899 2966 ἔτι.

144 2977 211 3020 rasura)
223 2980 237 3010 et
247 2978 285 3010 editi
297 2977 338 3009 libri.
362 2973 425 3020 λήλεος
435 2978 470 3010 ωτι.
483 2978 523 3010 Rhe·
568 2976 585 3009 3.
600 2973 692 3018 εὐάρεστος
706 2978 781 3009 omissum
798 2977 816 3009 ιἰι
831 2978 855 3009 etl.
870 2978 926 3011 Ριίον.

145 3022 179 3064 δίς.
546 3023 600 3056 Calon„
609 3025 657 3063 repet.
