1988 3392
268 220 361 255 rancun
374 220 417 254 cro.
427 222 457 255 m.
470 221 526 256 ron.
536 223 550 255 ι.
562 220 632 255 naeu.
643 219 727 254 cxxvi.
849 208 892 252 247

106 303 158 345 faeta
174 307 233 352 suut,
249 307 277 355 ,et
291 308 387 359 perpetuo
401 301 461 354 fiunt,
486 310 565 345 creator
580 309 612 345 est
625 315 648 345 ac
660 300 759 343 conditor.
791 296 893 356 Quocirca

105 383 170 425 neque
185 369 252 426 plures
264 371 328 413 adbuc
344 378 467 425 generamur
482 371 527 423 tbi,
551 386 615 428 ireque
633 371 699 429 plures
711 369 735 411 ab
747 384 772 411 eo
783 368 893 425 procedunt

104 438 193 496 spiritus.
225 436 266 481 Sed
278 439 372 482 divinitas
381 439 425 497 ipsa
435 439 454 482 iu
465 441 553 482 trinitate
566 449 646 490 munet,
663 454 687 482 eo
699 438 835 496 praedicatur,
852 452 890 480 nee

104 509 184 550 adeam
197 508 235 550 ulla
248 508 269 550 fit
280 509 382 560 accessio,
406 523 470 565 neque
482 508 559 561 ,desinit
574 525 673 567 quoiquam,
696 522 761 565 neque
776 507 832 564 quasi
845 521 892 549 cun·

104 591 162 634 qnam
174 577 201 619 sit
213 577 334 621 destituitur.
365 576 423 622 Unde
441 593 480 621 rrou
494 578 514 621 in
527 577 659 636 appellatione
677 578 777 620 solacius
792 577 843 633 qmrd
856 590 891 633 ge-

104 645 166 688 nitum
187 653 218 688 est
239 646 325 703 dignitas
346 648 446 690 consistit.
483 647 564 704 Alioqui
582 649 735 705 quamplurimos
751 653 797 704 post
812 660 835 688 se
852 647 892 686 fra·

38 717 40 720 ’
104 722 157 768 tres,
180 730 204 758 ac
215 716 246 758 sui
257 716 333 759 similes
348 716 442 768 baberet,
466 724 487 758 ut
499 731 527 759 cx
537 717 572 759 illo
582 716 627 759 loco
637 723 728 759 constat:
748 717 988 768 Fz'lrosgeun13Esat.r.a.

102 792 124 826 et
132 786 229 835 exaltem}
245 786 303 827 item:
321 788 360 839 Qui
367 789 437 839 gennit
445 788 510 827 stc'llus
520 789 585 836 rorr's,·
602 793 642 827 tum
654 786 713 827 illud:
736 788 770 827 Ex
781 799 819 839 qno
830 787 891 825 omne'r
900 761 990 833 dinifii?

100 856 209 908 paternitas
220 857 240 895 fn
250 856 316 904 coelo,
333 861 353 895 ct
362 857 382 895 in
392 862 445 899 terre
456 858 579 905 coutamur,-
596 855 679 896 dcinde:
694 857 764 895 Nonne
774 869 824 894 nnus
832 861 891 908 puter
916 863 974 927 pqaqt,

102 925 231 963 cocomarium
249 927 347 963 oestrum?
368 922 426 964 item:
449 925 512 963 Filius
529 937 581 964 rueres
598 923 667 973 fneob‚·
693 929 725 964 ct:
748 916 991 975 eraungeuitmcxitussuz

103 1005 155 1031 meus
169 993 239 1032 Imuc'l.
270 990 324 1033 Nam
335 990 368 1032 isti
381 1005 451 1033 omnes
468 991 617 1033 accommodata
634 1005 670 1047 prr
687 998 764 1047 tropum
782 991 815 1032 filii
831 1004 889 1041 soce,
936 990 937 993 '

103 1073 147 1101 orrm
160 1060 247 1102 nondum
262 1067 342 1111 esseut,
364 1074 400 1111 eo,
422 1066 536 1111 messem,
557 1060 659 1116 progressi
672 1066 726 1101 snut.
748 1057 845 1115 ideoque
856 1072 891 1101 ue·

102 1142 198 1184 quaquam
210 1142 259 1171 vera
275 1143 299 1169 ac
311 1128 374 1170 solida
392 1129 501 1170 seeundum
518 1136 608 1170 nutnraur
625 1128 757 1185 appellatione
774 1134 890 1178 censentur,

102 1197 136 1239 sed
147 1195 213 1239 uriuus
222 1198 311 1254 proprie,
327 1212 351 1239 ac
362 1196 440 1253 gratiae
450 1198 584 1253 beneficiique
595 1198 640 1239 loco
650 1198 668 1239 id
678 1196 718 1238 illis
729 1196 830 1238 nituiuu.
862 1194 891 1237 lta

103 1272 171 1307 tamen
184 1272 205 1307 ιιι
215 1272 295 1322 praeter
306 1266 458 1322 appellationem
472 1265 533 1322 ipsam
549 1266 597 1308 insit
607 1265 693 1321 atiquim
716 1271 821 1322 propterea
838 1264 891 1320 qnod

101 1333 126 1374 ab
138 1348 178 1375 uuo
189 1340 209 1375 et
221 1348 256 1390 per
267 1349 328 1376 nuum
338 1347 410 1376 revera
422 1342 526 1391 procreata
536 1342 594 1385 sunt,
610 1349 647 1375 nec
658 1349 698 1376 noo
709 1341 729 1375 et
739 1348 751 1375 a
760 1333 832 1390 spiritu
844 1347 891 1389 sau-

102 1409 148 1454 oto,
165 1402 198 1458 qui
214 1402 238 1444 ab
254 1402 297 1458 ipso
312 1402 415 1459 procedit,
431 1410 452 1443 ct
467 1416 494 1444 ex
508 1403 552 1459 ipso
567 1403 647 1458 accipit.

157 1470 213 1513 Aelii
224 1468 291 1527 Caput
301 1469 341 1513 lX.
358 1469 381 1513 Si
393 1471 414 1511 in
425 1470 516 1525 ingenito
528 1472 566 1512 deo
578 1471 657 1526 genitus
670 1470 723 1512 lilius
739 1470 794 1513 velut
806 1469 890 1526 quodam

101 1538 178 1580 semine
191 1539 342 1590 continebatur,
364 1539 416 1581 idem
428 1539 461 1581 nbi
474 1538 555 1594 genitus
570 1547 613 1592 est,
635 1538 762 1581 extrinsecus
774 1538 891 1580 accessione

101 1606 295 1658 laetaadcirilem,
317 1614 339 1648 ut
348 1606 375 1649 ita
385 1607 484 1658 dixerim,
507 1614 593 1649 aetatem
611 1607 707 1649 adolevit,
738 1605 808 1662 ltaque
825 1608 892 1663 perfe-

101 1680 145 1715 ctus
156 1680 188 1715 est
200 1674 253 1715 filius
264 1689 303 1716 uon
316 1688 344 1717 ex
355 1675 398 1731 ipsa
408 1674 552 1730 generatione,
574 1676 609 1716 sed
623 1689 650 1716 ex
665 1676 752 1729 eoquod
763 1675 791 1716 illi
803 1682 891 1731 postmo-

101 1741 147 1783 dum
160 1740 256 1783 accrevit.
286 1741 339 1784 Nam
355 1757 406 1798 quae
426 1749 522 1797 cognatas
537 1756 570 1784 res
586 1743 610 1784 ad
627 1743 659 1784 sui
675 1742 820 1785 incrementum
839 1743 891 1784 asci-

100 1816 170 1860 scunt,
193 1815 286 1864 tauquam
303 1824 331 1852 cx
345 1810 384 1852 illis
400 1810 526 1862 constantia,
548 1810 629 1853 diuerso
644 1811 703 1852 ruodo
718 1810 802 1867 perfecti
817 1825 891 1852 nomen

102 1877 215 1920 admittunt.

142 1996 145 2002 Α
159 1942 241 1989 Confnt.
257 1944 297 1989 lX.
319 1945 337 1991 l.
353 1946 400 1991 Nisi
411 1947 502 2004 corporis
513 1955 616 2003 expertem
626 1948 738 2004 genitorem
749 1947 889 1998 confiteamur,

101 2023 269 2073 quantascumque
281 2016 337 2058 voles
350 2016 463 2072 tragoedias
477 2017 574 2057 excitato.
606 2014 685 2070 Quibus
702 2018 802 2058 rtemiuem
816 2023 836 2057 tn
849 2015 892 2072 qui-

101 2085 145 2127 dem
155 2091 269 2142 perterres‚
286 2085 320 2126 scd
334 2092 419 2126 mentem
433 2091 485 2126 tuam
497 2098 508 2125 a
521 2098 582 2126 verae
595 2085 640 2127 fidei
651 2085 777 2142 professione
787 2086 892 2141 perturba·

102 2152 156 2197 tione
167 2153 201 2196 illa
211 2153 288 2196 deiicis.
317 2152 380 2210 igitur
391 2155 491 2212 perfectus
505 2154 594 2211 oseipso
607 2155 655 2196 cliens
667 2155 775 2211 perfectum
786 2154 855 2209 genuit
867 2154 890 2195 ti·

102 2224 157 2277 lium,
172 2239 211 2266 non
222 2224 280 2266 alium
290 2232 370 2281 praeter
379 2230 479 2266 naturam.
500 2222 572 2280 Neque
582 2224 634 2266 euim
645 2224 736 2280 genitore
749 2231 780 2265 est
789 2223 888 2278 indignus,

102 2308 140 2337 nee
151 2301 256 2336 externam
267 2294 325 2337 ullam
337 2293 475 2336 accessionem
487 2293 594 2336 desiderat.
626 2292 682 2337 Nitit
694 2293 765 2351 quippe
780 2292 889 2334 secundum

102 2364 133 2406 dei
145 2363 276 2406 substantiam
287 2362 351 2406 mains
361 2377 385 2404 ae
396 2363 530 2421 praestantius
540 2377 586 2407 esse
597 2370 674 2421 potest,
689 2364 740 2420 quod
751 2363 803 2405 istud
816 2363 888 2418 ipsum,

102 2433 153 2489 quod
165 2433 189 2474 ad
203 2431 346 2488 perfectionem
358 2433 455 2475 accedere
468 2431 550 2484 dieitur,
572 2447 616 2475 cum
628 2433 730 2488 indigente
748 2433 888 2475 communicet.

102 2500 155 2545 Nam
167 2500 199 2557 qui
211 2509 306 2558 perpetuo
319 2515 393 2558 expers
404 2502 497 2559 eorporis
507 2501 584 2553 existit,
597 2516 697 2559 peraeque
707 2501 827 2544 existentem
839 2502 890 2558 apud

102 2571 181 2627 ipsum,
203 2572 352 2626 perfectumque
365 2572 465 2628 perfectus
480 2571 562 2626 genitali
579 2572 662 2626 quadam
678 2572 698 2613 vi
714 2585 829 2627 semperne
842 2585 890 2613 rere

103 2638 209 2697 produxit,
226 2638 288 2690 deus,
304 2639 397 2695 inquaur,
414 2640 496 2696 spiritus
507 2640 596 2697 spiritum
609 2641 690 2695 gerrcrit,
706 2641 789 2683 uerbum
802 2641 832 2682 dci
844 2640 891 2681 snb-

102 2708 185 2752 sisteus.
217 2705 254 2750 Est
265 2721 314 2750 vero
325 2709 452 2764 eunomianis,
474 2708 535 2760 Aeci,
557 2715 611 2750 ιιιιιιιι
628 2709 674 2752 illud
692 2717 826 2752 counnentnm
843 2709 890 2750 ridi-

104 2778 182 2829 culum,
204 2776 237 2833 qui
253 2776 347 2819 coelestia
362 2778 496 2833 perscrutari,
517 2792 540 2820 ae
552 2777 597 2833 qnid
615 2778 640 2819 cle
654 2778 727 2820 divinis
743 2778 804 2821 rebus
820 2778 890 2820 existi·

104 2847 245 2900 mecinense,
262 2846 384 2904 syllogismis
396 2852 416 2886 ct
428 2847 504 2903 argutis
516 2847 701 2890 ratiocinationilurs
714 2847 836 2904 investigare
848 2855 891 2890 stu-

128 2938 144 2972 5.
156 2936 186 2973 καὶ
198 2940 274 2972 omissum
285 2942 307 2972 est
316 2940 333 2972 iu
342 2939 379 2971 edit.
387 2934 447 2972 Petne.
459 2940 490 2973 Co·
512 2941 555 2982 quod
566 2940 613 2980 vrrtqo
624 2943 679 2981 extet,
690 2942 710 2973 cte
721 2942 833 2982 superioribus.

104 2987 135 3018 tea.
146 2988 193 3025 repet.
532 2987 548 3019 d.
562 2987 632 3018 Fortasse
647 2989 748 3021 scribendum
760 2985 786 3031 τῷ
802 2984 820 3021 ἐι
836 2981 890 3032 cispite

129 3031 143 3063 l.
156 3031 210 3071 Supra
222 3033 266 3063 extet
278 3030 308 3065 rori
319 3030 389 3065 τελείου.
510 3029 624 3078 {abacelam

127 3074 144 3108 2.
156 3076 226 3118 deposui
241 3075 342 3121 upoetsobcn
355 3086 386 3119 pro
397 3073 488 3120 apotecae
544 3112 545 3115 ,
