1988 3392
120 229 122 232 ·
138 208 181 251 750
442 218 517 252 ruoux
527 217 614 254 neuun.

161 297 250 330 nitentium
272 303 312 339 post
333 296 436 341 baptismum
451 297 466 330 si
483 298 520 342 quis
567 301 606 331 327.
620 318 642 324 -
659 300 923 346 curChristusingioriaEliam

161 360 248 397 peccasset
266 353 307 386 ibid
324 372 346 379 —
375 360 394 386 at
413 353 519 397 poenitentia
565 362 583 387 et
594 356 672 400 Moysem
684 355 761 391 adhibuit
772 360 812 391 328.

160 409 218 443 iterari
229 416 297 454 potest,
314 409 405 455 baptismus
415 422 450 444 non
461 417 519 455 potest
544 410 618 444 Christus
634 424 723 457 resurgens
740 414 802 447 subtile
819 425 880 460 corpus
895 417 922 453 in·

161 470 201 500 497.
218 488 240 493 -
269 479 321 512 puros
336 480 355 500 se
370 475 433 501 vocant
451 468 518 501 Cathari

161 536 199 558 cum
209 525 244 558 sint
254 524 314 569 impuri
325 526 366 558 499.
378 544 399 550 -
417 537 517 570 comparan-

160 589 188 616 tur
199 576 277 616 dasilisco
289 584 327 615 504.
341 602 360 608 -
381 581 443 617 similes
455 583 517 617 cruta-

161 641 184 675 ris
205 641 241 674 sive
261 640 359 675 Novatiauis
380 642 479 676 Donatistae
500 642 518 676 in

161 699 219 733 Africa
229 699 271 733 ibid.

141 757 227 792 Catholica
245 758 287 791 fides
307 770 388 804 quaenam
404 759 427 792 sit
443 771 482 793 vera
502 766 519 792 et

162 816 258 850 orthodoxa
269 819 310 850 257.

139 874 254 908 Cardaucauch
264 874 305 920 quid
314 874 397 919 significet
408 874 453 920 apud
464 874 519 908 Nico-

161 932 210 965 laitas
222 935 250 965 79,

139 990 284 1023 Cerdonianorum
294 981 368 1024 haeresis
380 994 407 1024 21.
422 997 461 1035 post
470 989 519 1023 Cbm'-

162 1046 266 1080 stianismum
278 1049 317 1079 299.
331 1067 351 1072 -
376 1059 430 1091 aquo
440 1046 465 1080 sic
474 1046 519 1079 dicta

565 467 612 510 duit,
627 476 646 506 et
663 470 722 503 clausis
737 471 830 504 iaurrisest
840 472 923 516 ingressus

565 526 603 558 593.
616 545 640 551 —
663 538 692 560 cur
708 527 794 562 cicatrices
806 529 881 577 corporis
898 532 922 566 sui

564 582 653 618 retinuerit
663 583 704 618 ibid.
717 605 739 612 -
762 585 815 620 ianuis
826 586 885 622 clausis
896 588 923 624 iu—

565 652 631 686 gressus
645 648 671 676 est
686 642 754 678 ibidem.
766 664 788 670 -
813 657 842 679 cur
859 645 924 683 dicatur

566 699 926 747 Christusprimitiuedormientium594.-

566 765 605 791 ante
617 758 664 792 illurn
676 759 725 793 multi
736 768 861 795 resurrexerunt
871 761 912 797 ibid.

544 814 605 849 Christi
617 816 720 860 praedicatio
734 817 801 863 quando
812 818 879 853 initium
891 820 923 855 ha-

566 872 603 906 buit
618 877 646 908 48.
659 877 681 900 -’-
709 886 741 920 qun
756 882 813 910 aetate
827 877 924 921 praedicare

567 931 642 976 coeperit
653 931 694 965 ibid.
708 951 731 958 -
754 933 822 979 quaudo
836 934 923 969 obtrecta-

566 994 612 1021 tores
626 988 705 1022 habuerit
715 989 756 1023 ibid.
769 1009 792 1016 -—
815 991 883 1036 quando
895 1004 924 1026 re-

566 1044 668 1089 demptionis
683 1058 725 1091 opus
737 1059 768 1091 per
778 1048 874 1092 passionem
884 1048 924 1081 fue-

566 1102 590 1135 rit
601 1109 680 1135 executus
696 1102 736 1136 ibid.
749 1123 772 1129 -
794 1104 812 1138 in
823 1116 873 1139 carue
883 1117 924 1149 pas-

566 1169 603 1199 sus,
615 1158 633 1191 in
643 1159 732 1192 divinitate
742 1160 784 1194 nihil
795 1172 853 1205 passus
862 1164 891 1195 49.
901 1180 925 1188 -

566 1215 616 1259 qurde
627 1227 688 1260 corpus
699 1215 777 1250 habuerit
787 1217 805 1250 in
817 1217 864 1260 vita,
876 1218 924 1264 quale

567 1279 606 1316 post
613 1272 754 1306 resurrectionem
762 1273 851 1307 retinuerit
856 1274 897 1309 ibid.
902 1294 924 1302 -

566 1327 612 1361 idem
624 1336 664 1373 post
675 1330 815 1364 resurrectionem
827 1331 887 1364 clausis
898 1332 924 1365 ia-

567 1384 603 1417 nuis
619 1384 713 1429 ingreditur
730 1386 771 1420 ibid.
791 1407 812 1413 -
843 1388 924 1433 apostolis

567 1442 654 1487 praecepit
663 1443 752 1477 veritatem
764 1444 826 1478 docere
838 1452 856 1479 et
867 1445 925 1490 bapti-

162 1104 202 1137 ibid.
220 1124 242 1131 --
276 1105 307 1137 sub
334 1115 368 1149 quo
392 1106 437 1148 Papa
460 1104 520 1138 vixerit

162 1163 202 1194 200.
215 1181 237 1187 -
249 1161 285 1194 eius
295 1161 374 1205 dogmata
384 1160 425 1193 ibid.
438 1179 458 1185 —-
471 1161 520 1193 Mar-

163 1218 215 1251 cionis
225 1229 325 1262 praecursor
335 1217 368 1250 suit
379 1217 434 1250 Cerdo
444 1220 483 1251 300.
498 1217 518 1242 ἑ-

163 1276 197 1309 eius
209 1275 266 1308 brevis
277 1275 359 1307 refutatio
372 1277 411 1307 301.

140 1331 250 1365 Ceremoniae
261 1331 338 1364 iudaicae
349 1331 372 1365 ad
383 1332 486 1365 Christianos
495 1332 520 1364 ri-

163 1395 189 1421 tus
200 1389 318 1422 referebantur
330 1392 357 1421 19,

140 1446 287 1479 Cerinthianorum
296 1445 369 1479 haeresis
379 1446 414 1479 sive
420 1445 520 1479 Merinthia-

162 1515 235 1543 norum,
253 1510 332 1548 quaeest
344 1510 403 1536 octava
417 1510 458 1548 post
470 1502 519 1536 Chri-

163 1560 268 1594 stiauismum
282 1563 321 1593 110.
341 1580 361 1587 -—
386 1560 415 1594 ubi
432 1559 521 1594 Cerinthus

568 1511 607 1532 zare
615 1498 633 1532 iu
643 1511 689 1533 nom.
699 1500 751 1544 patris
762 1509 779 1535 et
789 1502 819 1536 filii
830 1509 848 1536 et
857 1502 924 1549 spiritus

567 1556 621 1590 sancti
632 1559 660 1590 50.

163 1618 246 1652 haeresim
262 1618 338 1663 profiteri
355 1618 431 1664 coeperit
446 1618 487 1652 ibid,
499 1638 520 1644 -
546 1613 607 1647 Christi
622 1613 716 1650 incarnatio
729 1629 787 1652 omues
803 1618 869 1664 fugavit
882 1618 925 1653 hae-

164 1678 218 1710 iesum
226 1689 236 1710 a
242 1677 309 1710 Christo
317 1677 401 1722 separavit
408 1676 449 1710 ibid.
455 1680 493 1710 111.
499 1697 521 1702 -

164 1734 218 1779 legem
242 1746 278 1768 esse
299 1735 361 1768 bonam
382 1734 425 1768 dixit
440 1734 481 1772 ibid⁴
499 1754 520 1760 —

164 1792 250 1837 apostolos
260 1792 335 1826 turbavit
342 1792 383 1826 ibid.
396 1812 417 1819 -
441 1793 492 1826 Petro
503 1805 522 1826 se

164 1844 245 1895 opposuit
260 1850 301 1884 ibid.
313 1870 336 1876 —
359 1850 447 1884 seditionis
463 1857 522 1884 auctor

164 1907 204 1941 ibid.
217 1928 239 1935 -
262 1915 299 1941 erat
311 1908 417 1942 circumcisus
428 1908 469 1942 ibid.

142 1965 246 1999 Cerintlriaui
258 1965 363 2010 evangelium
372 1966 458 2000 'Matthaei
469 1967 520 2000 muti·

163 2022 201 2056 lant
211 2025 250 2056 113.
260 2043 281 2049 -
297 2030 374 2057 asserunt
384 2024 468 2057 Christum
478 2035 521 2057 non-

164 2080 204 2113 dum
221 2092 258 2113 esse
272 2093 282 2113 a
293 2081 364 2113 mortuis
382 2081 472 2114 excitatum
488 2081 521 2114 ibi-

165 2138 209 2170 dem.
222 2156 243 2163 —-
267 2137 289 2169 de
302 2138 366 2171 semine
381 2138 448 2183 Iosephi
464 2145 521 2171 natum

567 1683 613 1706 reses
625 1675 654 1708 47.
667 1693 689 1700 -
719 1682 737 1709 et
754 1675 824 1710 verbum
838 1676 884 1711 idem
900 1684 925 1711 est

567 1731 642 1775 genitum
657 1732 679 1766 ab
696 1740 766 1767 aeterno
782 1733 823 1768 ibid.
836 1754 858 1761 -
881 1746 924 1780 quo-

568 1789 619 1823 modo
628 1801 649 1823 ex
662 1790 716 1825 Maria
726 1791 793 1836 genitus
806 1799 824 1826 et
833 1800 924 1837 conceptus

568 1846 590 1880 de
601 1847 661 1893 spiritu
673 1856 732 1882 sancto
742 1849 784 1884 ibid.
797 1869 820 1875 —
843 1850 924 1884 natiuita-

567 1905 590 1938 tis
603 1905 638 1939 eius
651 1905 741 1952 descriptio
753 1910 782 1941 48.

547 1963 620 1997 Christus
632 1976 661 1998 cur
672 1964 737 1999 decima
746 1971 805 2010 quarta
815 1966 854 2000 luna
866 1977 924 2012 passus

568 2024 608 2055 421.

547 2079 631 2112 Christum
640 2091 698 2113 verum
710 2092 747 2112 esse
757 2080 808 2114 deum
817 2084 855 2114 143.
866 2099 891 2107 -
907 2087 926 2114 ct

569 2135 669 2180 ex'virgine
684 2143 743 2169 natum
758 2137 794 2170 siue
808 2137 852 2171 rin'ti
861 2137 925 2172 semine

166 2194 251 2227 refutatur
259 2197 298 2228 115.
311 2214 332 2220 ν-
352 2194 522 2228 Merinthianietiam
569 2196 608 2226 144.

165 2251 358 2292 dicunturGerinthiani‚
370 2257 409 2284 sunt
418 2251 463 2284 enim
471 2251 522 2284 iidem
546 2250 631 2283 Christum
647 2249 700 2283 filium
716 2249 743 2283 dei
757 2250 803 2284 uuila
813 2250 880 2285 ratione
891 2251 925 2285 dici

165 2310 205 2340 115.
218 2311 256 2340 116.
270 2328 290 2333 -
315 2315 333 2341 et
346 2308 385 2341 ideo
397 2307 482 2352 Sepedoni
494 2308 520 2340 hi·
569 2314 662 2339 creaturam
673 2318 724 2350 posse
736 2309 775 2339 759.

165 2365 212 2409 cipiti
221 2364 298 2409 serpenti
308 2364 400 2409 comparati
412 2364 453 2397 ibid.
547 2363 621 2396 Christus
628 2362 669 2407 legis
677 2363 824 2407 complementum,
834 2365 872 2409 quia
878 2364 924 2399 Chri·

143 2422 218 2454 cerinthi
229 2428 246 2453 et
256 2422 322 2455 ioannis
332 2421 429 2467 discrepans
439 2421 522 2454 sententia
568 2427 603 2452 stus
616 2426 633 2452 et
645 2420 673 2452 lex
684 2431 751 2453 omnem
763 2420 835 2466 implent
845 2421 925 2456 iustitiam

166 2478 187 2511 de
200 2478 267 2512 Christo
279 2482 318 2512 424.
569 2479 610 2510 369.

144 2535 196 2568 Cbam
205 2535 317 2569 filiusNoemi
327 2536 437 2569 Palaestinam
448 2546 523 2580 occupa·
547 2534 621 2568 Christus
632 2534 722 2576 sacerdos,
739 2543 758 2568 et
772 2536 881 2582 sacrificium,
898 2536 925 2571 ri·

167 2592 202 2634 vit,
220 2593 265 2627 unde
279 2593 326 2638 regio
342 2593 425 2628 Chanaarn
443 2594 481 2626 704.
499 2611 522 2618 —
568 2592 629 2634 etima,
650 2592 714 2634 altare,
735 2592 787 2635 deus,
806 2594 869 2639 homo,
888 2605 925 2633 rer,

166 2651 201 2684 eius
213 2651 243 2685 filii
254 2651 294 2686 ibid.
569 2650 657 2696 pontifex,
671 2652 718 2692 ovis,
730 2663 782 2697 agnus
793 2654 832 2687 472.

144 2710 219 2744 Christus
235 2722 266 2744 nos
281 2711 363 2751 redemit,
381 2710 411 2745 sed
428 2722 462 2745 non
476 2711 522 2753 cruit,
547 2709 607 2743 Christi
617 2709 716 2744 sacrificium
728 2710 783 2745 omnia
794 2711 866 2746 extinxit
875 2710 926 2746 sacri·

167 2776 184 2802 et
195 2768 295 2815 redemptor
306 2777 332 2803 est
343 2777 401 2804 noster
413 2781 447 2803 non
456 2776 523 2814 emptor
569 2767 606 2802 ficia
618 2770 657 2802 360.

166 2829 206 2861 ³09.
217 2847 240 2853 -·
257 2827 344 2874 quomodo
355 2828 411 2863 ruirror
423 2829 484 2861 Ioanne
495 2827 523 2861 di·
548 2827 609 2861 Christi
620 2826 688 2860 uomina
697 2826 733 2860 sive
741 2826 827 2871 attributa,
840 2840 884 2874 quae
892 2828 925 2863 illis

167 2892 214 2919 cetur
226 2888 265 2920 314.
569 2888 649 2930 aptriutur
661 2887 699 2919 758.

144 2942 229 2976 Christum
242 2954 301 2977 verum
315 2942 367 2976 fuisse
380 2942 467 2977 hominem
480 2953 523 2987 pro·
547 2942 623 2976 Christus
634 2949 696 2986 sponte
707 2953 737 2976 sua
748 2953 806 2986 passus
815 2950 841 2977 est
851 2947 879 2978 74.

166 2999 216 3033 batur
232 3010 254 3033 err
270 2999 380 3044 MagdaIenes
396 2999 491 3034 ministerio
506 3000 522 3034 in
548 2998 622 3032 Christus
634 2999 707 3043 Iosepho
719 3006 790 3045 apparet
802 3001 857 3046 primo
869 3004 908 3041 132·
986 3039 988 3044 ,

167 3057 248 3102 ungendis
268 3057 339 3102 pedibus
357 3057 421 3091 domiui
440 3059 479 3091 325.
501 3076 522 3083 -
549 3056 610 3091 Christi
619 3055 655 3091 vita
667 3056 726 3091 ordine
740 3057 805 3103 digesta
820 3065 838 3092 et
850 3058 927 3105 exposita

164 3121 203 3150 tum
213 3125 235 3150 ex
244 3113 281 3151 aliis
293 3114 336 3149 locis
351 3122 411 3150 contra
419 3114 524 3150 Marcionem
569 3116 610 3149 439.
987 3111 989 3122 '
