1988 3392
208 228 301 262 canaan
312 229 354 261 me.
364 229 394 261 nr.
405 228 461 262 rom.
469 230 490 261 rr.
502 228 581 262 oxeos.
592 227 636 260 rto,
650 226 746 261 carmon.
827 217 869 259 503

140 298 244 363 Diogenes
257 306 358 365 Cynicus,
374 305 493 364 Sinopensis
505 322 516 349 e
528 306 608 360 Ponto,
624 305 741 348 Antistheni
754 305 870 361 diligentem

84 391 163 434 operam
174 376 235 416 dedit.
266 375 344 417 Renum
357 375 441 430 sapienti
452 376 532 416 cuilibet
541 390 587 417 esse
599 374 712 426 tolerabile,
729 382 795 415 cetera
806 389 870 430 nuga·

84 447 113 487 eia
129 451 149 485 et
164 443 231 485 inania
246 442 390 498 pronuntiavit.

140 509 213 554 Crates
233 510 310 553 Thebis
334 511 353 551 iu
369 508 454 552 Boeotia
470 510 578 562 oriundus,
601 518 658 553 secta
673 507 776 568 Cynicus,
800 525 869 554 rerum

84 581 170 623 onmium
185 580 275 636 inopiam
287 594 356 621 veram
373 593 418 621 esse
434 579 545 620 libertatem
561 580 672 622 affirmavit.

140 648 258 693 Arcesilaus
269 649 333 692 solum
346 649 403 691 deum
418 649 524 693 veritatem
542 649 633 705 assequi,
656 649 758 693 hominum
771 662 821 692 vero
834 664 869 693 ue-

83 720 155 764 minem
171 719 267 762 decrevit.

140 787 257 833 Carneades
275 789 381 832 Arcesilae
396 788 416 831 in
433 788 524 831 omnibus
539 802 635 831 assensus
650 795 689 831 est.

140 859 273 911 Aristoteles,
289 858 408 901 Nicomachi
424 858 488 910 lilius,
505 866 527 900 ut
541 857 641 900 nonnullis
653 857 730 913 placet,
745 857 832 900 Macedo
845 874 868 901 ac

84 917 170 984 Stagiris
183 927 290 979 orirrudus,
307 942 424 982 quamquam
437 927 469 967 alii
480 926 580 967 Thracem
592 925 654 966 fuisse
666 927 747 979 malint,
764 929 802 969 duo
813 928 869 983 priu-

83 996 133 1051 cipia
149 994 264 1047 constituit,
286 996 343 1036 deum
356 1009 379 1035 ae
392 995 503 1035 materiam.
535 992 592 1047 Quae
608 1007 668 1048 supra
681 994 746 1035 lunam
759 1002 817 1047 sunt,
839 996 868 1037 di-

83 1063 128 1105 vina
138 1062 262 1118 providentia
274 1062 393 1118 gubernari,
410 1062 506 1102 interiora
518 1061 571 1102 nulla
582 1061 624 1116 regi
636 1061 775 1116 providentia,
791 1063 826 1104 sed
838 1072 868 1106 te-

83 1144 136 1172 mere
149 1144 172 1172 ae
183 1130 226 1171 sine
240 1131 317 1172 ratione
330 1130 372 1171 lieri
389 1130 472 1185 putavit.
504 1127 555 1170 ltem
566 1129 616 1170 duos
629 1142 674 1169 esse
690 1130 786 1182 mundos,
809 1145 868 1188 supe-

82 1198 156 1249 riorem
168 1206 188 1240 et
198 1198 297 1251 infimum;
314 1198 368 1240 illum
380 1198 516 1254 incorruptum
529 1211 586 1248 esse,
603 1197 703 1253 eorrumpi
714 1212 765 1240 vero
775 1198 867 1241 alterum.

81 1265 187 1308 Postremo
204 1266 288 1310 eitimam
307 1265 426 1319 ἐνδελέχειαν
440 1281 499 1318 esse,
522 1265 560 1307 hoo
575 1272 605 1307 est
622 1265 738 1308 continuam
758 1267 868 1310 motionem

82 1351 104 1378 ac
120 1350 235 1395 perennem.

138 1405 290 1464 Theophrastus
306 1405 390 1449 Eresius
405 1400 535 1449 Aristotelem
552 1405 633 1448 omnino
648 1413 729 1448 secutus
745 1413 783 1449 est.

140 1474 208 1519 Strato
223 1475 373 1534 Lampsacenus
392 1490 482 1518 caussam
499 1476 585 1517 omnium
602 1489 669 1516 rerum
691 1475 766 1518 calidae
783 1483 867 1520 naturae

83 1545 189 1598 tribuebat,
200 1546 288 1589 inlicitas
297 1560 342 1588 csse
351 1546 418 1588 muudi
429 1552 508 1602 partes3
525 1558 590 1601 neque
600 1544 672 1586 animal
682 1559 728 1587 esse
737 1560 800 1601 capax
809 1560 868 1589 omne

82 1616 167 1657 dicebat.

139 1681 279 1737 Praxiphancs
294 1680 385 1722 Rhodius
401 1682 470 1722 eadem
486 1695 509 1722 ac
524 1679 676 1737 Theophrastus
691 1681 804 1722 asserebat.

139 1748 241 1791 Critolaus
256 1747 358 1790 Phaselita
373 1749 504 1791 Aristotelem
520 1756 601 1789 secutus
616 1755 655 1789 est.

140 1817 197 1859 Zeno
210 1814 306 1858 Citiensis
319 1814 400 1858 Stoicus
411 1816 482 1871 templa
493 1816 530 1857 diis
544 1816 622 1857 exstrui
635 1816 722 1857 uolebat.
749 1814 828 1872 Quippe
839 1817 868 1858 di-

82 1885 148 1928 vinum
167 1899 240 1927 numen
256 1885 300 1926 sola
314 1891 381 1925 mente
397 1884 549 1936 continendum,
571 1884 615 1925 sive
630 1884 695 1939 potius
709 1883 818 1925 habendam
830 1900 867 1941 pro

82 1953 119 1996 deo
132 1960 217 1996 utentem
230 1952 305 2010 ipsamq
327 1959 395 2009 utpote
408 1953 493 2009 quaesit
505 1951 631 1994 immortalis.
661 1950 755 1994 Mortuos
772 1952 820 1994 ieris
832 1953 867 1995 ob-

81 2022 191 2078 iiciendos,
214 2031 248 2066 aut
265 2023 306 2080 igni
324 2023 489 2066 concremandos.
520 2019 597 2065 Pueros
610 2022 631 2064 in
644 2022 745 2065 amoribus
755 2037 778 2065 ac
789 2021 867 2066 deliciis

83 2093 156 2136 hahere
169 2094 303 2151 permittebat.
334 2092 387 2135 ldem
404 2092 503 2135 moderari
520 2106 543 2134 ac
554 2106 626 2148 regere
638 2093 705 2135 omnia
717 2094 774 2135 deum
787 2107 867 2136 assere-

81 2162 123 2205 bat.
161 2162 237 2205 Rerum
255 2177 337 2206 caussas
355 2162 425 2219 partim
444 2162 464 2204 in
485 2168 553 2203 nostra
568 2169 666 2218 potestate
682 2163 770 2219 positas,
793 2163 866 2219 partim

83 2240 139 2275 extra
152 2247 188 2274 nos
199 2232 260 2285 sitas,
277 2233 314 2273 hoc
331 2239 361 2273 est
373 2245 439 2273 rerum
451 2231 500 2273 alias
511 2230 561 2273 iuris
572 2245 618 2273 esse
632 2232 706 2281 nostri,
730 2232 778 2273 alias
790 2245 866 2288 nequa-

82 2315 139 2355 quam
155 2315 201 2343 esse
218 2301 331 2343 definiebat.
363 2300 394 2341 Ad
411 2300 460 2341 haec
472 2300 557 2341 animam
571 2314 677 2355 acorpore
694 2300 785 2356 seiungi,
806 2315 866 2356 quam

83 2377 102 2410 et
113 2370 224 2412 diuturnum
236 2370 327 2425 spiritum
339 2369 461 2424 appellabat,
477 2369 512 2410 sed
523 2383 563 2410 uon
574 2383 655 2425 prorsus
665 2369 800 2425 incorruptam
810 2384 865 2424 esse,

82 2437 171 2492 adeoque
192 2438 285 2493 paulatim
306 2437 401 2492 temporis
422 2436 565 2492 longinquitate
586 2436 689 2489 consumi,
712 2444 733 2478 et
747 2437 767 2477 iu
783 2437 865 2479 nihilum

82 2505 153 2560 redigi.

140 2570 248 2614 Cleanthes
263 2585 360 2613 summum
372 2571 457 2623 bonum,
480 2578 501 2612 et
510 2571 616 2613 honestum
627 2572 739 2628 voluptates
756 2585 801 2613 esse
813 2573 867 2615 dice-

82 2637 123 2681 bat.
146 2639 252 2681 Hominem
264 2640 327 2681 solam
338 2639 448 2696 appellabat
458 2640 550 2681 animam.
577 2638 633 2681 Deos
644 2641 739 2697 mysticas
751 2655 796 2682 esse
807 2656 867 2697 quas-

83 2707 127 2749 dam
139 2709 225 2765 figuras,
247 2722 344 2764 sacraque
361 2709 449 2750 nomina.
481 2706 550 2765 ltaque
563 2708 626 2749 solem
643 2708 764 2763 daduchum,
785 2710 866 2752 hocest

107 2798 132 2836 tt.
145 2800 215 2847 κητιεὺς
226 2802 272 2836 codd.
284 2811 322 2835 mss.
334 2805 348 2835 et
359 2802 384 2835 ed.
395 2804 447 2845 princ
486 2812 538 2847 pore,
550 2807 567 2835 ct
576 2801 648 2835 vocabat
658 2806 692 2837 cett.
714 2805 787 2837 Fortasse
797 2805 866 2838 scriben-

108 2849 132 2882 15.
145 2851 211 2893 διηκεῖν
223 2849 257 2882 cod.
270 2850 336 2891 Rhedtq.
485 2844 595 2893 caelatae
604 2847 624 2885 δὲ
632 2846 675 2885 εἶναι
684 2848 714 2885 καὶ
725 2848 768 2895 μετὰ
778 2848 865 2896 χωρισμὸν

107 2892 133 2927 16.
145 2907 185 2939 „pp
195 2892 330 2940 perupmptcpdu.
347 2896 410 2928 Deesse
419 2907 462 2930 non·
485 2897 515 2931 τοῦ
528 2892 618 2939 σώματος,
629 2895 660 2930 καὶ
671 2898 707 2935 κτλ.

83 2938 125 2972 nihil
138 2947 205 2985 puto‘,
222 2943 305 2975 denotavit
319 2943 336 2974 tn
349 2944 422 2982 mcrqine
432 2944 463 2976 Pe·
510 2942 536 2977 17.
552 2943 575 2974 lle
589 2943 614 2974 his
628 2943 665 2975 cide
680 2945 786 2984 disputantem
798 2943 865 2977 Lobeclr.

83 2987 141 3019 tactas.
171 2989 197 3029 ιγ.
212 2989 260 3021 eatam
277 2988 374 3021 Animodov.
392 2990 463 3020 eiusad
487 2990 504 3021 V.
524 2989 546 3020 ct.
563 2988 586 3020 od
600 2989 678 3029 Aqtooplt
692 2999 709 3029 p.
725 2987 748 3022 62
759 2998 792 3030 sqq.
798 3011 804 3029 ,
818 2993 833 3021 et
844 2991 866 3023 de

83 3030 98 3061 h.
110 3033 121 3063 t.
144 3034 231 3066 cernamus
246 3035 356 3074 interpretatus
372 3038 398 3064 est
411 3036 463 3066 Asse·
487 3030 565 3080 σχήμασι
575 3037 664 3076 μυστικοῖς
673 3035 711 3067 thid.
721 3043 760 3076 paq.
770 3033 803 3068 130
811 3044 845 3078 sqq.

83 3074 131 3111 rebat
142 3077 183 3111 item
193 3078 259 3114 animae
268 3078 392 3125 separationem
403 3090 413 3111 a
426 3090 463 3112 cor·
