1988 3392
268 216 362 252 rauauu
373 217 452 250 niatu.
465 216 520 252 rou.
528 217 542 250 r.
554 214 710 250 naeuuxxvr.
843 206 886 247 295

100 311 197 342 summam
210 296 327 339 adoratione
337 297 370 339 illa
382 303 414 338 tna
428 296 597 352 perturbationem
609 295 696 346 inducis,
713 309 757 337 cnm
770 293 886 336 dissimilem

64 414 66 418 ,
100 367 169 408 eodem
186 379 230 407 cnm
246 379 271 407 eo
286 367 342 409 ouius
362 373 393 407 εει
408 365 508 407 dissimilis
525 365 600 407 bonore
617 364 686 407 afficis.
718 361 817 417 Quodsi,
835 376 886 418 quae

100 434 127 477 tui
139 433 237 488 dogmatis
248 434 330 490 perfidia
343 441 385 485 est,
408 433 468 476 [ilium
480 433 563 475 adorare
576 442 595 476 te
609 447 683 488 neges,
705 432 772 473 statim
784 439 803 472 te
814 445 885 473 omnes

99 503 232 557 redarguent,
254 510 276 545 nt
288 503 320 558 qni
331 516 453 558 nequaquam
466 502 520 548 illum
533 516 631 558 agnoscas
645 515 703 558 quem
717 500 802 542 adorare
815 513 885 541 omues

100 578 120 613 et
130 570 232 626 aequalem
244 570 335 613 confiteri
344 572 424 614 debent.
454 572 572 612 Adorabunt
582 574 631 611 earm
640 585 681 611 eam
694 584 758 611 omues
770 570 838 621 angeli
845 571 882 609 der'.
893 577 981 642 apparitphtffl.

99 638 190 681 Erindem
209 637 288 691 Maria,
312 655 355 682 cum
378 640 398 682 in
420 654 480 682 carue
501 639 659 695 splendidissime
680 637 840 689 resurrexisset,
862 651 886 679 ae
949 631 953 639 '
977 634 981 642 ’

99 714 199 764 postremo
216 708 305 765 discipuli
321 723 390 750 omnes
403 710 518 751 adorarunt.
549 706 602 749 Huic
615 708 667 749 enim
681 707 729 749 facti
743 706 834 748 areative
851 721 886 762 ap-

98 774 225 832 pellationem
236 775 316 818 minime
326 778 448 829 convenire,
465 784 532 833 utpote
544 791 555 818 a
566 784 622 832 patre
633 775 713 831 genito,
730 790 770 817 non
782 776 884 831 ignorant.

99 842 168 899 ltaque
180 844 301 886 existentem
312 845 336 886 ab
349 845 449 886 existente
459 851 539 895 natum,
561 858 599 885 nee
611 858 650 885 non
663 850 683 884 et
692 844 781 898 spiritum
794 850 884 886 sanetum

98 911 189 954 adorant.
214 910 295 955 Norunt
302 912 354 955 enini
365 912 419 955 illum
430 913 454 954 ab
463 913 587 954 conditarum
598 925 665 953 rerum
678 919 749 953 natura
759 912 882 969 discrepare.

99 977 178 1036 Quippe
191 994 230 1022 non
243 982 361 1032 taetnsest,
384 987 522 1033 autoreatus,
546 981 673 1036 sedapatre
691 980 778 1034 genitus.
810 979 885 1035 Quam-

43 1041 45 1044 Α
98 1048 167 1090 obrem
178 1063 222 1091 oum
234 1049 337 1105 plurimum
347 1049 480 1101 aestuaveriS,
491 1062 515 1090 ao
527 1048 609 1090 multnrn
621 1048 716 1104 temporis
726 1050 883 1105 consumpseris,

97 1117 158 1168 Aeci,
180 1131 203 1158 ac
218 1113 342 1173 peregrinas
350 1124 370 1159 et
382 1117 481 1160 inauditas
494 1130 555 1158 voces
568 1116 685 1169 invexeris,
707 1116 761 1157 illum
775 1123 840 1159 tamen
852 1118 885 1159 vel

97 1185 173 1227 invitus
189 1185 289 1229 adorabis.
326 1190 405 1241 Oportet
421 1181 475 1228 earm
486 1200 550 1226 omnes
566 1200 630 1226 eoram
648 1187 702 1225 a'lla'ras
718 1187 814 1226 oabaaab'
827 1190 989 1234 sublimantia.

97 1268 121 1295 ae
131 1262 170 1295 tam
178 1257 239 1295 omnio
249 1257 316 1308 lrirgaa
327 1257 457 1309 confitebitur,
481 1257 569 1309 quantiam
581 1257 669 1295 domabas
677 1258 733 1295 Iesus
745 1257 835 1295 caritas
844 1270 883 1296 aaa
891 1265 933 1296 Phil.
937 1267 951 1304 a,
958 1269 980 1297 rr.

97 1324 172 1363 alienus
184 1331 236 1364 esta
248 1326 295 1372 deo,
311 1327 347 1364 sed
356 1327 376 1365 a'a
386 1327 452 1377 glorta
462 1326 495 1364 dei
501 1326 576 1376 patrat,
598 1323 762 1377 quemadmodum
778 1329 818 1364 lam
834 1324 885 1365 scri-

97 1397 155 1447 ptura
170 1405 227 1447 quarn
243 1392 340 1434 eatbolica
355 1392 404 1433 tides
420 1391 486 1433 babet.

156 1459 211 1501 terii
223 1457 289 1515 Caput
299 1458 382 1502 XXVI.
415 1457 437 1502 Si
452 1460 562 1515 ingenitum
574 1459 626 1501 nuda
641 1458 661 1501 in
674 1460 711 1500 deo
723 1466 755 1501 est
770 1459 883 1516 appellatio,

97 1527 147 1570 adeo
157 1534 247 1584 utsupra
257 1536 369 1571 creatarum
380 1542 447 1570 rerum
457 1529 543 1570 omniurn
553 1528 686 1570 conditionem
697 1527 740 1569 sola
749 1527 885 1584 pronuntiatio

98 1596 185 1638 divinam
203 1596 334 1640 substantiam
351 1597 447 1651 extollat,
469 1610 594 1653 consequens
608 1603 639 1638 est
654 1596 755 1638 bominum
769 1598 886 1653 pronuntia-

99 1665 172 1707 tionem
185 1666 325 1723 omnipoteutis
339 1665 370 1708 dei
383 1666 494 1709 substantia
507 1665 673 1723 praestantiorem
686 1665 760 1717 videri,
778 1679 828 1722 quae
842 1665 886 1722 qui-

98 1735 142 1776 dem
158 1734 219 1791 ipsam
235 1735 395 1791 incomparabilis
410 1735 531 1777 excellentia
546 1734 648 1790 dignitatis
664 1741 758 1777 exornet.

156 1801 238 1846 Conlut.
250 1802 333 1845 XXVI.
364 1802 436 1860 Neque
453 1804 526 1845 nudum
540 1804 560 1845 in
578 1803 615 1844 deo
629 1818 701 1845 nomen
720 1810 751 1845 est
765 1803 884 1859 ingenitum,

98 1885 162 1928 neque
173 1886 218 1914 cum
229 1871 302 1915 creatis
312 1873 371 1915 rebus
383 1881 466 1915 naturae
477 1871 636 1915 communionem
646 1872 713 1915 babet.
740 1871 809 1928 Quare
820 1887 885 1929 neque

98 1947 203 1984 creaturae
219 1942 290 1983 undam
304 1942 455 1998 appellationem
467 1942 586 1997 significant.
618 1940 659 1983 lam
672 1956 778 1984 varocum
790 1941 886 1983 interin-

97 2010 185 2065 genitum
202 2012 226 2051 aa
239 2017 326 2053 creatum
339 2011 423 2051 medium
440 2010 518 2066 aliquod
535 2009 651 2051 vocabulum
662 2017 782 2065 quaeratur,
806 2010 844 2052 boc
854 2019 885 2053 est

98 2077 157 2130 blius,
174 2078 293 2135 minimeque
304 2086 392 2130 oreatus,
409 2079 487 2120 cuinam
497 2077 593 2119 eximium
602 2077 649 2119 illud
659 2078 784 2134 potissimum
796 2079 886 2121 tribuen-

98 2147 143 2188 dum
157 2147 202 2189 est?
231 2145 262 2189 Aa
279 2146 296 2188 si
308 2148 385 2202 quidem
402 2147 500 2189 creaturis
514 2161 618 2188 commune
634 2160 677 2188 aum
695 2147 736 2188 {ilia
747 2147 795 2189 illud
809 2149 885 2191 adscri-

97 2216 179 2267 bamus,
202 2230 246 2257 cnm
258 2223 350 2257 nentrum
361 2216 478 2258 vocabulum
497 2216 539 2257 sola
550 2229 573 2257 aa
588 2216 639 2257 unda
652 2215 783 2272 appellatione
795 2223 882 2270 constet,

99 2291 119 2325 et
130 2285 294 2340 quemadmodum
305 2285 417 2340 ingenitus,
434 2292 454 2326 et
464 2292 555 2336 creator,
572 2291 592 2325 et
602 2291 707 2325 creaturae
718 2299 757 2326 non
769 2300 831 2328 voces
842 2300 885 2328 me-

98 2367 133 2395 rae
146 2360 203 2405 sunt,
219 2352 246 2394 ita
258 2354 348 2407 genitus,
365 2361 384 2395 et
398 2353 449 2395 lilius
461 2352 534 2408 aliquid
545 2359 626 2409 praeter
637 2367 708 2394 namen
721 2353 805 2407 babeat,
826 2355 885 2396 nimi·

98 2436 141 2464 rum
153 2422 204 2477 quod
218 2435 253 2476 per
264 2436 360 2463 summanr
373 2422 490 2463 calumniam
502 2420 640 2463 ratiocinando
653 2422 728 2477 colligit
739 2423 824 2475 Aetius,
847 2424 885 2465 rni-

97 2490 171 2532 ribcam
190 2489 358 2545 perturbationem
375 2498 396 2532 ει
414 2490 551 2532 confusionem
570 2489 644 2545 pariet,
666 2491 824 2547 qnandoquidem
839 2507 884 2535 cum

98 2558 132 2601 filii
143 2558 222 2601 nomine
234 2565 351 2612 creaturae,
368 2573 419 2615 quae
430 2573 452 2600 re
465 2573 526 2609 vcra,
543 2573 582 2600 non
595 2559 726 2614 appellatione
738 2566 808 2612 tenus,
830 2561 885 2604 eins·

98 2627 151 2669 modi
162 2641 208 2669 esse
221 2627 324 2679 dicuutur,
340 2628 446 2683 adaequari
460 2627 541 2669 minime
551 2634 642 2684 possunt.
673 2627 726 2670 Nam
737 2636 757 2670 et
768 2629 820 2671 iilius
831 2630 883 2687 ipse,

99 2711 142 2738 curn
161 2695 214 2738 lilius
232 2695 316 2747 dieitur,
338 2710 377 2737 non
394 2710 469 2738 meram
484 2696 504 2737 id
522 2710 545 2738 ac
558 2696 620 2737 solaro
636 2697 788 2753 appellationem
799 2713 848 2755 prae
861 2713 884 2742 se

98 2766 152 2806 ferre
165 2766 271 2821 putandum
287 2771 326 2806 est.
357 2762 458 2819 Quocirca
469 2780 513 2807 eum
525 2765 595 2807 unicus
607 2764 638 2806 dei
650 2765 715 2816 lilino,
739 2773 759 2808 ut
771 2774 791 2808 et
803 2767 884 2824 spiritus

98 2840 192 2885 sanctus,
208 2847 273 2889 neque
283 2846 354 2888 reapse
365 2847 404 2874 uon
414 2833 497 2886 existat,
513 2846 578 2889 neque
590 2833 640 2875 rruda
653 2833 785 2891 appellatione
798 2835 882 2888 dicatur,

99 2894 143 2943 cum
159 2902 221 2959 patris
236 2902 299 2958 gloria
315 2901 432 2944 coniunctus
444 2909 487 2955 est,
510 2915 574 2958 neque
587 2916 631 2943 cum
643 2911 755 2945 creatarum
770 2918 837 2946 reruni
849 2919 883 2962 ap·

98 3017 141 3059 quod
151 3017 168 3049 ιιι
182 3018 281 3059 aequantibus
290 3018 371 3059 respondit
381 3020 480 3058 comparatio
526 3019 542 3052 5.
553 3018 583 3052 τοῦ
595 3016 632 3052 υἱοῦ
644 3019 679 3051 aod.
690 3020 757 3059 uuaatp.

99 3060 124 3106 μὴ
137 3062 191 3106 ψιλῆς
202 3062 316 3109 ἐνδεχομένης
327 3059 425 3106 ὀνομασίας.
526 3064 542 3098 6.
556 3062 676 3109 macraeque
687 3065 721 3098 cod.
734 3065 800 3108 ltlradr'p.
