1988 3392
248 244 341 279 rinnau
351 245 395 279 ere.
404 246 434 280 ru.
447 246 502 281 rom.
511 246 532 279 u.
543 244 613 280 naen.
620 244 710 279 nxxvu.
828 235 871 278 337

86 325 198 378 attulerint,
221 325 259 369 nisi
273 333 296 369 ut
312 326 406 369 tumultus
417 342 440 370 ac
453 327 564 371 simultates
576 333 596 369 et
607 327 687 369 dolores
699 328 752 368 inter
765 340 802 368 nos
815 324 871 368 exci-

86 397 159 449 tarint,
180 403 299 453 mutuaeque
318 396 437 439 concordiae
456 397 585 454 caritatisque
601 396 721 439 suavitatem
737 396 870 439 extorserint.

86 465 165 523 Quippe
183 465 294 509 divinarum
309 465 451 522 scripturarum
468 468 626 509 consentientem
643 481 667 508 ae
683 471 759 507 rectum
771 466 870 518 ordinem,

86 543 106 578 et
117 535 243 577 innocentiae
254 535 413 591 protessiouem,
434 549 458 577 ac
469 535 617 592 propheticam,
640 534 779 591 evangelicam
792 542 811 576 et
824 549 872 592 apo-

86 604 175 648 stolicam
187 604 244 646 lidem
255 604 381 660 negligentes
393 604 512 661 sophisticas
531 604 588 647 uobis
608 605 697 662 argutias
709 618 733 646 ae
746 604 823 646 fabulas
837 604 873 646 ob-

85 679 201 725 truserunt,
220 672 292 729 quibus
305 673 393 716 inlicitas
409 672 467 715 uobis
486 673 610 716 calamitates
629 675 750 725 attuleruut,
775 679 834 728 atque
851 672 873 713 in

86 741 157 798 seipsis
169 741 254 797 apostoli
264 742 336 784 dietum
348 742 395 784 illud
405 742 548 800 impleverunt:
564 744 661 796 Defieaeret
670 746 746 797 quadam
757 758 769 783 u
779 756 828 782 suae
839 744 872 782 do·
881 751 976 789 animas.

86 814 160 860 ctrina,
177 813 295 852 attendentes
307 812 381 865 fabalis
396 820 416 852 et
429 814 518 853 inanibus
533 815 598 866 arigis.

144 878 245 935 Egregius
257 880 291 921 ille
305 893 328 920 ac
342 880 463 921 venerabilis
476 894 553 931 senex,
576 894 634 935 quern
652 894 689 921 nos
707 887 727 921 et
744 880 816 921 beatae
830 892 873 920 me·
886 882 926 926 Gap.
938 882 958 913 ll·

87 948 163 991 moriae
175 962 225 1004 papa
235 947 371 1000 Athanasius,
386 948 488 990 imovero
500 949 593 990 catholici
605 962 674 990 omnes
686 949 745 990 unice
757 948 872 999 dileximus,

88 1016 224 1072 Apollinarius
236 1014 363 1059 Laodicenus
375 1016 542 1072 huiusdogmatis
552 1023 622 1058 auctor
631 1032 655 1059 ac
666 1024 786 1073 propagator
796 1016 871 1058 extitit.

88 1085 120 1127 Ac
132 1084 229 1141 principio
240 1085 318 1140 quidem
333 1099 377 1126 cum
389 1085 408 1126 id
420 1084 478 1126 nobis
489 1084 580 1127 nonnulli
592 1099 618 1127 ex
633 1085 675 1126 eius
691 1084 792 1141 discipulis
806 1098 875 1125 narra·

88 1160 144 1206 rent,
166 1153 279 1194 fidemnon
296 1153 427 1205 habebamus,
454 1167 519 1210 neque
535 1153 643 1195 verisimile
661 1153 777 1209 putabamus
792 1167 803 1193 a
820 1159 875 1194 tanto

87 1221 132 1264 viro
143 1235 233 1263 errorem
244 1221 342 1263 eiusmodi
353 1223 472 1278 proiectum.
504 1220 573 1278 ltaque
589 1222 683 1264 nonnulla
696 1221 760 1263 adbuc
770 1224 875 1265 meliorum

88 1303 123 1346 spe
138 1289 238 1346 patienter
254 1291 417 1346 expectavimus,
438 1290 502 1332 donec
518 1304 560 1331 rem
577 1304 655 1332 omnem
671 1299 764 1332 accurate
780 1291 876 1347 cognovi-

88 1371 140 1399 mus.
171 1356 216 1398 Hoc
228 1358 280 1398 eninr
293 1357 415 1408 dicebamus,
431 1358 538 1414 discipulos
549 1359 603 1399 illius
614 1359 648 1414 qui
659 1361 683 1399 ad
692 1373 730 1400 nos
740 1360 874 1410 ventitabant,

88 1439 132 1467 eum
146 1439 170 1467 ea
182 1425 262 1466 minime
278 1433 373 1480 caperent
388 1440 439 1480 quae
452 1425 476 1466 ab
488 1426 565 1467 erudito
581 1426 615 1467 illc
627 1441 650 1467 ac
663 1427 748 1482 sapienti
760 1428 805 1468 viro
817 1441 876 1482 prae-

88 1499 169 1549 ceptore
184 1507 221 1535 suo
233 1492 325 1535 abstrusa
337 1507 361 1534 ac
376 1493 480 1535 recondita
494 1494 645 1549 proferrentur,
667 1494 764 1536 eiusmodi
778 1496 875 1549 quaedam

89 1561 173 1604 linxisse
183 1561 221 1604 sibi
230 1575 281 1618 quae
290 1561 315 1604 ab
324 1561 358 1605 illo
368 1576 468 1619 nunquam
477 1562 594 1605 didicerant.
625 1561 748 1606 Praesertim
760 1577 804 1606 eum
814 1562 876 1605 multa

89 1630 142 1672 inter
163 1630 210 1672 illos
230 1631 264 1686 qui
286 1645 323 1672 nos
342 1631 423 1673 adibant
450 1632 564 1688 opinionum
582 1632 670 1674 varietas
692 1639 754 1674 esset.
796 1630 875 1689 Quippe

90 1698 181 1742 nonnulli
190 1713 215 1741 eo
225 1700 325 1756 progressi
338 1707 384 1743 sunt
395 1707 416 1742 ut
427 1697 529 1743 Christum
539 1716 612 1758 corpus
625 1716 636 1743 e
648 1701 704 1743 coelo
716 1701 811 1743 detulisse
822 1702 876 1743 diee-

90 1776 148 1822 rcnt,
169 1783 220 1825 quae
237 1769 322 1812 absurda
339 1770 484 1827 peregrinaque
502 1771 664 1813 comminiscendi
679 1771 760 1813 licentia
775 1770 877 1812 hominum

91 1839 154 1882 semel
163 1839 233 1882 animis
244 1839 334 1882 incidens
344 1841 368 1882 ad
379 1841 473 1895 graviora
485 1840 627 1897 acerbioraque
638 1841 744 1898 processit.
775 1840 816 1883 Alii
827 1853 877 1882 vero

92 1906 193 1952 Christum
205 1907 291 1951 animam
302 1909 434 1965 assumpsisse
445 1918 578 1965 negaverunt.
603 1909 689 1966 Quidam
698 1911 787 1953 eiusdem
799 1907 878 1952 Christi

92 1991 164 2034 corpus
180 1977 279 2019 divinitati
295 1978 464 2020 consubstantiale
481 1993 520 2020 nou
537 1979 651 2021 dubitarunt
664 1993 766 2021 asserere.
798 1976 876 2032 Quibus

92 2046 209 2103 opinionum·
216 2047 314 2103 portentis
324 2047 421 2089 orientem
432 2060 553 2102 magnopere
564 2048 718 2104 perturbarunt;
735 2054 816 2104 propter
827 2060 877 2103 quos

93 2114 174 2157 conflari
194 2115 292 2172 synodum
311 2129 395 2158 necesse
416 2114 465 2168 luit,
491 2115 618 2171 eiusdemque
636 2116 717 2157 decreto
739 2115 876 2157 condemnari.

93 2181 208 2239 Quinetiam
226 2184 361 2227 commentarii
378 2185 456 2240 quidem
473 2184 590 2242 praescripti
606 2192 664 2238 sunt,
687 2199 770 2241 quorum
786 2184 879 2240 exempla

93 2254 118 2296 ad
129 2252 155 2296 B.
166 2251 197 2296 M.
210 2267 279 2311 papam
292 2253 425 2296 Athanasium
436 2253 497 2296 missa
508 2260 567 2306 sunt3
589 2254 660 2310 quibus
674 2254 714 2296 illis
730 2253 878 2295 commentariis

94 2323 189 2365 adductus
202 2330 233 2365 est
245 2330 267 2364 ut
277 2323 374 2365 adversus
386 2323 499 2379 dogmatum
513 2323 593 2365 illorum
608 2330 721 2366 assertores
733 2323 822 2365 minaces
835 2322 880 2364 lite-

93 2405 128 2434 ras
137 2392 161 2434 ad
169 2391 304 2433 venerabilem
315 2391 429 2448 episcopum
435 2390 548 2448 Epictetum
559 2392 666 2444 scriberet,
676 2406 736 2447 aquo
746 2399 828 2447 rogatus
837 2393 880 2433 lue·

94 2468 127 2503 rat
138 2467 159 2503 ut
170 2460 295 2516 tempestatis
306 2460 360 2503 illius
370 2474 394 2502 ac
404 2460 497 2503 tumultus
505 2460 620 2502 auctoribus
632 2461 772 2517 responderet.
804 2458 880 2515 Quam-

95 2529 164 2571 obrem
180 2529 201 2571 in
216 2528 285 2571 eadem
299 2529 383 2585 epistola
395 2530 420 2571 de
434 2529 472 2571 fide
481 2520 593 2586 'perspicue
610 2536 742 2585 accurateque
757 2529 829 2570 beatus
846 2528 880 2570 ille

95 2597 202 2650 disseruit3
219 2603 239 2639 et
248 2596 293 2639 illos
304 2611 402 2639 uovorum
412 2598 525 2653 dogmatum
536 2604 680 2654 propagatores
690 2598 879 2655 perturbatoresque

96 2666 219 2722 proscripsit.
256 2663 319 2707 Cuius
342 2666 439 2722 epistolae
457 2666 557 2722 integrum
582 2666 695 2722 exemplum
713 2666 745 2707 hic
765 2666 880 2708 adscribere

95 2734 231 2777 necessarium
247 2747 292 2775 esse
307 2734 364 2775 duxi.
395 2733 434 2776 Est
449 2742 516 2776 autem
532 2734 637 2776 eiusmodi.

88 2849 90 2852 -
119 2824 136 2860 3.
152 2822 221 2870 γρᾶφας
233 2826 307 2858 mendosa
321 2826 406 2857 excretum
421 2828 444 2858 est
460 2826 478 2858 ia
490 2825 526 2858 edit.
538 2826 594 2858 Petcv.
606 2825 660 2857 Geton.

135 3144 196 3188 doram
202 3148 297 3179 Haereseol.
307 3148 329 3179 u.
337 3149 351 3178 a.
