1988 3392
235 261 330 296 Patalen
341 262 385 297 Llll.
395 264 425 298 lll.
434 263 491 298 ΤΟΜ,
500 264 513 298 l.
525 263 593 299 Raeti,
603 264 685 298 Lxxttt.
828 257 854 298 81

69 349 125 385 catur
136 356 187 399 quae
199 357 225 385 ex
239 343 293 384 bitxo
305 343 400 384 fabricata
414 351 456 394 est,
478 351 499 387 et
513 353 579 387 tamen
597 343 696 385 eommuui
709 345 792 400 quadam
808 346 857 386 aliu-

67 411 124 453 sione
142 411 198 454 vocis
214 410 259 464 ltinc
277 412 301 452 ad
319 411 393 466 reliqua
412 412 430 453 id
449 427 512 468 getius
532 427 581 455 vasa
601 414 734 463 transfertur,
759 427 811 468 quae
831 428 858 455 ex

67 479 158 535 plumbo,
180 493 240 529 aere,
262 479 327 519 aliave
346 480 427 519 materia
446 482 496 521 lacta
514 488 568 522 sunt.
601 479 703 534 Quocirca
719 495 758 521 non
776 481 858 535 perinde

68 546 87 586 in
101 547 132 586 dei
144 547 183 587 lilio
195 545 330 602 accipiendum
343 546 389 587 illud
402 553 445 597 est,
467 554 489 588 ut
500 563 543 589 curn
560 548 644 599 dicitur,
668 550 707 599 Qui
715 551 785 601 geniu't
794 550 859 588 stillas

66 618 129 664 rores,
153 615 204 671 quod
222 614 302 656 minime
313 615 336 656 ad
349 615 481 658 substantiam
493 614 555 674 ipsam
569 617 656 675 pertinet
669 617 751 675 (quippe
763 631 799 675 per
809 618 858 659 ahu-

67 699 110 729 sum
123 685 179 729 vocis
192 685 228 729 hoc
242 685 287 729 loeo
301 693 368 744 partus
380 701 404 730 ao
416 687 553 744 generationis
568 703 640 732 nornen
657 688 682 731 ad
699 688 791 731 ellectum
808 704 858 746 opus

67 759 210 811 traustertur),
233 770 296 813 neque
308 765 329 799 ut
340 758 360 800 iu
372 757 411 799 illis
424 758 503 811 verbis,
525 761 586 800 Filios
599 763 662 812 generi
669 768 690 801 et
698 762 786 801 exaltavi
800 760 856 816 (nain
867 770 911 799 nsua.
920 771 953 809 qa

67 833 88 868 et
100 826 136 867 line
148 827 167 868 in
179 828 223 868 loco
237 826 318 881 perinde
336 826 433 868 abusione
451 828 506 869 vocis
518 829 542 869 atl
555 828 715 870 benevolentiam
729 836 749 870 et
761 829 858 870 honorem

67 895 217 949 significandum
229 895 346 936 vocabulum
358 894 404 935 illud
416 895 542 948 adhibetur),
559 910 623 951 neque
635 904 655 937 ut
668 897 687 937 in
700 897 736 938 ltoc
749 899 802 948 loco,
819 901 857 938 De-
873 909 928 938 teau-u

67 965 97 1002 dit
106 966 134 1003 eis
142 971 255 1016 potestatem
264 965 322 1015 filt'os
336 966 369 1003 dei
377 964 429 1015 fieri
442 964 504 1017 (quod
519 964 596 1016 quidem
609 965 632 1005 ad
646 971 750 1006 creaturae
762 966 856 1006 virtutem
882 946 896 981 ¹³
906 944 927 972 η

68 1036 87 1069 et
99 1031 196 1084 quandam
209 1030 240 1071 dei
252 1030 380 1070 imitationem
393 1030 465 1070 rcl'erri
477 1030 592 1082 convenit):
610 1045 649 1071 nou
662 1032 746 1082 eodem,
767 1032 857 1085 inquam,

69 1098 126 1137 inodo
139 1097 163 1138 de
174 1097 233 1138 unico
248 1097 279 1137 dei
296 1096 337 1137 lilio
349 1096 503 1138 existimandum
517 1096 574 1138 nobis
586 1104 628 1150 est,
651 1099 686 1140 sed
703 1098 782 1155 proprie
797 1099 858 1139 tilium

68 1178 113 1206 esse
125 1165 207 1218 dietum,
221 1172 288 1222 utpote
300 1165 332 1223 qni
344 1165 399 1207 solus
412 1179 438 1208 ex
449 1165 492 1208 solo
505 1172 570 1223 patre,
587 1165 691 1224 eidemque
704 1174 775 1210 natura
787 1167 858 1211 similis

68 1235 94 1279 sit
109 1235 201 1294 genitus,
218 1236 275 1280 euius
291 1244 310 1280 et
326 1237 403 1280 dieatur
418 1244 438 1279 et
452 1236 576 1295 intelligatur
591 1252 637 1282 esse
654 1240 715 1283 lilius.

126 1351 167 1395 lam
179 1353 196 1395 si
209 1360 313 1410 propterea
324 1354 375 1408 quod
387 1367 412 1394 eo
423 1360 529 1408 penetrare
539 1353 623 1395 humana
635 1354 687 1395 ratio
699 1362 797 1410 nequeat,
815 1369 859 1397 eam
868 1359 910 1404 Cap.
924 1361 953 1394 Vt.

68 1421 88 1462 in
100 1434 146 1462 sese
157 1422 289 1473 coguitionem
301 1420 396 1462 iul'ormet
406 1420 503 1477 quispiam
517 1428 538 1462 ut
549 1422 671 1477 passionem,
688 1430 721 1464 ant
730 1422 857 1474 divisionem,

68 1495 103 1530 aut
121 1489 237 1543 prollurinm
255 1489 333 1543 aliquod
353 1489 404 1543 patri
419 1489 544 1529 tribuendum
561 1495 629 1543 putet,
652 1490 670 1531 si
686 1497 799 1545 contempta
814 1490 861 1531 lidei

68 1556 150 1609 regula,
172 1569 222 1611 quae
233 1556 265 1611 pie
278 1557 302 1596 de
315 1564 370 1611 patre
382 1570 405 1597 ac
420 1557 462 1596 lilio
473 1556 559 1609 cogitat,
580 1557 678 1597 rationem
691 1571 702 1597 a
714 1557 771 1597 nobis
783 1558 859 1611 exigat,

71 1623 159 1664 vicissim
175 1623 200 1664 alt
213 1637 238 1664 eo
251 1624 373 1679 reposcenda
391 1623 443 1665 ratio
456 1630 500 1674 est,
524 1624 623 1678 quomodo
635 1624 655 1665 iu
667 1639 726 1666 cruee
740 1625 823 1665 suffixus
834 1625 861 1665 sit

71 1692 132 1744 deus,
155 1698 195 1735 tum
212 1707 250 1749 quo
268 1699 325 1751 pacto
342 1692 454 1750 evangelici
471 1692 571 1750 praeconii
586 1693 681 1747 stultitia,
704 1708 755 1752 qnae
771 1695 825 1737 rudis
837 1710 861 1737 ac

73 1764 124 1806 rtttlla
144 1764 296 1806 ratiocinatione
310 1763 357 1807 nixa
374 1764 424 1821 apnd
442 1764 487 1806 illos
501 1771 596 1806 censetur
612 1765 678 1821 quiin
693 1765 730 1807 hoc
743 1766 816 1807 rutundo
830 1780 862 1807 sa-

23 1850 25 1854 ⁴
72 1833 149 1889 pientes
163 1847 209 1875 esse
220 1834 324 1884 videntur,
348 1834 458 1889 sapientior
473 1834 497 1875 sit
515 1832 634 1875 lioniiuilms.
667 1832 724 1888 Quos
736 1837 794 1876 etiam
809 1835 863 1876 nidlo

73 1903 92 1942 in
106 1903 150 1943 loco
163 1902 216 1943 ducit
228 1903 342 1958 apostolus,
364 1903 396 1956 qui
409 1902 482 1943 virtute
498 1916 522 1942 ae
534 1901 622 1957 potentia
633 1902 657 1943 ah
670 1903 723 1943 ornati
734 1902 864 1958 ¹syllogismo-

73 1982 116 2010 rum
130 1969 195 2011 alieua
213 1970 258 2010 luco
273 1969 421 2010 dialecticorum
439 1969 525 2009 omnium
539 1970 656 2023 sapientiam
671 1957 766 2010 stultitiae
782 1971 863 2011 danica-

73 2036 110 2078 vit.
141 2035 176 2078 Sic
188 2036 240 2077 euim
253 2037 350 2091 loquitur:
369 2040 417 2076 mizi
426 2040 536 2087 mysteriave
546 2038 579 2075 dei
586 2038 639 2076 cobis
649 2040 752 2085 uacatione,
770 2044 968 2077 noncum1·0⁰r.1‚tt.

72 2106 167 2157 sapientia
181 2107 286 2153 sermonis,
308 2112 379 2144 utnon
392 2111 494 2143 evacuetur
505 2117 555 2143 ertias
568 2105 647 2143 Christi.
681 2102 816 2157 Quamobrem
828 2106 862 2159 qui

74 2172 174 2216 sermonis
192 2172 289 2230 sapientia
307 2173 369 2215 fretus
387 2172 477 2231 mysterii
494 2171 547 2215 illius
564 2172 662 2215 rationem
678 2173 777 2231 postulat,
801 2175 861 2217 etad
885 2201 887 2204 .

73 2243 169 2287 stultitiae
181 2244 293 2287 convictam
305 2244 358 2287 illam
371 2244 489 2301 sapientiam
505 2243 616 2300 adscriptus
628 2252 671 2296 est,
694 2244 790 2302 mysterio
802 2244 861 2287 [idem

74 2314 166 2370 abroget.
198 2312 363 2369 Quandoquidem
374 2312 449 2356 Paulus
460 2314 560 2355 sermonis
572 2313 683 2369 sapientiae
693 2313 767 2355 diffisus
781 2321 823 2365 est,
841 2322 863 2355 ut

74 2396 99 2423 ne
112 2380 187 2424 Christi
199 2396 250 2423 crux
260 2396 323 2424 vacua
332 2383 457 2423 redderetur.
489 2380 547 2436 Quod
564 2382 580 2422 si
592 2381 664 2436 aliquid
675 2396 698 2423 ca
710 2383 734 2423 de
745 2396 768 2422 re
779 2396 863 2437 respon-

61 2449 118 2500 det,
136 2463 175 2490 non
187 2449 206 2489 id
219 2463 246 2490 ex
259 2449 297 2491 ista
308 2449 407 2490 sermonis
418 2448 515 2504 sapientia
527 2448 584 2500 lacit,
606 2449 640 2489 sed
653 2449 672 2490 vi
686 2449 769 2504 quadam
782 2449 863 2489 ratioci-

74 2518 161 2563 nationis
174 2524 259 2572 experte
272 2517 395 2558 dialecticam
409 2531 487 2557 omnem
501 2515 591 2571 peritiam
607 2515 722 2557 stoliditatis
739 2517 862 2557 convincens

74 2585 97 2626 ad
110 2598 179 2627 eorum
191 2584 223 2640 qui
236 2585 372 2639 evangelicum
385 2584 513 2642 praeconium
527 2583 632 2625 admittunt
643 2584 727 2625 salutem
742 2583 789 2625 uiltil
807 2598 864 2641 prae·

75 2662 106 2698 ter
118 2655 177 2697 tidem
189 2654 320 2698 adhibendum
337 2662 399 2713 putat.
429 2653 502 2712 Neque
517 2668 567 2697 vero
580 2654 692 2711 quaestioni
706 2655 732 2697 illi
745 2656 861 2712 respondet,

75 2740 158 2782 quonam
175 2732 233 2783 pacto
249 2726 309 2768 lilium
326 2732 382 2782 pater
394 2725 444 2768 citra
460 2726 572 2782 passionem
588 2724 674 2779 gigaat,
693 2739 718 2767 ue
735 2725 863 2781 proprietatis

75 2795 122 2847 atii,
143 2810 201 2850 quam
218 2793 337 2851 [inigenitus
353 2803 433 2850 epatre
451 2794 522 2847 trahit,
545 2794 661 2849 anysteriuni
678 2794 738 2834 inane
754 2795 860 2845 reddatur3

74 2877 144 2905 verum
162 2864 286 2919 prudentium
305 2862 404 2903 homiuum
420 2862 499 2903 stultam
515 2859 644 2917 sapientiam,
668 2862 703 2914 (de
716 2875 753 2916 qua
767 2861 862 2916 scriptum

98 2977 114 3009 5.
131 2987 158 3020 γρ.
174 2971 244 3010 ἀπιστεῖ
256 2975 288 3021 τῷ.
311 2976 392 3009 Petuoins.
410 2976 462 3008 Recte·
484 2974 567 3008 habeatur
576 2972 618 3005 fides
627 2973 675 3006 velut
684 2978 764 3016 suspecto
774 2972 819 3005 circa
826 2983 866 3016 mp-

76 3023 163 3055 Cornnritts
175 3024 221 3055 vertit
235 3020 268 3062 Qui
283 3019 335 3065 igitur
348 3020 365 3053 in
377 3019 460 3063 snpientia
483 3020 563 3058 sterium,
581 3018 649 3063 qnando
660 3019 711 3052 etiam
722 3018 752 3050 ille
764 3029 799 3051 non
811 3018 867 3051 conli-

75 3068 157 3102 sermonis
173 3067 224 3112 exigit
235 3067 344 3112 mysterium,
362 3077 399 3100 cum
410 3066 455 3100 inla-
481 3065 507 3100 dit
522 3065 539 3099 in
555 3064 638 3110 sapientia
654 3064 745 3107 sermonis,
765 3064 825 3099 Paulus
837 3063 866 3098 in-

75 3122 122 3150 tuata
137 3115 219 3161 sapientia
234 3121 300 3161 partem
314 3115 388 3159 habens,
408 3113 458 3149 eine
482 3126 531 3161 qnam
543 3116 576 3149 cett.

110 3184 172 3224 Corpus
181 3183 298 3214 ttaemmottt.
304 3184 318 3214 3.
715 3188 728 3229 6
