1988 3392
182 220 224 262 658
416 226 526 260 ινννννλ
536 227 567 262 ET
579 225 728 261 σοτιιισιιννινλ.

182 309 218 345 κτλ.
231 325 252 333 -
275 306 323 342 1.15.
335 304 439 353 προςβολοὶς,
451 305 486 342 εἴτε
496 308 559 353 βλασφ.
576 319 592 344 κ.
603 318 621 343 π.
632 307 683 344 αίτιον
694 305 832 353 ἁμαρτημάτων,
844 300 868 344 οἷν
879 304 899 344 οὖ
908 307 961 347 δάνο-

183 365 276 400 σλοιιλῑοα.
289 382 311 390 -
333 363 346 396 1.
356 362 381 411 16.
392 361 434 406 τήν,
451 370 491 396 ante
501 363 569 410 ψυχὴν,
589 375 622 398 om.
638 365 680 397 Ven.
703 363 751 398 Idem
761 363 772 398 1.
782 364 808 400 17.
820 363 870 405 ἐκτὸς
880 361 961 412 ἁμαρτή-

182 432 239 465 ματος.
252 439 274 446 -
297 420 343 454 1.20.
355 417 441 464 σώματος,
453 419 481 455 ἵνα
492 419 585 467 ἐπειδήπερ
597 422 640 455 Ven.
665 420 712 454 Idem
722 419 734 453 1.
742 419 769 455 21.
780 419 891 466 γίγνεται-
914 422 960 459 1.26.

181 477 276 524 ἐξελέγχεις
285 478 318 512 alia
326 488 384 510 manus
394 478 478 511 eVeueto
487 478 569 512 enotavit.
579 497 600 504 -
623 478 636 511 l.
642 476 659 512 6.
668 478 689 512 ab
699 477 731 511 inf.
743 474 754 513 ὁ
764 476 820 526 ἑαυτῷ
829 474 909 515 τάναντία
918 481 962 516 Ven.

181 534 232 576 Quod
242 542 277 569 stat
286 535 359 579 vulgata.
370 553 392 559 -
415 534 427 567 l.
434 536 450 569 5.
461 534 482 568 ab
493 535 525 569 inf.
537 536 584 569 corr.
596 531 645 571 Οὐδ’.
659 554 680 562 -
702 535 715 568 l.
722 532 738 569 4.
749 534 770 569 ab
780 534 812 569 inf.
825 534 905 581 μάλιστα,
917 535 961 582 ἔφην

180 593 260 627 Vem-
281 591 316 627 La.
327 591 348 624 ab
357 591 389 625 inf.
400 589 433 633 τοὶς
441 588 523 636 ἁρμονίας
532 591 624 629 ἐντείνοντα
633 593 677 628 ven.
700 593 726 626 lta
736 591 843 627 scribendum
854 604 890 627 esse
899 593 962 629 dudum
986 605 989 612 ·

180 649 274 695 suspicatus
283 655 310 683 est
321 649 422 691 Carnarius,
440 648 469 695 qui
478 650 531 684 vertit
541 649 582 696 „qui
594 649 689 684 harmonias
702 649 794 685 intendit“.
805 668 828 676 -
851 650 895 685 Ibid.
906 651 919 685 l.
928 662 960 697 pe-

180 707 223 741 nult.
235 703 274 753 Οὐχ
285 702 342 750 ὅπως,
354 705 372 742 τί
383 699 411 743 οιῖν
425 708 467 742 Ven.

226 764 281 811 ἧς.
289 765 341 801 266.
364 764 376 798 λ.
383 762 400 799 4.
412 762 535 809 ἐπιλαθόμενος
542 765 620 809 πρῶτον,
630 762 650 801 τά
662 764 727 810 πρῶτον
737 765 779 800 ven.
792 784 814 792 -
836 764 849 799 l.
856 764 873 800 6.
885 760 926 802 ἕλεν
936 765 960 813 μὴ

180 819 224 866 πρὸς
232 819 252 857 τὸ
265 819 290 867 μνί
303 823 344 857 Ven.
356 840 380 847 -
402 821 413 857 l.
422 823 448 869 λλ.
459 820 575 867 Suspicionem
586 834 640 856 meam
650 819 744 870 παραβάαῃ
754 820 810 856 firmat
819 823 862 859 ven.
875 822 904 869 qui
912 835 962 869 prae-

180 879 210 914 bet
219 878 321 926 παραβάσει.
345 879 472 913 Restituendum
484 886 510 912 est
521 879 572 924 igitur
586 878 685 927 παραβάσῃ.
709 880 752 913 Ibid.
765 880 830 926 corrige
841 881 962 926 κεκρατνμμί-

180 949 222 982 νης,
239 944 258 971 ut
268 944 294 971 est
304 935 355 971 etiam
365 936 383 970 in
392 938 470 971 Vem-
492 936 540 973 1.15.
558 933 766 983 μάταιοςῆπερίαῦτοῠ
780 935 806 983 μή
816 939 858 973 ven.
872 957 893 964 —
916 938 961 974 λλὸ.

179 994 320 1029 Emendatiouem
336 1007 390 1028 meam
407 990 497 1040 άνὸρωπας
510 992 542 1039 τήν
560 994 608 1032 θείαν
625 995 712 1029 confirmat
727 1007 772 1029 nunc
786 994 848 1029 Veneti
864 995 963 1032 aucton'tas.

180 1052 228 1086 Idem
237 1052 282 1087 liber
292 1053 304 1086 l.
313 1051 340 1087 19.
350 1051 495 1096 καλύψαντες·
518 1050 774 1099 1.ἳο.ἓαντιι”ννάχάμεναΒοο.
797 1051 862 1089 ἐοντῶν
872 1051 962 1100 μαχόμενα

180 1111 223 1146 Ven.
246 1110 294 1144 Idem
303 1111 314 1144 l.
321 1110 350 1145 21.
359 1109 429 1156 γένηται
437 1121 468 1155 pro
478 1109 573 1155 γεγένηται.
585 1129 607 1135 -
629 1110 675 1145 122.
687 1108 717 1145 καί
727 1106 776 1146 ου’δέν
786 1122 803 1146 τι
812 1109 873 1155 δέομαι
884 1108 962 1156 δεύτερον

179 1165 266 1204 α’κοῦσὲαι
275 1168 316 1211 (sic)
326 1168 369 1202 ven.
381 1187 403 1193 -
425 1166 473 1201 1.23.
484 1168 555 1212 Repone
564 1166 624 1203 §ww
633 1166 706 1212 ἐμαυτὸν
716 1163 748 1202 οάκ
758 1163 821 1212 σ’ρὲῶς.
845 1167 910 1201 Eodem
919 1168 961 1203 vitio

179 1225 247 1259 laborat
259 1225 286 1259 ed.
298 1226 356 1258 Petav.
368 1224 427 1258 Colon.
440 1243 462 1250 -
485 1222 566 1268 6266,
583 1230 623 1257 ante
639 1223 747 1271 παράβασις,
766 1236 799 1258 om.
811 1226 888 1259 Ven.-
913 1225 926 1259 l.
933 1226 961 1262 27.

179 1282 250 1329 χιτῶνες
265 1278 323 1322 αάτοῖς
338 1280 504 1323 κατασκευάζονται,
522 1280 553 1317 καὶ
566 1277 588 1318 δι’
599 1276 656 1317 αὐτῶν
667 1283 709 1316 ven.
721 1301 743 1307 -
766 1281 777 1315 l.
785 1281 801 1316 7.
811 1282 832 1315 ab
843 1281 874 1317 inf.
894 1278 961 1327 αὕτηὴ

179 1337 235 1385 ψυχή.
258 1337 299 1381 Διὸ,
318 1338 383 1372 omissis
394 1338 450 1373 verbis
464 1336 482 1374 ἐν
496 1337 562 1385 ἑαυτῇ,
579 1339 622 1372 Ven.
634 1358 656 1364 —
678 1338 690 1372 l.
701 1340 718 1373 5.
731 1338 753 1371 ab
762 1339 793 1372 inf.
810 1336 895 1375 δύνασθαι
908 1339 962 1386 χωρίς

180 1394 266 1441 σωματος.
289 1394 322 1431 Διοὶ
330 1395 380 1431 τοῦτο
388 1394 420 1440 τήν
430 1397 473 1431 ven.
483 1415 504 1422 -
527 1396 539 1430 1.
547 1394 564 1430 4.
573 1395 594 1429 ah
604 1395 636 1429 inf.
648 1395 706 1429 Scribe
716 1395 783 1442 γενηθῇ
793 1408 825 1441 pro
834 1396 915 1443 γεννηθῇ,
927 1409 961 1443 quo

178 1453 247 1487 invenio
261 1453 337 1488 inlibris
349 1453 431 1487 omnibus.
444 1471 466 1480 -
489 1453 501 1486 l.
509 1453 526 1488 3.
543 1449 600 1497 ὥςπερ
615 1451 646 1488 καί
658 1451 690 1498 πρὸ
702 1454 745 1486 Ven.
769 1452 816 1487 Idem
824 1453 866 1487 ibid.
876 1454 922 1487 delet
931 1454 961 1490 τοῦ

178 1517 218 1546 ante
231 1508 317 1556 σώματος.
777 1551 779 1555 ,

225 1569 345 1616 ramas.
367 1567 379 1600 1.
389 1568 403 1603 l.
415 1567 446 1608 δὲ,
463 1574 503 1612 post
514 1566 550 1609 Εἰ,
567 1579 601 1601 om.
611 1568 689 1601 Ven.-
713 1566 748 1602 1.3.
760 1564 839 1609 κάκεῖνος
849 1569 891 1602 Ven.
914 1569 961 1603 Idem

179 1623 215 1661 1.4.
227 1623 254 1662 Τὸ
266 1625 287 1661 δὲ
296 1625 387 1670 λέγειν-
410 1624 421 1658 l.
428 1626 444 1659 5.
456 1623 538 1669 δεσμίους
547 1621 596 1670 ἡμᾶς
604 1625 638 1669 γῆς
648 1623 682 1669 ἔφη
692 1626 765 1658 Vem-
786 1625 799 1659 l.
806 1625 822 1661 7.
835 1625 907 1672 διαλέγῃ
918 1628 960 1660 Ven.

179 1702 202 1711 -·-
214 1683 225 1717 ί.
233 1683 249 1718 9.
263 1694 295 1728 με,
306 1681 353 1728 quod
362 1682 430 1727 reposui
440 1693 472 1727 pro
483 1682 527 1727 vulg.
540 1680 577 1727 μή,
590 1681 646 1714 firmat
657 1694 702 1715 nunc
709 1683 753 1715 Ven.
764 1701 788 1708 -
810 1683 857 1717 1.10.
868 1679 961 1730 ἀποκάμῃς

179 1737 320 1785 ἀνερωτώμενος,
332 1739 384 1784 ‘quod
393 1738 501 1773 scribendum
511 1750 547 1772 esse
558 1738 603 1782 vidi,
620 1746 675 1772 ratum
685 1738 728 1773 fecit
742 1741 839 1774 nunc-Vm.
862 1740 909 1774 Idem
919 1740 959 1774 ibid.

178 1796 218 1841 περὶ
228 1796 288 1842 μικρὸν
298 1797 339 1841 (sic)
351 1794 394 1841 ἡμῖν
405 1795 447 1832 εἰσιν
460 1795 515 1831 οἱ.-
538 1796 586 1830 1-11.
603 1791 640 1831 ἀλλ’
652 1789 680 1832 οιῖν
691 1808 728 1832 τινα
739 1798 782 1830 Veu.
805 1797 851 1830 Idem
862 1796 904 1831 ibid.
914 1797 961 1831 delet

178 1851 234 1891 οὐδὲν.
246 1873 269 1881 -
290 1853 338 1888 1.12
356 1853 427 1898 Repoue
442 1852 521 1888 τοσοῦτον
536 1851 590 1889 κακόν
602 1864 623 1886 ex
633 1854 706 1888 Veneto.
728 1855 764 1887 Iam
775 1854 852 1888 Petavius
867 1854 961 1889 coniecerat

177 1913 248 1948 τοσοῦτο
257 1908 316 1947 κακόν.
326 1930 347 1936 -
371 1910 382 1944 λ.
391 1911 416 1944 ¹5.
430 1906 520 1955 άποσαφές
528 1911 571 1945 Ven.
595 1909 642 1943 Idem
652 1911 664 1945 l.
673 1910 700 1945 16.
710 1908 794 1956 άληίλείας
804 1923 857 1957 φρονη
868 1911 908 1955 (sic)
919 1911 960 1957 ἐμοῦ

178 1965 308 2015 (ἧᾱεεον).-
330 1967 341 2000 l.
352 1966 377 2002 ¹6.
393 1967 469 2010 Μείζονα
480 1965 513 2013 γάρ
528 1964 593 2013 οἶγαλὸν
603 1965 623 2004 τό
638 1966 705 2013 ἐλέγξαι
715 1967 778 2012 νομίζω
789 1969 832 2003 Ven.
855 1968 903 2003 Idem
914 1969 961 2005 1.17.

177 2024 197 2063 τά
216 2023 258 2061 affra
274 2022 368 2061 άπαλλ--
393 2024 441 2060 1-18.
457 2021 497 2069 παρ’
513 2021 574 2065 ἄλλους
586 2023 715 2071 παραβαλόντες
728 2025 805 2059 Ven.-
827 2025 874 2060 122.
890 2025 921 2062 καὶ
936 2024 959 2071 δή

178 2083 240 2128 είρηκα
251 2085 294 2117 Ven.
303 2101 325 2109 -
347 2081 392 2116 125.
404 2082 440 2118 Καὶ
452 2080 486 2126 μὴν
496 2081 526 2117 καὶ
535 2079 557 2118 δι’
567 2079 661 2122 ἀκολασίας
672 2083 714 2116 Veu.
730 2081 778 2115 Idem
786 2081 798 2115 l.
806 2081 834 2118 26.
846 2081 899 2119 κακὸν
909 2082 960 2129 ἔφης,

178 2137 191 2176 οἳ
203 2140 318 2185 ἐμποδίζουσιν
328 2137 380 2185 ἡμῶν
389 2137 421 2185 τήν
432 2137 475 2185 πρὸς
484 2137 503 2175 τὸ
514 2152 531 2174 κ.
542 2136 596 2184 ὁρμὴν
607 2139 640 2183 τῆς
650 2139 718 2185 ψυχῆς,
730 2137 754 2184 μὴ
766 2138 798 2175 ἐῶν
809 2140 831 2176 τὰ
840 2139 887 2185 (hx.
897 2139 959 2186 ἐῶντα)

177 2199 212 2234 τῶν
229 2193 283 2239 ’άντως
298 2194 350 2233 άντων
366 2198 409 2232 Ven.
424 2198 475 2230 Bene.
487 2215 510 2222 -
532 2196 566 2231 L&
579 2195 600 2229 ab
611 2196 642 2230 inf.
657 2196 726 2241 corrige
741 2197 856 2242 παρεμπίπτων
871 2204 889 2231 ut
906 2198 959 2232 estin

177 2256 220 2291 νοω.
233 2257 269 2290 Bas.
292 2255 331 2289 Pari
342 2266 380 2288 cum
390 2266 428 2288 mea
439 2253 480 2288 vitio
495 2253 562 2287 laborat
577 2252 619 2286 edit.
630 2254 687 2288 Petav.
710 2253 762 2287 Paulo
776 2261 816 2299 post
830 2255 847 2288 in
859 2255 901 2289 Ven.
913 2255 959 2290 dai-

177 2313 247 2347 deratur
257 2324 291 2348 vox
302 2314 354 2357 ζοφοῖ.
364 2330 385 2338 -
407 2311 420 2346 l.
427 2312 443 2347 7.
453 2310 474 2344 ab
485 2309 516 2344 inf.
530 2310 599 2355 Gorn'ge
609 2309 634 2356 μή
646 2309 740 2356 ἐπιτρέπον-
762 2312 789 2345 Ita
799 2318 825 2346 est
835 2311 886 2345 etiam
896 2311 914 2346 in
925 2314 959 2347 Ve-

177 2377 223 2405 neto.
235 2389 258 2396 -
280 2370 293 2404 l.
300 2370 316 2405 6.
327 2369 349 2402 ab
358 2368 390 2402 inf.
401 2365 480 2412 Ἀπάτης
490 2366 520 2413 μἐν
531 2366 564 2414 γάρ
574 2368 618 2403 Ven.
640 2370 660 2402 ln
673 2368 734 2402 eodem
743 2368 794 2413 paulo
804 2375 844 2414 post
855 2368 960 2404 desideratur

177 2426 228 2472 ἡμῶν
237 2434 277 2472 post
287 2422 342 2463 ὤτων.
351 2445 374 2452 -
396 2425 407 2459 l.
418 2424 483 2471 penult.
492 2417 530 2470 Ἆρ’
541 2418 569 2460 οιῖν
578 2444 589 2451 -
599 2443 610 2450 -
622 2423 712 2472 ἐπαινέσῃς
721 2426 764 2459 ven.
779 2418 824 2472 Ἀρα
833 2418 863 2462 οὖν
870 2445 882 2452 -
892 2444 901 2453 -
911 2425 959 2463 ἐπαι-

176 2483 229 2530 νέσῃς
240 2487 277 2519 Bas.
887 2513 888 2516 ,
911 2525 912 2528 ¹

223 2542 335 2590 Pam.
358 2540 392 2575 Ι.2.
404 2536 459 2576 ’Όποι
475 2534 538 2584 ἄγομεν
549 2541 626 2574 νεα-
648 2539 684 2574 1.5.
703 2538 801 2584 δώσοντας,
818 2539 843 2582 ω“ς
858 2540 900 2586 ἔφην
914 2543 958 2577 Ven.

177 2598 226 2633 Idem
235 2600 246 2631 1.
254 2599 272 2633 6.
284 2599 349 2635 δίκαιον
358 2595 455 2642 πάγκαλονς
477 2594 623 2641 Ὀμολάγεινοα
647 2597 714 2639 Proba,
730 2596 748 2630 ni
759 2597 818 2641 fallor,
835 2598 923 2643 scriptura.
936 2618 958 2625 —

178 2655 440 2700 λ13.προφε’ρεσλαιλ7εα.-
463 2653 475 2686 l·
484 2653 510 2687 15.
527 2651 593 2698 δράσας
603 2649 643 2695 ἄξια
659 2653 732 2691 θανάτου
742 2655 786 2689 ven.
808 2653 958 2705 Ιᾶοιτιίίνίά.ὄδέ

178 2711 257 2758 πλάττων
266 2715 294 2748 πλ.
306 2732 329 2739 -
351 2711 363 2745 l.
372 2711 397 2747 16.
410 2709 427 2756 ὁ,
438 2717 478 2745 ante
488 2705 577 2755 άφλήσεις,
590 2721 622 2744 om.
633 2712 675 2745 Ven.
698 2714 742 2746 ltem
751 2712 773 2745 ab
783 2712 844 2746 eodem
852 2712 896 2746 libro
907 2713 958 2758 paulo

178 2778 219 2818 post
229 2767 300 2816 τοιαύτῃ
312 2768 359 2803 abest
370 2775 410 2803 ante
424 2766 504 2814 τιμωρία.
515 2786 537 2793 -
559 2768 608 2803 1.21.
626 2763 674 2809 ὅπως
684 2768 713 2805 καί
729 2766 754 2814 μὴ
766 2761 817 2811 αὖθις
826 2767 892 2816 ποιήσῃ
902 2770 957 2806 τοῦτο.

178 2829 245 2874 Δῆλον,
258 2827 292 2873 ἔφη
305 2829 346 2861 Ven.
357 2846 380 2853 -
402 2826 414 2860 1.
422 2827 450 2861 22.
463 2823 488 2866 ὦς
496 2822 539 2869 πρὸς
547 2823 578 2870 τὴν
587 2823 607 2861 τά
619 2821 684 2863 άδικεῖν
695 2827 737 2862 Ven.
749 2845 772 2853 -
794 2826 843 2863 1.26.
856 2827 909 2864 τοίνυν
924 2840 958 2864 ιτα-

179 2886 241 2932 ροιίτιον
252 2883 261 2922 ὁ
273 2882 339 2930 δεσμὸς
348 2883 412 2929 γίνεται
423 2884 466 2917 Ven.
489 2883 508 2916 In
519 2881 578 2916 endem
591 2882 637 2917 libro
650 2883 701 2928 paulo
712 2889 753 2929 post
762 2884 811 2918 abest
821 2882 846 2925 οἷς
856 2891 896 2919 ante
906 2884 956 2929 ἔοικε,

178 2950 198 2978 ut
209 2943 346 2989 distinguendum
359 2952 396 2975 esse
411 2940 489 2975 videatur
504 2939 535 2975 τοῦ
548 2941 659 2985 πλημμελεῖν,
677 2935 746 2977 Ἔοικε
768 2940 876 2988 Σωφρονίζει
887 2943 923 2979 κτλ.
934 2961 957 2970 -

178 3001 227 3036 ΗΘ.
239 2999 317 3037 δεκτικὸν
329 3000 366 3033 Bas.
378 3018 400 3025 -
422 2997 460 3033 λὸ.
472 2995 518 3043 γάρ,
529 3003 569 3031 ante
581 2995 696 3043 ἐξετάζωμεν.
709 3008 742 3031 om.
754 2999 796 3033 Veu.

141 3104 142 3107 Ἴ
224 3058 341 3106 Ριςύέἳὲ,
362 3055 398 3090 1.·1.
410 3053 478 3101 ὁμοδοξ.
489 3052 541 3099 ἡμῶν
551 3053 576 3095 εἰς
585 3055 635 3091 τοῦτο
645 3057 722 3090 Vem-
744 3054 780 3089 1.5.
798 3053 820 3099 ὅ,
835 3062 875 3091 ante
885 3055 955 3103 δεομὸς,

179 3117 264 3151 om.Ven.
286 3115 334 3150 Idem
342 3113 384 3148 ibid.
395 3112 440 3149 κατὰ
450 3107 511 3149 άλλων.
523 3130 545 3139 -
567 3112 579 3147 l.
587 3113 612 3148 12
625 3113 681 3149 Verba
689 3111 721 3159 τήν
731 3111 752 3149 δὲ
760 3111 818 3160 ψυχὴν
828 3114 904 3161 συνεργῷ
913 3113 956 3160 πρὸς
