1988 3392
341 231 562 266 auncernauanosrs.
803 219 844 261 539

64 314 171 373 plicantur,
187 311 262 367 primo,
279 312 378 361 secundo,
401 327 424 354 ac
436 313 503 355 tertio.
533 311 595 354 iidem
610 325 670 368 porro
682 311 726 353 libri
738 317 814 368 septem
824 309 846 350 in

65 392 128 426 tomos
141 379 239 422 distributi
250 388 309 432 suut,
325 395 408 436 quorum
419 382 491 436 singuli
503 389 579 423 certum
592 381 703 423 haereseon
714 394 738 422 ac
749 380 846 421 schisma-

64 460 104 495 tum
119 462 222 490 numerum
240 450 350 491 continent.
382 448 440 505 Quae
456 450 514 492 simul
529 450 611 491 collecta
628 446 715 490 LXXX
730 448 845 490 conficiunt.

65 518 154 575 Quorum
173 517 315 573 appellationes
332 517 369 559 bae
387 525 434 559 sunt
453 532 476 559 ac
495 519 597 573 dogmata:
619 516 773 569 Barbarismus,
794 515 846 572 Scy-

64 587 160 638 thismns‚
177 582 324 639 Hellenismus,
341 584 463 639 Iudaismus,
485 585 642 629 Samaritismns.
673 586 706 628 Ab
717 586 743 628 iis
754 586 846 642 deinceps

64 657 152 711 reliquae
169 664 237 696 sectae
256 655 402 710 profluxerunt.
432 654 486 697 Nam
502 663 548 697 ante
561 653 635 697 Christi
652 653 759 697 salvatoris
772 654 847 694 adven-

65 734 104 769 tum
117 738 128 765 e
140 723 225 765 barbara
241 730 261 764 et
273 722 368 779 Scythica
381 739 404 766 ae
416 722 495 766 Graeca
506 724 647 779 superstitione
659 737 682 765 ac
695 722 768 764 ceteris
780 722 799 763 id
813 736 847 775 ge-

65 792 163 835 nusistae
175 791 302 846 prodierunt:
323 789 463 846 Pythagorici,
483 790 624 846 Peripatetici,
645 790 756 842 Platonici,
774 788 847 840 Stoici,

65 868 85 903 et
96 857 198 914 Epicurei.
229 857 283 900 Turn
295 856 421 900 Samaritana
431 867 485 900 senta
497 873 548 914 qnae
559 873 585 900 ex
597 857 675 900 ludaiea
685 858 794 914 pullulavit.
817 855 848 897 Ea

65 941 124 985 porro
141 933 183 968 tres
199 926 219 967 in
236 927 333 967 lectiones
350 926 410 977 abiit,
432 925 592 977 Gorthcoorum,
614 924 764 977 Sebnaeorum,
787 925 848 967 Dosi-

66 997 167 1046 cneorum,
189 1002 209 1036 ct
226 993 358 1036 Essenorum.
398 992 494 1050 Sequitur
511 992 633 1045 Iudaismus,
655 994 688 1049 qni
708 995 807 1049 propriam
823 993 848 1034 ab

66 1064 167 1108 Abranmo
177 1062 259 1118 liguram
271 1076 294 1104 ae
307 1069 373 1104 notam
385 1063 469 1119 accepit.
501 1060 579 1104 Deinde
590 1076 626 1118 per
636 1060 716 1117 Moysis
732 1063 796 1116 legem
809 1061 849 1103 col-

66 1133 137 1175 latatus
147 1131 172 1172 ab
185 1130 235 1173 luda
245 1130 313 1173 iacobi
323 1131 376 1183 lilio,
399 1129 508 1186 qui'lsradl
519 1130 627 1186 appellatus
638 1137 680 1181 est,
702 1144 739 1186 per
751 1128 849 1171 Davidem

66 1200 131 1259 populi
145 1199 202 1242 istius
219 1214 246 1243 ex
257 1200 326 1242 eadem
340 1200 373 1243 illa
387 1200 440 1243 tribu
455 1214 524 1256 regem
535 1199 628 1242 Iudaismi
646 1199 797 1257 appellationem
814 1198 850 1240 oh-

67 1270 132 1311 tinuit.
163 1269 196 1310 Ab
209 1270 246 1311 boc
263 1277 340 1326 septem
354 1270 391 1310 bae
403 1270 518 1325 prodierunt
531 1269 638 1320 haereses,
653 1269 775 1321 scribarum,
796 1266 850 1309 Pha-

66 1339 185 1391 risaecrum,
201 1336 372 1391 Sadducaeorum,
388 1336 615 1395 Hemerobaptistarum,
631 1334 763 1389 Ossaeorum,
782 1335 850 1379 Nasa-

66 1421 171 1459 raeorum‚
188 1406 357 1450 Herodianornm.

124 1474 239 1519 Secundum
254 1476 289 1518 bas
302 1484 367 1519 sectas
384 1477 513 1519 successione
522 1485 632 1533 temporum
643 1476 717 1518 domini
727 1476 791 1518 nostri
804 1475 850 1518 lesu
914 1508 916 1511 s

68 1543 142 1589 Christi
160 1545 272 1588 incarnatio
288 1546 324 1588 toti
338 1546 381 1589 orbi
398 1546 492 1588 salutaris
508 1546 585 1597 illuxit,
609 1553 629 1588 et
645 1560 688 1588 cnm
702 1545 739 1587 bac
751 1545 851 1601 evangelii

68 1615 157 1657 doctrina
168 1615 301 1671 coelestisque
312 1615 368 1670 regni
380 1616 509 1672 praedicatio.
541 1613 580 1670 Qui
592 1616 670 1671 quidem
683 1614 753 1657 troicus
765 1621 796 1657 est
807 1614 851 1656 lons

68 1684 138 1727 salutis
149 1691 170 1725 et
180 1683 290 1726 catholicae
305 1685 466 1741 apostolicaeque
477 1685 573 1727 ecelesiae
588 1699 635 1726 vera
652 1685 709 1726 fides.
740 1684 760 1725 A
773 1698 810 1739 qua
821 1683 852 1724 in·

68 1759 174 1809 sequentes
185 1767 255 1796 omnes
265 1761 341 1806 sectae,
358 1767 409 1810 qnae
420 1754 483 1796 solum
494 1752 570 1797 Christi
581 1768 661 1805 nomen,
679 1768 719 1796 non
727 1754 784 1795 fidem
794 1766 852 1809 prae-

67 1822 141 1875 ferunt,
157 1829 269 1877 amputatae
281 1830 327 1864 sunt
339 1830 360 1864 et
370 1823 458 1864 avinsae.
490 1821 546 1878 Quae
558 1829 605 1865 sunt
616 1821 741 1873 Simoniani,
765 1819 852 1863 Menan-

68 1889 140 1943 driani,
156 1889 295 1942 Saturniliani,
312 1888 437 1943 Basilidiaui,
452 1890 579 1943 Nicolaitae,
596 1889 700 1942 Gnostici,
717 1891 750 1946 qni
763 1897 783 1931 et
793 1889 852 1932 Stra·

67 1957 130 2000 tiotiei
140 1965 161 1999 et
171 1956 311 2010 Phibionitac,
334 1959 359 2000 ab
371 1959 415 2000 aliis
431 1973 481 2001 vern
495 1957 592 2001 Coddiani
605 1958 740 2014 appellantur,
764 1973 787 2000 ac
799 1957 851 2000 Bor-

67 2025 158 2079 boriani,
180 2027 231 2083 apud
248 2026 298 2069 alios
317 2024 440 2080 Socratitae,
462 2028 511 2083 apud
530 2028 624 2083 quosdam
639 2025 752 2069 Zacchaei:
775 2024 852 2083 Carpo-

68 2096 163 2147 cratitae,
187 2094 325 2147 cerinthiani,
349 2095 383 2150 qui
400 2103 421 2137 et
436 2094 580 2149 clenentiam,
602 2095 719 2147 Nazaraei,
743 2094 851 2148 Ebionaei,

68 2162 178 2216 Valentini,
196 2163 325 2207 Secundiani.
357 2163 434 2219 Quibus
444 2165 521 2206 accedit
532 2164 646 2221 Epiphanes
656 2172 677 2206 ct
686 2164 787 2215 isidorum
803 2163 852 2206 Pto-

68 2232 150 2284 lemaei,
173 2231 282 2285 Marcosii,
306 2231 431 2285 Colorbasii,
456 2233 624 2286 Heracleonitae,
648 2232 746 2289 Ophitae‚
770 2231 850 2285 Caiani,

68 2298 171 2354 Sctbiani,
193 2301 324 2354 Archontici,
347 2300 481 2353 (londoniam,
503 2300 630 2353 lllareiones,
651 2301 792 2354 Lucianistae,
809 2302 852 2358 Ap·

68 2370 181 2427 pelleiaui,
201 2369 320 2422 severiani,
346 2369 439 2422 Tatiani,
466 2369 597 2423 Encratitae,
620 2369 757 2427 Phrygastae,
781 2371 853 2426 quiet

68 2435 204 2482 Montanistae
222 2446 242 2481 et
261 2438 430 2494 Tascodrngitae,
457 2438 578 2496 Pcpnziani,
605 2440 638 2495 qui
656 2447 676 2482 et
691 2438 811 2482 Priscilliani
829 2455 853 2483 ac

69 2505 195 2562 Quintiliani.
226 2506 304 2563 Quibus
318 2509 438 2558 adiiciuntur
449 2509 587 2565 Artotyritae,
608 2509 852 2560 Tessareseaedecatitae,

69 2576 101 2631 qui
116 2575 220 2619 Paschatis
238 2576 348 2618 celebritati
363 2592 422 2619 unam
440 2578 546 2633 quotannis
561 2578 612 2619 diem
628 2578 760 2634 praefiniunt,
783 2578 852 2634 Alogi,

70 2644 102 2699 qui
110 2646 236 2700 evangelium
245 2645 406 2702 etApocalypsin
415 2644 494 2688 loannis
504 2646 603 2698 reiiciunt,
615 2647 728 2697 Adamiani,
740 2645 852 2703 Sampsaei,

70 2712 102 2766 qui
121 2721 140 2756 et
158 2713 276 2766 Helcesaei,
297 2713 443 2768 Theodotiani,
466 2714 655 2767 Melchisedeciani,
679 2714 852 2766 Rardesianistae,

69 2777 177 2836 Notitiam,
193 2782 283 2834 Valesii,
300 2780 396 2834 Cathari,
416 2785 449 2839 qni
462 2783 617 2836 etNovatiani,
638 2784 743 2839 Angelici,
766 2784 854 2840 Aposto-

69 2847 114 2902 lici,
130 2852 162 2907 qui
174 2859 195 2893 et
205 2850 328 2907 Apotactici,
345 2849 467 2905 Sabelliani,
484 2850 620 2907 Origenistae,
637 2853 737 2895 foeditatis
750 2859 852 2904 auctores,

92 2939 119 2974 ll.
132 2944 235 2977 scribendum
246 2945 313 2986 sortasse
323 2942 354 2977 aab
365 2942 381 2977 οἱ
394 2940 447 2979 αὐτοὶ.
495 2942 521 2978 ll.
532 2946 606 2977 Fortasse
617 2943 745 2980 Kninrrllruuol·

93 2986 120 3020 12.
133 2990 183 3031 Vulgo
194 2989 290 3033 Ναζιραῖοι.
496 2991 523 3024 15.
535 2992 579 3023 Libri
591 2993 641 3032 untpo
653 2986 705 3025 ἄλλοι.

93 3031 119 3065 13.
131 3036 203 3068 Fortasse
213 3032 358 3076 oecumenem,
374 3039 392 3069 nt
402 3037 449 3070 trebel
495 3035 521 3069 tti.
533 3037 577 3068 titre·
587 3038 635 3078 culpo
644 3033 762 3079 Ἐρκεσσαῖοι,
773 3039 799 3069 vet
809 3033 855 3081 'Ep-

73 3079 107 3112 cot.
119 3080 171 3114 Venet.
183 3082 256 3118 Panaeti.
474 3080 545 3119 nesciet.
