1988 3392
181 224 223 269 672
413 227 728 268 αουοινοισποαιιιιιοσινυλ

181 315 267 358 έπιτίὸησι
276 312 306 349 τᾶν
313 311 369 359 γωλόν
379 312 405 358 τῷ
414 312 476 358 πηρῷ,
488 312 519 348 κοιλ
529 311 569 353 τοὺς
579 310 685 357 ἀμφοτέρους
697 310 753 352 ἐτάζει
765 310 843 355 μάστιξι,
856 310 886 346 καλ
897 307 917 346 οὗ
928 309 958 348 δί-

181 383 237 407 νανται
247 368 361 414 ἀρνήσαοὲαι.
384 366 476 413 Ἑκάτεροι
485 365 568 415 ἀλλήλους
579 368 685 415 ἐλέγχουσιν,
702 365 818 413 δμένγωλός
828 366 882 412 λέγων
892 368 918 413 τῷ
929 380 959 403 τυ-

181 427 220 472 φλῷ
226 452 230 468 ,
243 425 270 461 Οά
281 424 303 461 σί
313 439 336 471 με
343 423 441 472 ἐβάστασας
451 425 481 460 κοιλ
490 423 598 471 ἀπήνεγκαςς
610 424 640 460 καί
651 422 661 460 ἀ
671 422 736 469 τυφλὸς
746 424 771 470 τῷ
782 423 834 470 γωλῷ
840 449 846 467 ,
857 420 896 458 Οὔκ
907 420 959 464 ανίτός

181 480 268 528 ὀφθαλμοί
285 495 317 527 μου
331 483 412 527 γέγονας;
436 478 499 522 Οίίτως
509 484 534 529 τῷ
552 479 620 527 σώματι
635 480 660 521 εἰς
675 479 742 526 ἔλεγχον
757 480 791 524 τῆς
805 479 864 525 κοινῆς
877 479 959 524 ἐργασίας

181 538 293 584 συνάπτεται,
311 540 341 573 καὶ
351 537 365 584 η’
376 538 431 583 κρίσις
441 539 499 574 τελεία
508 539 572 583 γίνεται
582 536 621 582 παρ’
633 534 744 582 ἀμφοτέρων,
762 534 844 580 σώματός
854 547 873 570 τε
883 536 913 571 καὶ
924 538 959 578 ψυ-

180 596 223 642 χῆς,
241 597 275 632 τῶν
287 595 340 640 έργων
352 595 386 631 τῶν
395 595 512 641 γεγενημένων
523 593 569 641 μήτε
579 592 659 640 ἀγαὶλῶν,
678 591 723 639 μήτε
734 591 809 638 φαύλων.
832 592 869 628 Καί
881 589 932 637 δρᾶτε
944 593 959 629 οἱ

180 656 214 697 τῆς
223 652 287 688 ἑαυτῶν
298 654 369 687 κτλ-
390 653 402 686 l.
413 653 441 688 23.
452 653 498 693 Πῶς
506 651 539 697 γὰρ
551 650 561 688 ὅ
573 650 632 688 ἑαυτὸν
645 649 721 696 συνάγων
732 652 775 684 Ven.
799 650 845 683 {dem
855 649 896 682 ffiid.
908 646 959 686 ἀλλο-

180 709 231 755 τρίων
242 708 271 746 διὰ
285 708 386 755 νοσημάτων
401 708 463 757 έαυτῷ.
475 730 497 735 -
520 708 567 745 mo.
584 706 654 755 ἡκέτω,
671 709 688 745 εί
696 720 722 749 τις
731 708 767 754 λεῷ
779 705 904 753 ἀντιπράττειν,
920 709 959 744 τολ-

182 766 236 814 μάτω.
260 765 305 809 Θεάς
318 766 351 814 γάρ
369 769 405 805 κτλ.
420 769 462 803 Ven.
485 768 525 802 Hoo
538 768 656 814 reponendum
671 774 702 802 est.
715 787 736 793 -
759 766 806 803 127.
822 768 883 802 venet„
894 765 959 812 plenius

181 823 202 864 ου’
211 825 300 872 κοπιάοει,
318 823 358 863 ου’δὲ
368 826 454 870 πεινάσει,
466 822 507 864 οὐδὲ
519 825 592 874 διψήσει
602 828 638 863 κτλ.
649 846 673 853 -
695 823 743 862 1,·28,
754 824 818 871 ’έγείρη
830 826 867 860 Bas.
878 845 901 852 -
923 824 936 860 l.
943 825 959 861 3.

182 886 203 920 ab
214 885 246 919 inf.
257 881 289 921 Ἐν
301 884 321 921 δὲ
331 885 357 931 τῷ
369 884 425 932 Δαβίδ
436 886 477 920 ven.
491 904 512 911 -·
535 885 547 919 l.
559 885 623 931 penult.
635 881 711 930 εντ’λάγως
723 895 756 918 om.
767 885 811 919 Ven.

227 944 281 992 ἧς.
293 942 346 980 3⁷0.
367 942 401 978 ].1.
413 938 503 988 ηὔφρανας
513 944 555 977 Ven.
566 963 588 969 —
610 942 644 977 1.2.
657 946 702 977 Ante
712 941 743 988 ἐμὲ
753 943 808 976 insere
818 941 961 988 praepositionem

182 998 219 1046 ἐπ’,
232 1013 274 1048 quae
284 1000 351 1034 excidit.
364 1020 385 1027 -
408 1000 451 1034 Ibid.
463 999 549 1046 Σαλομοὶν
559 1002 596 1035 Bas.
618 998 808 1045 ἀΣολομωνῗειι.-
830 998 842 1034 l.
850 998 866 1034 3.
879 995 961 1039 ιιῖςοιίτως

182 1056 261 1103 ἔκτανέν
272 1055 320 1094 Σιών
332 1056 384 1102 ἓτοιμ.
395 1059 438 1093 ven.
451 1077 473 1083 -
496 1058 508 1092 l.
518 1057 534 1093 ί.
546 1057 640 1102 έργασου,
657 1058 696 1103 καὶ,
713 1054 816 1101 Ἑτοιμοίζου
828 1054 853 1095 εἰς
864 1053 893 1091 τάν
904 1051 960 1100 ἄγραν,

183 1114 239 1157 ἔξοδον
251 1114 305 1160 λέγων
320 1114 407 1158 (,‚intem1.
418 1114 464 1160 prius
475 1122 494 1148 ιιι
505 1116 563 1160 supr.“
573 1114 661 1148 annotavit
674 1114 703 1159 qui
712 1126 749 1148 eam
759 1113 859 1158 scripturam
869 1112 960 1157 excerpsit)

182 1173 225 1206 Ἶσιν.
237 1191 259 1197 -
282 1171 319 1206 1-6.
336 1169 381 1206 κατὰ
396 1169 425 1206 τὸν
440 1167 491 1216 ἄγρον
506 1169 592 1207 καὶκατὰ
605 1166 658 1212 ἀστυ,
676 1169 732 1216 λέγοις
741 1182 761 1206 τε
772 1169 802 1205 καί
811 1170 854 1205 ven.
867 1188 890 1195 -
912 1169 960 1202 λίίλ

171 1226 232 1274 ,φωνὴ
243 1226 256 1273 ἦ
266 1224 370 1272 ἀδιακρίτως
381 1229 423 1262 ven.
436 1246 457 1253 -
480 1228 492 1261 L
502 1228 528 1262 11.
545 1227 628 1270 κέκληκεν
643 1226 736 1263 έπειποῠοα
750 1228 793 1261 Ven.
805 1245 828 1252 -
850 1226 897 1261 1.23.
909 1222 962 1270 ἄγρας

182 1283 201 1321 τὸ
211 1283 241 1320 διαὶ
250 1283 283 1328 τήν
292 1282 349 1329 ταφὴν
360 1284 408 1324 τέλος
418 1283 458 1329 (καί
468 1282 488 1319 τὸ
500 1283 568 1328 desunt)
578 1285 620 1318 Veo.
633 1302 655 1309 -
677 1283 689 1318 l.
696 1283 723 1318 14.
734 1285 778 1317 Ven.
790 1295 825 1316 non
834 1282 886 1317 hahet
896 1282 960 1326 σημαί-

182 1351 220 1378 νων.
243 1341 290 1374 Idem
300 1340 343 1374 liber
351 1340 413 1374 deinde
421 1340 477 1386 pergit
487 1340 548 1377 ἐλπίδα
558 1338 634 1385 φάσκει,
645 1338 682 1375 Καὶ
690 1336 821 1384 ἀνοικοδομήσω
830 1338 860 1376 τίον
869 1337 915 1376 οἶκόν
925 1333 961 1382 σου,

183 1395 215 1434 ουίι
227 1395 281 1441 εἶπεν,
294 1396 418 1444 Οἰκοδομήσρς
429 1398 469 1443 (sic)
480 1396 509 1434 τὸν
520 1396 574 1433 οἶκον.
585 1394 632 1439 ἅπαξ
642 1395 675 1441 γάρ
686 1398 722 1432 κτλ.
733 1398 784 1431 Bene.
795 1416 818 1423 —
840 1397 888 1432 L15.
899 1395 962 1432 πλάσει

182 1454 214 1501 τήν
225 1453 270 1491 κατὰ
281 1453 312 1501 τήν
323 1456 364 1489 Ven.
376 1474 398 1481 -
411 1454 469 1488 'Idem
479 1454 490 1490 l.
500 1454 525 1490 16.
542 1455 575 1500 τῆς
586 1454 620 1500 γῆς
631 1451 723 1495 ἀνάστασις
733 1455 778 1499 (sine
787 1451 819 1500 ἦ),
837 1451 868 1491 οὐκ
879 1453 904 1490 έτι
914 1453 961 1490 οἰκο·

184 1568 367 1619 έπενεγλεῖσαναιίτῇ.
390 1571 429 1606 Ηοο
439 1571 555 1617 reponendum
568 1577 633 1604 σοι-
655 1571 667 1605 l.
677 1570 703 1606 19.
716 1570 776 1617 έγείρω
788 1568 840 1607 αάτόν
849 1572 892 1606 ven.
915 1570 962 1605 Idem

184 1630 229 1665 mo.
242 1630 272 1666 καλ
281 1629 298 1666 έν
308 1628 379 1676 τοιαύτῃ
389 1628 471 1675 φρονήσει
480 1623 503 1676 οἷς
512 1627 544 1666 οὐκ
555 1628 636 1666 ἔστιν-
659 1628 705 1665 ί.23.
720 1629 899 1675 Οοινίροοίωνιὸν.-
919 1628 962 1663 lbid.

184 1688 285 1734 paulopost
297 1687 362 1733 τιμίων
372 1688 414 1722 Ven.
427 1706 449 1713 -
471 1687 483 1721 l.
491 1687 520 1722 ⁴25.
536 1686 589 1724 πόσον
600 1685 623 1731 δὴ
635 1687 697 1732 μᾶλλον
708 1688 751 1722 ven.
775 1686 821 1721 Idem
831 1687 843 1720 l.
854 1686 882 1722 26.
895 1683 962 1722 ἀποκα-

184 1742 472 1791 ταστνγσει,ει1.ἳ7.κρίνοι.-
495 1743 542 1779 λῖβ.
559 1741 634 1789 οάροινιόν
646 1744 733 1791 βασιλείας
741 1746 818 1779 Ven.—
840 1736 963 1789 1'.30.s11pple

184 1814 205 1836 ex
215 1803 281 1836 Veneto
292 1802 309 1836 Γ
310 1799 374 1845 εδειὶν,
391 1801 421 1837 καί
431 1800 456 1847 μὴ
465 1801 617 1848 κακονγείσῖλωσαν
632 1800 649 1838 έν
660 1804 748 1847 μηλωταῖς
759 1801 789 1837 καλ
799 1800 816 1837 έν
828 1800 889 1846 αἰγίοις
900 1801 963 1846 (scribe

184 1859 262 1903 αἰγείοις)
278 1859 361 1904 δέρμασι,
379 1856 404 1903 μή
420 1856 476 1903 μάτιγν
490 1860 526 1894 κτλ.
540 1878 561 1884 -
584 1858 619 1893 ί.5.
630 1859 651 1892 ab
663 1858 695 1894 inf.
710 1857 776 1903 δαμάο.
791 1857 808 1893 έν
823 1856 889 1904 ιὶγνείᾳ.
912 1857 937 1892 Εἰ
946 1853 963 1893 δ’

184 1912 218 1959 ἀρα
229 1919 307 1950 κοινωνεῖ
321 1915 373 1959 σῶμα
383 1915 432 1960 ψυχῇ
444 1913 461 1950 ἐν
470 1914 545 1961 πολιτείᾳ
555 1910 569 1959 ἦ
577 1914 594 1950 έν
605 1914 664 1962 ἀγνείοι
674 1917 716 1949 ven.
728 1933 751 1940 —
773 1915 784 1948 1.
791 1913 807 1948 3.
819 1913 841 1947 ab
851 1914 883 1947 inf.
893 1913 913 1949 τὸ
925 1909 964 1958 ἅμα

184 1971 215 2017 τὴν
231 1969 287 2018 ψυχὴν
300 1972 341 2004 Ven.
354 1991 375 1996 —
399 1970 409 2003 l.
423 1970 452 2003 ult.
466 1969 563 2015 ειῖρίσκεται
574 1973 616 2005 Ven.
666 1981 668 1984 ·

229 2027 343 2075 ἥβη.
365 2027 399 2063 Ι.6.
411 2027 469 2061 Scribe
479 2025 508 2063 διοὶ
517 2028 616 2073 παραβολῆς
626 2040 664 2061 cum
674 2030 749 2061 Ven.-
772 2026 806 2062 1.7.
818 2023 919 2073 ἀλληγορίαν
928 2031 964 2067 τοῖς

184 2095 205 2131 γε
213 2085 366 2131 παραβουλενλεῖσι
375 2085 408 2129 τῆς
418 2080 501 2128 ἀληλείας
509 2086 552 2119 Ven.
576 2086 614 2118 Hoc
622 2084 739 2129 reponendum
747 2090 795 2129 puto.
806 2102 829 2109 -
851 2084 862 2117 l.
871 2086 897 2119 10.
910 2081 963 2128 ὄντος,

184 2149 225 2175 ante
239 2141 269 2177 καλ
286 2137 348 2185 εάἓῦς,
367 2152 400 2175 om.
416 2142 459 2174 ven.
473 2161 494 2167 -
516 2141 562 2176 1.13.
579 2141 683 2187 έρλέγγετο,
701 2141 731 2177 καί
746 2138 766 2178 οὗ
777 2141 826 2190 φυγή
836 2140 902 2179 ἔστιτὸ
914 2139 963 2187 αἷμα,

185 2196 229 2235 οἷλλοί
241 2200 283 2233 Ven.
306 2197 349 2233 Ibid.
360 2198 412 2233 verba
421 2196 442 2234 τὸ
454 2195 564 2244 φαινόμενον,
581 2195 624 2235 ἀλλά
636 2195 655 2235 οὗ
665 2196 757 2244 δυνήσεται
766 2200 783 2234 in
793 2202 835 2236 ven.
847 2212 881 2235 non
893 2211 963 2246 compa-

185 2265 263 2292 rent.—
285 2257 297 2291 l.
307 2258 332 2292 15.
345 2256 398 2303 λέγων
408 2253 436 2294 ὅτι
446 2258 483 2292 Bas.
496 2277 518 2284 -
541 2257 553 2292 l.
562 2256 588 2293 16.
605 2254 653 2300 έξίτε
664 2255 750 2305 ἀπεκρίλη
760 2256 789 2296 ἀπ’
799 2258 841 2305 ἐμοῦ
850 2260 893 2294 Ven.
917 2258 965 2293 Idem

185 2316 197 2350 l.
207 2316 234 2352 17.
246 2313 346 2361 ἀντιλέγων,
365 2323 382 2350 et
393 2316 404 2350 l.
414 2316 440 2352 18.
452 2315 482 2352 καὶ
493 2312 516 2353 δι’
527 2311 570 2352 ἄλλα
579 2314 637 2353 πολλὰ.
649 2336 672 2343 -
694 2316 706 2350 l.
715 2315 743 2352 24.
755 2318 796 2352 Post
804 2318 856 2353 verba
865 2316 896 2354 καλ
906 2316 964 2364 ψυχὴν

186 2370 223 2420 ἅμα
233 2372 301 2420 οιίματι
309 2374 327 2407 in
338 2374 376 2408 cod.
388 2375 454 2408 Veneto
464 2374 527 2408 inserta
536 2374 614 2420 leguntur
623 2375 676 2409 haee:
691 2375 728 2411 Καὶ
738 2375 763 2417 εἰς
772 2375 893 2422 περισσοτέραν
902 2378 964 2421 πληρο-

186 2432 245 2478 φορίαν
258 2431 291 2476 τῆς
306 2429 390 2477 ὑμετέρας
402 2433 448 2477 ζωῆς
459 2428 595 2477 παραγενόμενος
605 2432 622 2469 έν
632 2432 692 2478 σαρκί,
710 2432 740 2469 καί
750 2433 884 2479 ένανθρωπτίσας
899 2430 964 2470 τελειό-

186 2500 239 2533 τατα,
257 2489 282 2529 εἰς
295 2487 314 2524 τέ
333 2489 410 2534 στιγρίξαι
424 2488 456 2536 τήν
472 2486 524 2525 αάτοῦ
535 2490 590 2526 πίστιν
601 2489 618 2526 ἐν
629 2488 681 2536 ἡμῖν,
697 2488 818 2536 προγινώσκων
827 2490 859 2537 τήν
871 2490 964 2537 μέλλουσαν

188 2545 205 2582 ἐν
215 2547 251 2591 σοί,
262 2544 361 2592 Ὠρίγενες,
379 2544 457 2583 ἀπιστίαν
466 2547 543 2592 γίνεσὲαι
553 2545 572 2583 τὸ
583 2544 730 2593 ἀμφιβαλλέμενον
740 2548 802 2593 μᾶλλον
812 2548 859 2592 παρὰ
870 2548 897 2585 σοὶ
906 2548 936 2585 καί
947 2547 964 2584 έν

186 2604 256 2643 πολλαῖς
266 2603 341 2647 αἱρέσεσι
350 2607 389 2644 ταῖς
398 2605 431 2648 τῆς
446 2602 525 2645 ἀπιστίας
537 2615 566 2640 σου
576 2601 652 2649 ὁμοίαις,
670 2604 768 2651 Μανιγαίων
775 2618 777 2621 ’
784 2605 814 2641 καὶ
823 2605 964 2649 Μαρκιωνιιπῶν,

187 2659 218 2695 καὶ
229 2657 284 2694 λοιπὸν
295 2658 317 2695 τὰ
327 2658 382 2695 ποίντα
392 2660 410 2696 έν
423 2660 479 2706 ἑαυτῷ
494 2660 586 2700 τελειώσας
601 2660 626 2701 εἰς
637 2660 728 2708 βεβαίωσιν
739 2661 768 2696 καλ
782 2661 877 2707 στερέμνιον
892 2662 926 2706 τῆς
935 2661 966 2696 πί-

188 2727 243 2755 στεως
254 2711 306 2750 αὖτοῦ
323 2716 352 2751 καὶ
363 2713 446 2761 ἀληῇείας
461 2716 534 2761 ἐνεργῶς
548 2716 632 2762 ἐποίησεν.
654 2714 739 2757 Ἀναστὰς
749 2716 782 2762 γὰρ
793 2716 813 2753 έκ
823 2719 857 2754 τῶν
867 2719 932 2762 νεκρῶν
941 2711 965 2761 ἥ-

187 2784 234 2817 γειρε
246 2772 313 2817 σεαυτῷ
323 2771 375 2807 πολλὰ
386 2771 458 2817 σώματα
467 2773 500 2810 τῶν
510 2770 573 2818 οἱγίων,
589 2773 620 2809 καί
630 2773 707 2817 εἰςΐγλὶλον
722 2773 747 2813 εἰς
757 2772 789 2818 τήν
803 2772 853 2819 οἱγίαν
863 2774 921 2818 πόλιν,
940 2769 965 2813 οἷς

188 2828 218 2864 καί
227 2829 244 2864 έν
253 2824 310 2867 ἀλλοις
318 2825 375 2868 τόποις
385 2830 506 2875 διηγησάμην,
518 2829 548 2865 καί
559 2826 589 2865 ονίκ
599 2828 646 2866 εἶπαν
657 2830 720 2872 (scribe
730 2827 788 2875 εἶπα),
799 2826 904 2876 ’ἀνέστησαν
914 2826 965 2876 ἅγιοι,

187 2886 215 2922 ἵνα
226 2883 251 2931 μὴ
264 2885 289 2922 δῶ
304 2883 387 2930 πρόφασιν
401 2887 424 2933 τῇ
440 2886 510 2933 μελέδῳ
525 2886 559 2931 τῆς
571 2886 691 2933 κακοτροπίας,
710 2884 754 2923 ἀλλά
767 2886 819 2933 φύσει
834 2885 876 2924 αιίτό
889 2886 908 2924 τέ
919 2883 965 2933 παρά

188 2947 224 2983 τοῖς
235 2940 313 2983 ἀπίστοις
327 2938 474 2990 ἀμφιβαλλέμενον
488 2943 527 2980 ἐκεῖ
537 2939 547 2979 ὃ
558 2942 663 2982 ἐσπούδασεν
675 2944 700 2985 εἰς
712 2943 802 2991 βεβαίωσιν
817 2945 851 2991 τῆς
864 2943 916 2991 ἡμῶν
926 2943 966 2991 περὶ

190 3002 238 3048 ζωῆς
247 2999 339 3048 γνώσεως,
349 2998 434 3048 Σιιίματα,
446 3000 501 3049 εἶπον,
512 3001 546 3039 τῶν
557 2998 615 3049 ἁγίων,
627 3002 656 3040 καί
666 3000 686 3040 οὔ
695 2999 745 3048 μόνον
755 2998 782 3040 ίτι
790 2998 869 3050 ἤγειρεν,
881 2999 924 3041 ἀλλά
936 2999 966 3040 καί

189 3057 217 3098 ίτι
228 3058 332 3107 ένεφοίνηοαν
344 3060 389 3107 (coo
406 3060 510 3108 ἐνεφάνισαν.
524 3061 585 3097 matth.
593 3063 620 3102 27.
633 3063 670 3108 52.)
686 3063 753 3103 πολλοῖς
768 3061 784 3099 έν
795 3063 818 3110 τῇ
828 3062 887 3100 πόλει·
904 3062 913 3099 ἐ
926 3057 966 3103 ὀίς

190 3118 282 3167 ἐπληροῦτο
297 3118 326 3157 διὰ
341 3120 375 3166 τῆς
389 3116 440 3157 αὐτοῦ
456 3118 545 3167 δυνάμεως
559 3117 590 3167 τὸ,
607 3117 709 3168 Ἐξαγαγιλν
720 3119 846 3168 πεπεδημένους
857 3120 875 3159 έν
886 3117 964 3168 ἀνδρείᾳ·
