1988 3392
259 228 353 263 canaan
365 228 406 262 urs.
416 230 446 263 ur.
458 229 514 264 nom.
526 228 540 262 r.
552 227 621 262 uasa.
633 227 717 272 uxxvr.
838 220 881 262 245

93 312 142 354 dunt
159 309 237 363 omnia,
262 318 282 353 et
298 309 485 353 ratiocinationibus
504 310 667 367 argumentisque
685 309 761 352 relictis
779 323 881 352 sacrarum

93 395 116 424 se
129 381 232 424 literarum
245 380 358 424 auctoritati
374 381 525 437 sententiaeque
540 381 669 433 submittunt,
692 393 743 435 quae
753 380 805 423 istud
817 381 881 437 ipsum

93 451 219 509 prenuntiat:
235 455 296 494 Nemo
307 452 431 506 nooe'tfiliom
442 453 556 504 oise'pater:
572 466 633 506 neque
640 458 715 505 patrem
725 452 837 504 edifficiis,
859 458 880 491 et
900 460 959 525 qulaqq.

92 522 259 562 roz'reuelcoerr't.
291 519 378 563 llevelat
396 527 462 562 autem
479 533 515 576 per
533 520 622 577 spiritum
639 527 730 563 sanctum
748 520 829 563 ironiis
847 519 881 576 qui
923 518 928 532 ’
955 517 959 525 ’

92 590 215 647 syllogismis
227 605 249 633 se
262 590 336 633 suiset
347 590 430 647 argutiis
442 588 610 646 comprehendere
622 590 724 642 nituntur,
737 584 783 631 'scd
794 589 819 649 iis
832 590 881 631 dun-

92 665 148 702 taxat
161 660 193 716 qui
205 659 224 702 in
235 674 258 702 se
267 660 346 702 sincere
361 661 488 717 perfecteque
504 658 632 701 crediderint.
663 658 716 702 Nam
729 673 795 715 neque
806 662 984 708 iudzmunmmea

92 731 146 770 illeiis
151 734 277 784 perscrutari
285 730 373 787 poteris,
390 743 455 786 neque
466 732 508 769 aios
521 731 649 782 ebromagum,
667 730 718 771 sicut
731 729 878 786 scriptumest,

91 798 172 840 tametsi
187 798 274 841 infinitas
290 813 353 855 nugas
372 798 462 850 effutias,
488 798 639 851 omiserrime,
663 812 687 840 ae
702 799 741 840 mei
756 798 828 840 similis
844 797 880 839 bo-

92 867 183 909 muncio!
379 868 381 871 ’

149 936 204 979 Aetii
222 933 287 993 Caput
298 934 359 979 Vlll.
392 934 414 979 Si
431 935 533 991 ingenitus
548 936 597 977 deus
617 936 726 992 generandi
742 936 762 978 vi
777 943 830 978 tetus
848 943 880 978 est

91 1005 205 1063 praeditus,
228 1006 280 1061 quod
291 1007 381 1061 genitum
395 1012 438 1057 est,
462 1004 570 1046 secundum
582 1011 674 1046 araturam
685 1019 727 1047 non
740 1011 772 1046 est
781 1005 879 1060 genitum,

91 1088 135 1116 cum
150 1080 191 1117 tota
205 1074 247 1131 ipsa
261 1080 331 1116 natura
344 1073 425 1116 insitum
438 1073 485 1116 illud
500 1072 573 1115 babeat
589 1080 611 1116 ut
622 1075 702 1130 gignat,
725 1087 765 1114 non
775 1080 797 1115 ut
809 1073 879 1129 gigna-

91 1150 131 1185 tur.
167 1141 226 1199 Quod
246 1142 263 1184 si
281 1149 401 1185 commutata
420 1143 452 1185 dei
467 1142 555 1185 essentia
572 1142 661 1198 genitum
680 1142 771 1198 quiddam
786 1150 878 1194 vocetur,

90 1227 131 1254 nou
148 1212 186 1255 erit
204 1211 344 1265 immutabilis,
365 1226 409 1254 cum
422 1211 441 1254 ei
450 1211 493 1268 ipsa
506 1212 589 1254 mutatio
602 1211 635 1267 tilii
646 1212 787 1269 proprietatem
799 1210 877 1253 efficiat.

91 1279 128 1324 Sin
140 1289 160 1323 et
171 1282 287 1324 mutationis
302 1288 333 1324 est
344 1295 430 1338 expers,
452 1281 536 1323 edomui
548 1282 678 1337 generatione
694 1281 726 1323 dci
739 1288 809 1323 natura
822 1293 879 1337 prae·

90 1348 187 1403 stantior,
204 1351 256 1407 qucd
271 1352 295 1392 de
310 1351 351 1392 lilio
366 1351 475 1403 asseritur,
492 1350 535 1392 sola
550 1351 682 1408 appellatione
698 1350 804 1392 constabit.

148 1417 231 1462 Conlut.
244 1422 298 1461 Vltl.
329 1418 378 1461 Non
392 1420 498 1471 tesolum,
520 1421 579 1472 Acti,
602 1421 637 1461 sed
648 1426 668 1461 et
678 1423 793 1461 decreticum
805 1434 876 1460 omnem
886 1433 929 1463 neor.
937 1433 960 1471 m,
969 1434 982 1463 5.

87 1496 134 1541 post
139 1491 223 1541 primam
231 1492 368 1542 correptionem
380 1488 471 1530 devitare
482 1489 577 1544 oportuit,
594 1504 621 1531 ex
632 1497 702 1531 sancta
712 1489 745 1531 illa
755 1488 879 1545 sapientique

89 1558 147 1602 Pauli
160 1558 268 1601 sententia.
299 1557 343 1600 Abs
356 1565 375 1599 te
388 1557 440 1599 enini
451 1557 495 1614 ipso
508 1559 611 1600 damnatus
623 1558 700 1600 tibimet
712 1558 808 1611 exitium,
825 1557 879 1599 nullo

90 1627 129 1669 alio
143 1633 240 1683 cogente,
262 1626 379 1669 conscissis.
410 1624 486 1682 Ecquis
497 1627 557 1682 igitur
567 1627 620 1669 illius
630 1627 771 1679 miserebitur,
793 1626 826 1682 qui
841 1628 982 1677 se'bz'mame.

89 1700 130 1751 ipsi
143 1698 216 1745 malm,
240 1698 313 1737 nemini
325 1697 385 1736 alteri
400 1696 460 1736 boras
471 1701 515 1737 est?
545 1694 586 1738 Sed
599 1710 625 1739 ne
634 1697 721 1753 pessima
731 1696 764 1738 illa
777 1694 877 1752 dogmata,

90 1779 140 1821 quae
154 1766 175 1807 in
187 1765 260 1807 mundo
275 1772 295 1806 te
308 1770 389 1806 auctore
402 1764 535 1819 pullularunt,
551 1765 676 1820 magnificum
687 1765 777 1820 quiddam
793 1772 812 1806 et
825 1765 879 1806 eius-

90 1834 143 1875 modi
153 1847 200 1876 esse
210 1847 295 1875 censeas
306 1839 327 1874 ut
338 1832 419 1874 veritati
431 1833 569 1875 contradicere
584 1835 673 1890 possint,
689 1835 710 1875 in
721 1834 759 1875 boc
768 1834 832 1890 ipsum
844 1847 878 1889 pa-

90 1903 147 1945 tienti
158 1902 295 1945 incumbemus
305 1901 371 1943 animo
383 1908 405 1943 ut
412 1905 495 1955 nereditati
500 1904 575 1956 gladio,
592 1906 666 1944 horest
676 1904 820 1954 Cdrz'stioerdo,
837 1902 877 1958 spi·
885 1916 982 1954 asangm.

89 1984 150 2012 nosas
162 1978 207 2013 tuas
218 1971 296 2012 radices
307 1970 432 2021 excidamus,
448 1984 471 2011 ac
483 1970 582 2012 salubrem
594 1972 701 2028 perfectam
712 1985 736 2012 ae
745 1971 844 2013 sinceram
856 1971 879 2012 fi-

90 2039 122 2081 dei
133 2039 280 2081 cenfessionem
293 2052 424 2095 opponamus.
455 2035 542 2092 Magnas
557 2038 624 2095 itaque
639 2039 764 2082 misericordi
780 2040 818 2081 dec
832 2053 878 2095 gra·

90 2107 129 2150 tias
142 2121 203 2163 agere
219 2107 326 2158 debemus,
346 2106 379 2161 qui
396 2105 507 2148 cuiusmodi
523 2107 551 2147 sis
566 2107 655 2149 indicare
672 2107 730 2149 nobis
746 2108 823 2159 voluit,
846 2114 876 2158 tu,

89 2175 181 2231 inquam,
198 2175 230 2231 qui
242 2173 303 2217 ludae
315 2175 381 2216 locum
393 2173 497 2229 vicemque
510 2175 609 2227 sustines,
626 2176 660 2231 qui
671 2189 715 2216 cnm
727 2175 780 2217 inter
791 2175 877 2230 discipu-

90 2243 120 2285 los
141 2250 269 2294 censeretur,
294 2243 319 2285 ab
336 2257 403 2284 eorum
425 2257 507 2284 numero
526 2250 644 2298 segregatus
664 2250 707 2294 cst,
731 2245 782 2299 quod
800 2241 878 2285 Christi

91 2319 158 2353 mente
168 2325 292 2367 nequaquam
305 2311 406 2367 praeditus
418 2309 525 2354 eSatauae
538 2311 604 2353 afflatu
617 2311 712 2353 nefariam
723 2312 775 2354 illam
787 2311 878 2353 eiurandi

91 2379 122 2421 dei
132 2380 255 2422 voluntatem
271 2380 381 2436 expressit.
413 2377 442 2421 lta
459 2386 479 2421 et
492 2386 513 2421 tu
527 2380 595 2421 verbis
613 2387 671 2422 tenus
686 2380 746 2422 tilium
760 2380 792 2421 dei
803 2380 878 2421 babere

90 2455 110 2490 te
120 2448 141 2490 in
151 2447 217 2490 auimo
228 2448 335 2504 profiteris.
367 2447 420 2503 Quid
431 2455 496 2490 autem
512 2448 601 2505 pluribus
617 2456 682 2491 tecum
695 2449 780 2504 colloqui
793 2462 878 2490 necesse

91 2524 135 2569 est,
152 2531 196 2559 cum
209 2517 238 2558 sis
249 2516 273 2558 ab
283 2517 337 2558 omui
349 2524 408 2558 coctu
421 2514 581 2558 Christianorum
594 2517 685 2570 alienus,
707 2517 808 2574 prophetis
820 2517 877 2558 nimi-

91 2600 145 2638 rum,
162 2586 270 2642 apostolis,
287 2585 428 2641 evangelistis,
450 2585 582 2643 martyribus,
604 2586 678 2628 ceteris
689 2586 774 2642 deniqne
788 2586 877 2627 sanctis?

91 2653 131 2709 Qui
142 2653 165 2696 'tc
176 2661 269 2696 extremo
279 2654 313 2694 illo
330 2653 397 2695 iudicii
409 2654 440 2695 dic
456 2654 519 2710 palam
535 2656 668 2709 redarguent,
691 2656 742 2711 quod
756 2656 780 2696 ad
793 2662 877 2696 mortem

91 2738 153 2780 usquc
173 2723 312 2781 quaestiones,
336 2722 425 2779 flagella,
446 2724 548 2777 lanienas,
572 2722 659 2777 bestias,
683 2724 751 2780 ignes,
776 2731 877 2781 postremo

91 2793 177 2850 gladium
187 2793 330 2844 sustinuerint,
352 2801 372 2834 ut
383 2807 408 2833 nc
418 2793 449 2835 dei
461 2794 533 2845 fllium,
556 2801 576 2835 et
588 2794 611 2835 ab
623 2794 667 2850 ipso
682 2809 754 2837 revera
767 2795 876 2850 proceden-

92 2869 131 2905 tcrn
144 2864 275 2919 abnegarent.
305 2861 366 2905 Pater
383 2862 436 2904 enirn
452 2878 513 2906 uirum
530 2865 628 2906 duntaxat
645 2864 717 2917 filium,
740 2878 779 2905 non
793 2864 876 2905 alterum

91 2932 115 2975 ab
127 2947 151 2974 eo
163 2940 228 2990 potest
239 2933 335 2990 gignere,
352 2932 403 2974 idem
416 2940 436 2974 et
446 2933 536 2990 spiritum
550 2941 652 2987 sanetum,
669 2949 709 2976 non
722 2934 803 2976 alterum
816 2934 876 2976 abeo

91 3002 181 3060 spiritum
192 3008 261 3059 su'apte
272 3003 303 3055 vi,
320 3011 378 3059 atque
388 3016 414 3044 ex
425 3017 471 3045 sese
481 3004 583 3061 produxit.
614 3004 643 3046 At
654 3019 723 3049 eorum
734 3018 784 3060 quac
795 3003 820 3045 ab
832 3003 876 3062 ipsc

114 3092 130 3128 3.
143 3090 204 3140 ἀγαθῷ
217 3096 251 3129 ced.
263 3096 329 3141 Rbedr'q.
