1988 3392
69 1170 104 1200 pag.
112 1160 144 1190 ⁸15.

61 1423 106 1468 Κεφ.
119 1422 141 1458 δ’.

153 236 180 275 14
441 242 524 277 SANCTI
535 242 651 275 EPIPHANII

151 318 201 374 γάρ,
223 317 272 372 μετά
287 317 323 361 τόν
330 317 397 373 Ἀδάμ
408 323 437 376 τῷ
449 323 497 361 Νῶε
507 320 569 374 λέγει,
586 318 642 362 Ἰδοῦ
654 317 733 361 δέδοικά
744 331 777 361 σοι
787 316 853 359 πάντα
864 314 893 367 εἰς
903 316 938 359 λά-

152 385 289 441 χαναίιγροῦ,
309 390 376 428 θῦσον
385 387 420 428 καί
432 386 493 441 φάγε,
515 384 542 440 μη
554 385 607 442 φάγε
615 384 680 442 σάρκα
691 387 713 428 ἐν
725 387 792 439 αἵματι
805 389 884 438 ψυχῆς,
906 383 939 427 ότι

152 452 191 511 έγῶ
207 453 307 509 έκζητήσω
322 452 359 505 τοίς
375 452 442 509 ψυχάς
455 451 523 508 ῦμῶν·
542 458 583 504 πᾶς
598 452 609 497 ό
623 455 695 509 έκχέων
709 450 760 508 αἷμα
774 451 888 509 άνθροόπον
905 453 938 495 ἐπὶ

152 529 188 581 τῆς
197 529 245 583 γῆς,
266 524 312 569 ἀντὶ
321 530 357 570 τοῦ
368 526 452 581 αἵματος
462 523 525 568 αὐτοῦ
541 524 673 581 ἐκχυθήσεται
684 522 707 570 τό
718 521 768 581 αἷμα
780 522 854 578 αὐτοῦ,
874 521 906 568 ότι
913 523 939 573 Υἓν

153 595 217 639 εἰκόνι
227 600 279 639 θεοῦ
290 597 375 651 ε’ποίησα
386 594 422 638 τόν
433 592 555 650 άνθρωπον,
576 596 611 639 καλ
622 593 660 652 ἰγῶ
672 593 772 650 ἑκζητήσοτ
785 593 807 639 τό
819 591 869 649 αἷμα
880 591 938 649 ῦμῶν

152 666 175 708 ἔκ
187 663 263 715 παντός
272 669 309 708 τοῦ
320 665 422 718 ἐκχέοντος
434 662 484 705 αῦτῦ
495 664 529 706 έπὶ
542 663 669 719 5πρόςωπον
678 668 714 718 τῆς
723 668 765 719 γῆς.
794 664 835 706 Καὶ
845 660 897 722 όρᾷς
907 661 939 706 ότι

152 734 175 775 ἰν
185 738 213 790 τῷ
226 732 333 789 οἰυθροότιῳ
351 732 425 786 λέγεται
442 729 464 773 τό
476 728 518 773 κατ’
529 731 598 774 εἰκόνα
610 729 658 785 μετά
675 730 760 786 δεκάτην
772 729 842 787 γενεάν
855 735 893 773 τοῦ
903 729 939 773 τόν

152 798 215 854 Ἀδάμ
231 804 357 853 πλασθῆναις
379 797 420 851 ἅμα
436 798 502 840 δὲκαὶ
514 799 582 852 Δαβλδ
596 797 645 852 μετά
657 798 722 841 πολῦν
731 798 804 853 χρόνον
814 799 865 854 λέγει
878 797 939 840 πνεῦ-

153 885 201 921 μαιι
219 865 279 924 άγίῳ,
303 865 332 907 Τά
348 864 455 919 σύμπαντα
471 865 589 919 ματαιότης,
609 864 773 922 ποῖςάνθρωπος
791 869 851 916 θζῶν.
877 863 938 906 Ἀλλά

152 935 187 976 καὶ
197 936 284 987 καθεξῆς
295 932 360 987 7μετά
371 937 443 975 τοῦτον
453 931 583 983 όίιπόστολός
591 947 648 986 φησι,
655 932 718 988 Ἀνιγρ
728 933 767 976 οῦκ
778 932 854 985 ὀφείλει
864 937 937 987 κομᾶν,

153 1000 213 1046 εἰκῶν
223 1002 257 1046 καὶ
269 1000 318 1054 δόξα
328 1006 380 1046 θεοῦ
391 999 493 1059 ῦπάρχοτν.
519 999 579 1045 Ἀλλά
591 1002 625 1045 καὶ
641 999 690 1057 μετά
704 1006 777 1046 τοῦτον
788 999 886 1058 Ἰάκωβος
898 1000 937 1056 φά-

154 1089 207 1127 σκει,
221 1075 284 1132 λέγων
295 1074 342 1128 περὶ
353 1078 389 1128 τῆς
403 1071 493 1130 γλώσσης
504 1071 536 1117 ότι
545 1070 677 1129 ἀκατάσχετον
690 1070 764 1126 κακόν,
780 1071 840 1128 μεστοὶ
852 1074 884 1117 ἰοῦ
898 1079 937 1116 θα-

153 1145 276 1200 νατηφόρου.
305 1141 338 1186 Ἐν
349 1143 402 1202 αὐτῇ
414 1140 534 1198 εὐλογοῦμεν
544 1141 579 1186 τόν
589 1141 650 1194 θεόν,
665 1144 700 1186 καὶ
709 1144 796 1199 πατέρα,
811 1144 845 1186 καί
856 1144 877 1186 ἰν
887 1140 939 1202 αὐτῇ

153 1211 291 1268 καταρώμεθα
302 1211 350 1260 τοῦς
360 1209 493 1266 άνθράπους,
508 1209 555 1260 τοῦς
565 1209 606 1253 κατ’
620 1210 689 1253 εἰκόνα
698 1216 751 1254 θεοῦ
763 1212 875 1267 γεγονόιας.
907 1209 938 1253 Οῦ

153 1278 191 1335 χρὴ
205 1284 268 1321 ταῦτα
278 1278 343 1328 οῦτοις
352 1281 453 1334 γίνεσθαι,
469 1276 552 1329 άῦελφοί
563 1294 608 1330 μου.
639 1279 680 1320 Καὶ
692 1278 731 1333 όρα
740 1278 772 1321 ότι
782 1280 872 1328 ἐξέπεσεν
882 1276 894 1321 ό
904 1277 936 1321 λό·

153 1363 189 1401 γος
203 1351 243 1388 τῶν
257 1345 352 1401 λεγόντοιν
366 1344 402 1387 τόν
413 1342 479 1398 Ἀδάμ
494 1343 516 1386 τό
531 1342 574 1386 κατ’
589 1343 658 1387 εἰκόνα
673 1344 826 1387 ἰιπολωλεκέναι.

214 1417 260 1455 Τῶν
272 1413 293 1455 δὲ
306 1412 366 1455 πάλιν
381 1411 478 1469 λεγόντων
491 1410 528 1465 την
542 1410 612 1466 ψυχήν
625 1409 676 1454 εἶναι
691 1410 713 1454 τό
726 1410 768 1454 κατ’
779 1411 847 1455 εἰκόνα
857 1409 869 1455 ό
879 1411 938 1468 λόγος

153 1482 195 1524 ε’στλ
209 1481 330 1531 τοιόςῦεκαλ
344 1478 358 1536 η
370 1479 478 1536 όπολογίοι,
499 1478 541 1533 ότι,
562 1481 625 1535 φησί,
644 1478 805 1537 έστινᾶόρατος,
827 1478 938 1531 ῶςόθεός
970 1486 972 1490 “

154 1549 313 1609 έστιυάόρατος,
335 1547 509 1608 ένεργητικηέσυι,
530 1548 622 1606 κινητική
635 1550 686 1602 ἔστι,
707 1549 824 1607 διανοητική
834 1550 886 1604 ἔστι,
905 1555 936 1595 λο·

154 1620 231 1679 γιστική
245 1623 296 1675 ἐστι,
311 1621 346 1664 καὶ
356 1620 430 1664 τοῦτον
441 1621 499 1664 ἕνεκα
508 1619 560 1675 αῦτη
570 1620 611 1663 ἔστι
621 1618 643 1663 τό
656 1618 698 1663 κατ’
710 1619 788 1673 εἰκόνα,
809 1619 877 1676 ἐπειδή
887 1619 939 1664 θεόν

156 1692 189 1733 ἰπὶ
200 1695 236 1746 γῆς
246 1696 343 1743 μιμεῖται,
358 1688 444 1732 κινοῦσά
454 1705 474 1731 τε
486 1689 520 1731 καὶ
531 1687 655 1743 πράττουσα,
676 1690 711 1732 καὶ
721 1687 781 1731 τάλλα
793 1693 880 1732 ποιοῦσα
891 1688 938 1732 όσα-

155 1774 192 1813 περ
203 1757 254 1800 κατά
264 1756 286 1799 τό
296 1755 408 1812 λογιστικόν
418 1757 499 1811 πράττει
510 1754 523 1798 ό
535 1755 651 1811 άνθρωπος.
681 1754 815 1812 Εῦρίσκονται
827 1757 849 1799 δέ
860 1758 895 1799 καί
905 1751 938 1799 οῦ-

153 1842 185 1867 τοι
199 1823 363 1879 συλλογιζόμενοι.
393 1824 434 1865 Καὶ
449 1821 487 1879 γάρ
498 1824 516 1864 εἰ
525 1821 558 1864 ιλιολ
569 1828 632 1865 ταῦτα
646 1829 733 1866 καλεῖται
743 1822 786 1866 κατ’
795 1823 864 1866 εἰκόνα
874 1822 938 1878 ψυχὴ,

154 1890 221 1934 οῦκέτι
236 1890 320 1933 δύναται
336 1888 387 1933 εἶναι
401 1888 444 1932 κατ’
461 1888 534 1932 εἰκόνα.
563 1888 586 1932 ‘0
597 1889 634 1946 γάρ
649 1889 699 1940 θεός
711 1892 801 1933 ἐπέκεινα
817 1894 939 1945 1μυριοντα-

153 1957 238 2001 πλάσιον
253 1955 308 2014 παρά
325 1956 362 2011 τήν
377 1956 456 2012 ψυχὴν,
477 1957 513 2000 καλ
528 1958 557 2000 έτι
572 1956 710 2014 περιττότερόν
724 1959 777 2001 ἔστιν
792 1955 938 2013 άκατάληπτος,

154 2028 188 2072 καὶ
198 2025 339 2084 άπερτνόητος,
354 2025 419 2071 πάντα
428 2024 497 2080 εἰδῶς,
512 2024 537 2070 τά
548 2025 637 2083 προόντα
646 2027 681 2071 κοιλ
691 2025 716 2071 τά
726 2025 828 2085 παρόντα,
836 2027 877 2081 ικοιλ
888 2024 939 2084 όροί-

155 2099 267 2155 μενοιλκαλ
279 2096 307 2154 μη
319 2096 421 2153 ῦρῶμενα,
442 2098 519 2155 πέρατα
528 2101 575 2155 γῆς,
595 2098 630 2141 καὶ
641 2098 748 2153 πυθμένας
764 2096 865 2154 άβῦσσου,
886 2096 939 2156 άκρα

154 2165 257 2223 οῦρανῶν,
272 2169 307 2210 καὶ
317 2166 384 2211 πάντα
394 2165 419 2210 τά
431 2165 490 2219 ἰόντα,
506 2164 568 2217 αῦτῦς
579 2168 676 2223 περιέχων
685 2165 709 2210 τά
719 2165 794 2220 πάντα,
809 2164 843 2210 ὑπ’
856 2165 939 2219 ον’δενός

153 2236 175 2278 δὲ
186 2235 335 2290 περιεχόμενος·
358 2233 372 2289 ἡ
384 2235 406 2276 δέ
417 2233 473 2288 ψυχὴ
484 2235 598 2290 ’περιέχεται
609 2235 645 2288 μέν
661 2236 682 2277 ἐν
694 2235 781 2289 σάματι,
803 2234 874 2291 άγνοεί
884 2236 905 2278 δέ
915 2234 938 2278 οἰ-

153 2301 231 2355 βόσσου
246 2301 295 2350 ιοῦς
310 2302 426 2354 πυθμένας,
450 2300 504 2343 3οῦκ
520 2302 623 2343 ἐπίσταται
634 2300 657 2344 τό
669 2297 727 2357 εῦρος
737 2307 774 2356 ιης
785 2307 831 2357 γῆς,
852 2304 938 2358 τέρματα

153 2373 190 2421 τῆς
199 2369 320 2422 οἰκουμένης
331 2367 407 2424 άγνοεῖ,
427 2365 481 2424 άκροι
492 2366 585 2423 οὐρανῶν
596 2366 621 2410 οῦ
630 2371 746 2423 κατείληφε,
760 2369 815 2411 πόσα
826 2370 889 2423 μέλλει
898 2371 938 2412 ἰσε-

153 2442 203 2478 σθαι
217 2434 231 2490 γ’γ’
243 2434 292 2478 πότε
302 2438 386 2492 γίνεται,
406 2434 460 2478 πόσα
472 2452 493 2478 τε
506 2434 545 2489 πρό
559 2434 739 2492 υῦτίγςγεγένηται.
770 2436 885 2479 Καλπολλά
897 2438 939 2480 έστι

153 2504 199 2560 περὶ
216 2501 278 2559 αότίγς
293 2505 327 2547 καί
345 2508 386 2547 τῶν
401 2502 498 2547 τοιοῦτον
514 2505 582 2561 λέγειν.
605 2502 661 2560 ’Ἅμα
678 2504 701 2548 δὲ
717 2505 752 2548 καλ
769 2503 877 2562 μερισμοῦς
893 2506 938 2562 ἕχει,

153 2573 204 2626 θεός
219 2574 241 2618 δὲ
257 2572 362 2632 α’μέρισιός
379 2576 425 2618 ἔστι.
456 2575 511 2630 Φησὶ
524 2572 561 2632 γάρ
574 2571 587 2618 ό
598 2571 720 2628 άπόστολος,
743 2579 790 2619 Ζῶν
804 2574 842 2634 γάρ
858 2573 939 2634 όλόγος

153 2648 190 2687 τοῦ
200 2648 263 2697 θεοῦ,
284 2643 421 2701 καλέυεργης,
441 2645 475 2687 καί
487 2643 600 2700 τομώτερος
614 2642 665 2701 ῦπὲρ
683 2648 751 2687 πᾶσαν
762 2644 863 2702 μάχαιραν
874 2647 939 2689 ῦίστο·

154 2731 203 2769 μον,
218 2714 252 2756 καὶ
265 2712 404 2767 ὃιϊκνοόμενος
417 2713 472 2771 μέχρι
483 2716 580 2770 μερισμοῦ
596 2718 665 2768 ψυχῆς
676 2714 711 2756 καὶ
722 2719 808 2768 μυελῶν,
831 2715 866 2757 καὶ
878 2731 938 2771 κριτι-

178 2887 194 2920 ὀ.
205 2883 294 2928 προςάττυο
306 2886 342 2919 cod.
355 2886 420 2925 Βλιῦῐρ.
579 2884 595 2918 7.
607 2883 617 2918 ὁ
628 2880 722 2924 ἀπόπολις
731 2882 776 2928 μετὰ
784 2884 842 2918 τοῦτον
852 2885 887 2917 cod.
897 2885 937 2918 nhc-

176 2930 193 2965 6.
205 2932 311 2972 Exciderunt,
328 2932 345 2962 πί
356 2931 415 2971 fallor,
431 2931 479 2961 verba
494 2927 534 2972 μέν·
556 2929 590 2969 σι’μ.

154 2986 200 3020 τοιγε
212 2974 229 3010 ἐν
241 2971 294 3009 εἰκόνι
305 2972 424 3017 διαπορεύεται
439 2969 533 3018 ἄνθρωπος,
580 2973 620 3007 (λιι).
632 2975 660 3007 w,
672 2992 694 3001 -
714 2976 729 3008 1.
746 2975 769 3006 De
785 2973 814 3007 λιοο
831 2977 845 3006 ιλ
860 2974 939 3007 similibus

153 3020 197 3068 πλὴν
210 3018 266 3067 μάτην
277 3018 383 3067 ταράσσεται
394 3020 430 3055 κτλ.
555 3021 645 3061 compositis
654 3021 701 3062 νισι,
712 3022 726 3054 si
735 3021 786 3062 λνλιι,
799 3020 816 3053 V.
828 3020 852 3053 θλ.
862 3020 906 3054 Ηιιει
915 3020 938 3054 ad

555 3067 604 3102 Leon.
615 3067 661 3103 θῑοο.
671 3076 689 3110 p.
697 3064 737 3103 467.
