1988 3392
168 190 196 231 64
456 196 538 231 ελαοτι
550 195 666 230 Ενιειελαιι

169 278 232 336 βουλῇ
244 273 348 335 καὶδόξη,
369 275 408 319 οὐκ
420 274 510 331 δίψυχος,
531 272 578 318 οὐδὲ
591 274 697 329 ἀκίνητος,
718 275 739 317 ἐν
751 273 811 331 ἑτέρῳ
822 272 858 325 μέν
868 271 890 316 τό
900 270 952 318 εἶναι

169 345 252 399 έχουσα,
273 346 306 388 καί
319 346 447 402 γραφομένη,
468 342 520 397 αὐτοὶ
531 343 567 397 μέν
578 344 600 386 ἒν
609 344 670 402 ἑαυτῇ
680 345 714 386 καί
725 340 752 386 δι’
763 343 844 397 ἑαυτῆς,
865 340 952 397 ένκινή-

170 426 198 456 σει
209 411 236 467 μη
248 408 304 456 οὖσα.
335 415 377 456 Καὶ
395 414 453 456 εἰκῶν
469 413 522 454 ἐστιν
538 410 701 468 ἀπαράλλακτος,
722 409 747 455 οὗ
758 415 794 466 τῆς
806 409 953 468 ἀπαραλλαξίαις

169 482 246 537 πατέρα
261 480 370 537 ποιούσης,
386 480 425 524 ἀλλ’
440 478 486 523 υίὸν
501 477 677 537 οἷπηκριβωμένον.

227 549 394 609 4Πεπλιίρωνται
408 547 433 592 τόι
447 546 523 593 ένθιίδε
534 549 637 593 Ἀκακίου.

228 759 274 797 mv
285 755 307 798 δέ
318 767 381 808 φασιν
392 756 413 797 οί
423 754 534 810 όρθόδοξοι
544 755 579 797 καί
591 754 674 807 οἰδελφοί
684 751 776 810 ἡμέτεροι
786 755 821 797 καί
832 752 953 811 ὁμολογηταί

169 821 225 880 παριί
236 841 295 866 τινων
308 821 348 866 δπό
360 825 483 876 Μαρκέλλου
500 824 674 876 καταλειφθέντων
692 827 790 877 μαθητῶν
803 824 885 866 έκθεσιν
902 824 953 878 εἰλη-

170 892 230 943 φέναι
240 888 347 948 ὁμολογίας
362 893 408 945 περί
424 895 509 943 πίστεως
525 892 699 949 ἀπολογουμένης·
720 886 745 948 ἧς
757 890 782 935 τοί
793 891 953 948 λεπτολογηματα

170 959 231 1010 αὐτός
246 960 274 1016 μή
288 959 413 1016 κατειληφός
427 960 490 1017 αὐτὴν
506 963 595 1006 ἐνταῦθα
612 961 734 1018 παρεθέμην.
765 961 806 1005 Καί
817 962 857 1006 έστι
867 959 889 1004 τό
901 958 953 1005 οἷντί-

171 1047 250 1088 γραφον
264 1027 316 1073 τόδε.

297 1208 317 1244 H
328 1207 459 1244 ΕΠΙΓΡΑΦΗ
469 1207 600 1244 *ΠΙΣΤΕΩΣ
612 1207 661 1243 ΤΟΥ
672 1207 828 1244 ΜΑΡΚΕΔΛΟΥ.

232 1291 279 1339 Τοῖς
291 1286 453 1343 αι’δεσιμωτότοις
463 1289 497 1330 καί
509 1286 626 1344 ἁγιωτάτοις
638 1288 765 1341 ἐπισκόποις,
786 1293 828 1338 τοῖς
839 1289 861 1332 ἓν
872 1293 954 1331 Διοκαι-

171 1358 239 1415 σοιρείμ
250 1354 413 1414 δπερορισθεῖσιν
425 1355 476 1413 ὑπὲρ
487 1361 523 1412 τῆς
534 1358 562 1406 είς
573 1356 608 1400 τόν
619 1361 699 1415 σωτῆρα
711 1355 768 1412 ἡμῶν
774 1356 855 1411 Ἰησοῦν
867 1355 955 1413 Χριστόν

171 1426 286 1484 ὁρθοδόξου
306 1429 399 1478 πίστεως,
426 1424 530 1485 Εὗλογίῳ,
552 1424 663 1484 Ἀδελφίῳ,
688 1424 821 1485 Ἀλεξάνδρῳ,
842 1423 955 1484 Ἀμμωνίῳ,

170 1493 338 1553 Ἁρποκρατίωνι,
352 1493 430 1548 Ἰσαόκ,
443 1493 546 1552 Ἰσιδώρῳ,
557 1494 697 1550 Ἀννουβίωνι,
714 1499 801 1555 Πιτίμῳ,
820 1494 955 1553 1Εὐφραιίῳ,

168 1563 274 1625 Ἀαρῶνη,
292 1567 314 1608 οί
329 1562 370 1607 ἆπδ
385 1561 483 1621 Ἀγκόρας
495 1569 532 1620 τῆς
544 1567 667 1615 ’ἳΓαλατίας
682 1564 824 1622 πρεσβύτεροι,
847 1562 955 1617 Φωτεινός,

170 1632 297 1686 Εὐστοίθιος,
316 1635 382 1691 έτερος
397 1632 509 1685 Φωτεινὸς,
530 1634 632 1691 Σιγέριος,
654 1635 689 1677 καὶ
707 1632 801 1685 διάκονος
814 1631 902 1691 ’Τγῖνος,
921 1634 956 1677 καί

172 1702 309 1754 δποδιοίκονος
320 1700 457 1760 Ἡρακλείδης,
477 1703 511 1745 καί
528 1700 656 1759 ἄναγνοίσιης
666 1701 777 1755 Ἐλπίδιος,
796 1704 831 1746 καί
844 1701 957 1760 προστάτης

174 1771 288 1831 Κυριακδς,
304 1773 326 1815 ἒν
340 1775 403 1831 κυρίῳ
417 1774 497 1829 χαίρειν.

86 1866 159 1904 mm
228 1839 405 1895 Ἐνδεδημηκότων
422 1838 480 1895 ἡμῶν
496 1839 548 1896 πρός
563 1839 600 1893 την
616 1838 713 1898 ὑμετέραν
730 1841 846 1896 θεοσέβειαν
863 1839 904 1884 ιῖπὸ
921 1845 957 1895 τῆς

173 1910 317 1967 προειρημένης
334 1907 430 1964 ἡμετέρας
440 1910 546 1965 πατρίδος,
566 1907 603 1962 τὴν
615 1908 758 1964 προςήκουσαν
770 1910 876 1964 ἐπίσκεψιν
887 1908 956 1952 ποιού-

173 1996 239 2033 μενοι,
262 1978 297 2020 καὶ
312 1978 470 2033 έπερωτωμένων
485 1974 542 2031 ἡμῶν
555 1974 610 2033 παροδ
627 1981 663 2031 τῆς
678 1974 775 2034 ὑμετέρας
791 1975 895 2033 ὁσιότητος
911 1979 957 2034 περὶ

172 2052 208 2102 τῆς
218 2048 239 2090 έν
250 2044 298 2101 ἡμῖν
310 2047 394 2095 πίστεως
406 2044 462 2096 ὅπως
473 2046 553 2100 έγομεν,
572 2046 608 2088 καὶ
622 2044 767 2101 ὁιποδεξοίμενοι
778 2043 835 2102 δμῶν
844 2044 881 2102 τὴν
891 2044 958 2089 τοιαδ-

172 2133 209 2170 την
217 2113 351 2170 κηδεμονικὴν
362 2119 442 2167 πεῦσιν,
461 2112 524 2170 ἥνπερ
540 2113 673 2168 ἐποιήσασθε,
696 2113 745 2157 3διδ
756 2113 839 2169 μάλιστα
850 2113 898 2165 τοὸς
908 2117 957 2169 βου-

172 2185 268 2237 λομένους
283 2186 372 2237 ματαίως
386 2187 479 2238 θρολλεῐν
494 2183 540 2236 περὶ
556 2179 614 2235 ἡμῶν
625 2199 669 2224 τινα
685 2185 763 2235 ψευδῆ,
784 2183 895 2238 ἀναγκαῖον
908 2181 956 2240 ἡγη·

173 2249 253 2305 σοίμεθα
263 2255 416 2306 πληροφορησαι
424 2247 477 2304 ὑμᾶς
487 2249 533 2305 περὶ
541 2249 624 2302 τοότου,
640 2247 665 2293 οιί
674 2248 737 2304 μόνον
746 2251 768 2293 ἐκ
780 2255 820 2293 τῶν
829 2248 959 2307 ὁποδειχθέν-

173 2337 213 2362 των
223 2325 249 2377 τῇ
257 2317 343 2375 ὁμετέργ
353 2315 440 2371 ὁσιότητι
453 2314 499 2373 παρ’
509 2316 566 2371 ἡμῶν
577 2317 699 2373 γραμμάτων
709 2323 834 2361 κοινωνικῶν
845 2317 896 2374 πρός
905 2317 959 2374 ἡμᾶς
980 2327 982 2330 “

174 2388 292 2444 γραφέντων
303 2390 340 2429 τοῦ
352 2387 495 2442 τριςμακαρίου
512 2383 570 2428 πόπα
584 2384 721 2438 Ἀθανασίου,
744 2384 792 2429 οίλλιί
806 2388 841 2430 καί
852 2388 874 2431 έκ
886 2387 959 2443 ταύτης

174 2454 232 2511 ἡμῶν
241 2460 277 2511 τῆς
287 2453 389 2514 ἐγγράφου
403 2451 520 2512 ὁμολογίας,
541 2451 569 2505 ῶς
579 2452 611 2498 ὅτι
622 2453 668 2499 οὔτε
678 2460 814 2513 φρονοῦμεν,
823 2454 870 2501 οδτε
882 2474 958 2514 πεφρο·

175 2525 263 2579 νιίκαμέν
271 2527 295 2567 ’τί
306 2541 353 2568 ποτε
364 2522 420 2574 ἐκτός
433 2528 468 2578 τῆς
479 2522 530 2567 κατό
545 2526 634 2567 Νίκαιαν
648 2522 763 2581 ὁρισθείσης
775 2527 915 2583 οἰκουμενικῇς
924 2528 959 2570 καί

175 2595 337 2649 ἓκκλησιασιικῆς
348 2595 441 2644 πίστεως·
461 2591 526 2650 ίίνπερ
538 2590 674 2651 ὁμολογοῦμεν
689 2592 774 2649 δυνάμει
784 2595 859 2651 ταύτην
869 2600 959 2653 φρονεῖν,

175 2662 354 2720 οἷναθεμαιίζοντες
369 2660 416 2713 τοδς
431 2667 544 2718 τολμῶντας
559 2665 631 2717 κτίσμα
645 2664 708 2722 λέγειν
723 2662 746 2709 τό
761 2670 840 2721 πνεῦμα
854 2663 876 2709 τό
892 2663 959 2723 δι’γιον,

175 2736 209 2780 καὶ
221 2733 257 2791 την
270 2730 372 2792 Ἀρειανήν
383 2734 469 2792 αἵρεσιν,
484 2734 518 2777 καί
530 2735 651 2789 Σαβελλίου,
670 2735 704 2778 καί
721 2738 834 2788 Φωτεινοδ,
854 2735 889 2779 καί
902 2734 959 2780 Παό·

175 2811 211 2851 λου
221 2808 257 2849 τοῦ
264 2803 404 2860 Σαμοσατέως,
415 2803 449 2846 καί
459 2801 506 2854 τοός
516 2801 543 2859 μη
550 2804 641 2861 λέγοντας
651 2802 687 2860 τὴν
697 2802 756 2863 ἁγίαν
765 2803 837 2862 τριοίδα
844 2808 888 2861 τρία
898 2823 960 2864 προς-

177 2892 223 2919 ωπα
234 2873 374 2932 οἷπερίγραφα,
388 2872 423 2916 καὶ
434 2871 569 2928 ένοπόστατα,
584 2873 618 2916 καί
630 2870 739 2929 δμοοόσια,
755 2875 790 2918 καί
801 2876 905 2928 συναίδια,
926 2876 960 2920 καί

200 2999 216 3036 4.
241 3005 290 3037 Verba
307 3001 434 3046 Πεπλήρωιται
455 3000 477 3038 τί
495 3000 557 3038 ἐνθάδε
578 3005 612 3044 μαι.
634 3005 666 3037 Pro
682 3002 801 3047 πεπλήρωμαι
816 3005 833 3036 in
848 3005 882 3038 ωδ,
894 3006 960 3048 Rhodia.

176 3047 258 3087 ’λκακίον
271 3051 289 3083 in
300 3050 345 3083 codd.
358 3058 396 3082 mss.
409 3050 457 3083 τουτο
470 3052 508 3084 ενοι
518 3051 557 3083 scri·
579 3052 594 3081 τι
605 3050 651 3083 editis
662 3054 684 3084 est
696 3047 815 3093 πεπλήρωται.
