1988 3392
511 554 557 607 ΙΙΙ.

326 714 507 802 INDEX
541 714 745 773 RERUM.

282 843 355 882 (nunaut
367 848 444 873 strom!
457 850 566 874 SlGh'lFIth'T
578 849 651 873 ructuas
663 848 709 872 ΣΝΤ.
721 837 792 882 PBTAV.)

327 1035 346 1066 h.

144 1089 223 1125 numani
236 1089 311 1124 excelsus
323 1088 376 1134 qualis
389 1089 441 1123 fiterit
452 1091 492 1124 409.

144 1147 217 1180 Abruam
226 1145 300 1191 aequalis
311 1145 355 1179 Nino
368 1158 388 1179 ac
398 1146 526 1180 Semiramidis.

146 1203 224 1238 hbmumi
237 1202 304 1237 vocatio
314 1206 331 1236 u.

145 1262 238 1296 Abruamns
251 1260 349 1294 ludaeorum
362 1272 423 1308 parens
436 1263 463 1296 17.

146 1318 225 1354 Abraami
237 1326 277 1353 octo
290 1318 338 1352 liberi
350 1321 366 1353 9.

145 1377 253 1412 Abraamitae
265 1390 275 1411 a
287 1376 384 1411 patriarcha
400 1377 473 1412 Abraam
487 1377 528 1412 dicti

131 1462 135 1465 .
169 1435 262 1469 circumcisi
277 1437 293 1468 9.

104 1511 109 1524 a
146 1492 254 1528 Abraamitae
266 1500 284 1527 et
297 1491 373 1527 lsacidae
389 1492 431 1528 dicti
448 1492 485 1527 veri
501 1493 528 1527 dei

170 1551 243 1584 cultores
256 1553 271 1583 9.

147 1608 240 1642 rtbraamus
250 1607 360 1652 nonagesimo
369 1619 414 1642 anno
425 1607 485 1642 aetatis
498 1608 529 1641 cir·

171 1665 264 1707 cumanus,
283 1667 349 1699 isaacus
366 1664 402 1699 eius
413 1664 456 1698 filius
469 1671 530 1700 octavo

170 1722 264 1756 nativitatis
277 1722 305 1756 die
317 1725 345 1756 17.

148 1780 255 1814 Abrotonum
278 1779 327 1823 fugat
345 1790 411 1813 venena
433 1787 530 1824 serpentum

170 1838 209 1870 423.

148 1893 219 1927 Aeacius
235 1899 253 1926 ct
269 1892 330 1926 Paulus
348 1892 423 1937 collegae
441 1892 531 1938 Epiphanii

170 1950 188 1983 in
200 1949 259 1983 officio
271 1948 372 1982 sacerdotali
382 1953 398 1984 3,

147 2006 205 2041 Aeacii
217 2014 235 2040 et
246 2012 350 2039 sectatorum
362 2007 397 2039 eius
409 2005 448 2039 fidei
461 2006 531 2052 profes—

170 2064 197 2097 sio
207 2063 285 2097 simulata
295 2066 335 2098 871.
347 2082 369 2088 -
391 2064 434 2096 item
444 2062 478 2096 ulia
491 2063 531 2096 fidei

172 2120 256 2165 professio
276 2119 294 2152 in
306 2119 418 2153 conciliabulo
430 2119 531 2152 seleuciensi

170 2176 228 2210 habita
240 2178 279 2208 872.
286 2194 310 2202 ·-
320 2176 338 2209 in
348 2187 382 2221 qno
394 2188 427 2209 vox
440 2175 531 2217 homousii,

171 2233 189 2267 id
199 2240 225 2266 est
234 2232 382 2266 consubstantialis
390 2232 456 2266 sublata
463 2235 501 2266 873.
508 2252 531 2259 -

171 2297 213 2336 quot
229 2296 247 2323 et
265 2289 294 2335 qui
310 2289 387 2335 episcopi
401 2289 441 2323 huic
458 2290 531 2324 concilio

171 2346 300 2392 subscripserint
317 2349 355 2381 874.
368 2366 389 2372 -
421 2347 530 2393 expositionis

172 2412 190 2439 et
209 2404 321 2450 professionis
341 2404 388 2438 istius
405 2405 465 2440 callida
487 2407 531 2441 ratio

172 2465 211 2498 875.
223 2482 246 2489 -
269 2462 330 2497 divisio
340 2462 407 2498 trifaria
415 2471 472 2500 sectae
481 2465 540 2500 Aria·

171 2533 231 2556 norum
240 2520 283 2554 ibid.

149 2581 193 2616 Acta
206 2578 254 2612 Pilati
265 2581 306 2613 420.

150 2636 210 2672 Adami
222 2643 264 2682 quot
276 2636 340 2671 suerint
351 2636 400 2671 liberi
413 2640 451 2672 787.

150 2694 210 2730 adami
221 2701 268 2727 aetas
281 2701 323 2740 quot
334 2706 415 2729 annorum
427 2695 460 2729 suit
468 2699 484 2730 4.

150 2752 210 2787 Adami
221 2751 271 2785 liberi
282 2757 300 2784 et
316 2759 387 2798 nepotes
399 2753 434 2787 rius
446 2765 467 2786 ex
478 2753 531 2787 Setho

172 2809 214 2843 ibid.

151 2867 224 2902 Adamas
240 2866 336 2912 designatus
354 2879 386 2913 per
400 2866 486 2902 hominem
498 2867 531 2901 de-

173 2924 282 2958 scendentem
293 2925 314 2959 ab
324 2924 429 2959 Hierusalem
440 2925 457 2959 io
465 2925 530 2960 iericho

175 2986 213 3018 394.
524 2980 537 3005 *

152 3041 212 3076 Adami
228 3040 293 3075 creatio
310 3040 332 3074 de
348 3047 393 3075 terra
408 3044 425 3075 t.
438 3059 460 3066 -
483 3047 531 3074 vetus

573 974 678 1021 quorundam
694 974 716 1007 de.
730 973 790 1007 Atlanti
802 973 889 1008 creatione
900 986 930 1009 re·

573 1033 629 1066 inlata
641 1031 699 1077 opinio
711 1030 752 1065 ibid.
881 1067 883 1071 ¹

552 1089 611 1123 Adami
622 1100 683 1122 nomen
698 1088 785 1122 hominem
796 1088 879 1133 significat
890 1088 931 1123 ibid.

552 1145 611 1180 Adami
623 1157 665 1179 uxor
679 1157 700 1179 ex
712 1145 786 1178 eiusdem
798 1157 870 1191 corpore
882 1152 932 1180 etex

574 1203 633 1237 eodem
641 1202 700 1236 alllatu
707 1201 765 1235 similis
773 1201 788 1235 ei
797 1210 885 1248 procreata
890 1203 931 1237 ibid.

553 1261 624 1295 adamus
636 1273 665 1295 cur
677 1272 687 1295 a
698 1260 732 1295 deo
744 1260 807 1294 eiectus
819 1260 852 1295 fuir
864 1260 886 1295 de
899 1273 932 1308 pa-

574 1319 631 1353 radiso
643 1321 682 1354 546.

553 1377 612 1411 adami
623 1376 726 1423 procreatio,
737 1375 793 1417 liberi,
805 1382 852 1410 aetas
862 1382 879 1411 et
887 1388 932 1412 mors

576 1438 615 1469 640.
849 1438 851 1443 “

553 1493 684 1538 Αᾶαῐηιιεηεεμιε
690 1491 766 1537 iudaeus,
777 1503 832 1538 neque
836 1491 934 1535 idololatra,

575 1550 610 1591 sed,
623 1557 642 1583 ut
654 1549 747 1596 propheta,
761 1549 844 1584 catholica
854 1549 888 1584 fide
899 1550 933 1584 im-

575 1608 625 1642 butus
637 1610 654 1640 6.

554 1665 613 1699 adami
624 1665 673 1699 liberi
684 1676 721 1708 cum
731 1664 817 1699 sororibus
826 1663 934 1699 matrimonia

576 1729 695 1756 contraxerant
707 1725 746 1756 28⁷.

554 1779 614 1812 Adurni
624 1779 731 1823 sepulchrum
742 1781 788 1818 eut„
800 1785 818 1811 et
827 1780 861 1811 603
873 1777 933 1822 (edd.)

554 1835 683 1869 adamianorum
703 1835 776 1869 haeresis
798 1834 884 1879 trigesima
904 1846 934 1868 se-

577 1893 632 1926 cunda
642 1899 681 1937 post
692 1891 847 1933 Christianismum,
859 1891 895 1924 sive
904 1903 934 1925 or·

577 1949 617 1982 dine
628 1949 765 1995 quinquagesima
776 1947 850 1982 secunda
859 1950 899 1981 458.
911 1968 935 1975 -

576 2006 633 2051 talpae
644 2013 762 2051 comparantur
770 2004 812 2039 ibid.
823 2024 846 2032 -
865 2004 935 2039 ridicula
950 1995 955 2000 Ἰ

577 2074 635 2096 eorum
651 2062 725 2096 haeresis
738 2062 779 2096 ibid.
791 2081 814 2088 -
837 2062 880 2095 ritus
891 2073 933 2107 qua·

576 2119 601 2152 les
618 2119 652 2153 sint
665 2122 704 2152 459.
722 2138 744 2145 ·-
773 2119 802 2152 ubi
820 2118 936 2152 conventicula

575 2175 650 2209 habeant
664 2175 706 2210 ibid.
725 2195 746 2202 -
773 2174 814 2209 nudi
831 2175 935 2209 ceremonias

577 2240 594 2266 et
605 2233 686 2278 mysteria
702 2244 732 2266 sua
743 2238 839 2278 peragunt,
855 2239 891 2266 tant
903 2232 935 2265 viri

577 2302 627 2336 quam
648 2290 722 2324 feminae
743 2289 784 2323 ibid.
801 2308 824 2315 -·
847 2289 935 2323 ecclesiam

576 2359 623 2382 suam
630 2354 693 2382 vocant
702 2346 798 2382 Paradisum
806 2345 847 2381 ibid.
855 2367 878 2374 -
894 2359 935 2394 qua-

576 2405 597 2439 lis
615 2405 703 2440 Paradisus
724 2405 820 2449 terrestris,
845 2411 863 2439 et
881 2405 935 2440 rictus

578 2464 638 2498 hdami
649 2471 667 2498 et
677 2465 724 2498 Evae
735 2463 775 2497 ibid.

555 2522 677 2568 Aegyptiorum
688 2521 780 2568 primordia
792 2525 809 2556 8.

556 2580 677 2626 Aegyptiorum
693 2580 735 2614 ritus
751 2592 802 2626 quam
818 2579 853 2613 sint
868 2579 936 2614 ridiculi

577 2641 628 2672 1092.
642 2658 664 2664 —
688 2650 731 2683 quae
738 2638 784 2683 apud
795 2649 824 2672 eos
833 2649 880 2671 sacra
890 2638 935 2672 llar-

578 2696 651 2742 pocratis
662 2695 703 2729 ibid.

555 2753 683 2799 Aequinoctium
695 2759 721 2787 est
732 2752 771 2786 anni
782 2751 850 2786 initium
861 2755 900 2787 814.

555 2810 600 2844 nerii
617 2810 691 2844 haeresis
708 2810 845 2856 quinquagesima
864 2809 936 2855 septima

576 2868 612 2901 sire
636 2868 696 2902 ordine
720 2868 843 2914 septuagesima
864 2867 936 2913 septima

577 2928 615 2960 out.
628 2946 651 2953 -
674 2925 751 2960 haereses
764 2926 808 2960 uude
819 2931 868 2959 natae
879 2928 918 2960 905.

555 2984 600 3017 serii
609 2984 681 3018 historia
698 2983 739 3018 ibid.
750 3003 774 3010 —
796 2983 888 3018 monachus
897 2996 935 3018 eum

577 3042 665 3076 Eustathio
683 3041 717 3075 fuit
736 3040 777 3074 ibid
794 3060 816 3068 -
845 3041 935 3090 presbyter
