1988 3392
133 217 175 261 748
420 200 423 202 Β
440 225 514 259 runrx
526 224 612 258 annun.

156 307 203 341 annis
218 309 246 340 14.
262 310 280 339 et
296 307 324 340 17.
341 303 369 339 fao
384 304 431 349 ipsos
446 311 465 338 ut
479 303 514 338 sint
538 303 637 338 Athanasius
654 304 742 338 restitutus
757 304 798 339 ibid.
810 324 834 333 -
856 306 916 344 iterum

156 365 172 397 iu
186 373 222 402 me,
242 369 274 396 eto
286 364 325 395 793.
338 381 359 387 -
382 361 418 394 eius
430 360 513 394 relutatio
559 360 622 404 pulsus,
634 373 655 394 ac
665 360 720 395 denuo
730 362 817 396 restitutus
828 375 839 397 a
848 364 916 402 loviano

155 419 196 453 ibid.
208 439 230 445 -
247 426 265 453 et
275 418 346 453 ecclesia
359 417 426 451 Christo
437 418 514 463 proxima
558 416 636 462 imperat.
650 420 688 451 726.
702 437 723 444 -
740 430 778 452 eum
789 419 851 454 Valens
860 420 916 467 impe.

155 476 196 509 ibid.
214 495 236 501 —
265 487 299 521 quo
315 485 366 507 sensu
386 485 428 507 nnus
448 474 514 508 dicatur
559 480 606 507 rator
617 473 678 508 eiicere
690 485 724 508 non
735 475 788 509 audet
799 476 840 511 ibid.

156 532 231 566 Christus
249 544 287 565 oum
297 531 330 565 deo
342 538 360 564 et
372 542 410 564 cum
427 530 513 576 discipulis
537 529 663 564 Atheniensium
678 543 725 565 sacra
740 538 758 565 et
774 532 852 578 Dionysii
868 535 915 580 orgia

156 592 195 623 794.
559 589 610 621 1092.

133 648 232 682 Arianorum
247 653 346 692 urgrrmeuta
364 646 443 691 captiosis
457 645 512 691 syllo-
538 644 593 679 Attica
604 645 651 690 regio
663 646 707 680 unde
719 645 765 680 dicta
777 649 806 681 11.

154 704 212 750 gismis
224 704 313 745 conclusa,
331 710 348 737 et
359 715 418 737 eorum
431 703 513 737 refutatio
538 702 651 736 Andianorum
670 703 743 737 haeresis
763 706 791 738 50.
807 712 847 750 post
867 705 916 741 Chri-

157 765 197 796 794,
328 808 330 810 Ι
559 759 664 795 stianismum
679 761 738 796 ordine
750 764 777 796 70.
787 765 827 797 811.
839 783 861 791 -
884 763 916 799 ali-

134 822 191 856 Ariani
201 819 311 862 Aristotelioi‚
324 831 416 866 eorumque
428 819 513 855 cavillatio
559 825 587 852 ter
599 819 659 853 Odiani
670 818 711 855 dicti
721 820 763 857 ibid.
770 840 792 847 —
809 821 838 855 nbi
845 827 864 855 et
872 834 916 870 qno.

157 882 196 915 795.
208 899 230 905 -
254 880 289 914 eius
301 879 364 913 solutio
376 879 418 913 ibid.
560 877 612 912 modo
627 877 691 924 degant
707 879 749 913 ibid.
760 898 783 907 -
806 880 843 927 quis
859 893 918 917 eorum

134 938 233 974 Arianorum
246 938 324 983 impietas
337 937 395 971 nescio
409 937 450 983 quid
460 936 514 970 simile
560 942 620 969 auctor
630 935 673 971 ibid.

155 996 205 1030 idolis
215 996 237 1030 de
249 996 316 1030 Christo
327 996 436 1029 statuentium
448 997 486 1031 755.
537 993 587 1027 Andii
603 994 674 1028 historia
691 994 732 1029 ibid.
750 1014 773 1022 -
796 995 831 1031 eius
848 992 917 1034 libertas

136 1055 193 1088 Ariani
204 1055 314 1095 refelluntur,
325 1052 453 1098 ostenditurque
464 1052 514 1086 Chri·
559 1051 577 1084 in
588 1051 728 1096 reprehendendo
737 1056 776 1088 812.
785 1072 806 1080 -
830 1053 851 1087 ab
861 1054 918 1089 eecle-

156 1118 201 1145 stum
212 1124 247 1145 non
259 1110 292 1144 dici
304 1118 397 1145 creaturam
407 1113 445 1144 758.
560 1107 584 1141 sia
596 1120 614 1141 se
625 1110 720 1154 segregavit
730 1110 772 1146 ibid.

134 1169 183 1203 Arius
193 1169 214 1202 ab
227 1168 299 1202 ecclesia
313 1168 390 1201 deiectus
401 1169 419 1201 in
430 1167 514 1202 Palaesti-
538 1165 651 1199 Audianorum
660 1167 731 1202 schisma
739 1167 780 1202 ibid.

156 1238 195 1259 nam
206 1226 276 1259 recessit
287 1228 324 1259 720.
538 1223 623 1257 Andianus
636 1232 701 1259 creatus
713 1224 802 1271 episeopus
814 1226 857 1260 ibid.

134 1283 238 1329 Artotyritae
249 1282 291 1316 dicti
302 1295 312 1316 a
323 1293 367 1327 pane
379 1288 397 1314 et
408 1293 462 1322 caseo,
475 1281 514 1327 qni·
538 1280 652 1315 Audiauorum
664 1294 711 1316 error
723 1282 744 1316 de
755 1283 828 1328 imagine
838 1283 866 1318 dei
877 1287 917 1320 813.

156 1341 187 1374 bus
198 1341 216 1373 in
227 1339 311 1385 mysteriis
323 1339 356 1372 suis
371 1339 463 1373 utebantur
473 1342 513 1372 418.
562 1358 582 1363 -
600 1338 656 1372 variae
671 1340 760 1384 opiniones
777 1340 798 1374 de
813 1352 834 1374 eo
850 1341 867 1375 in
884 1353 918 1388 quo

134 1397 205 1443 Aspides
221 1398 284 1442 seipsas
300 1397 394 1437 devorant,
417 1403 436 1429 et
453 1396 514 1430 fortior
560 1395 592 1430 sita
603 1396 626 1429 sit
636 1396 692 1441 imago
702 1396 730 1430 dei
739 1397 756 1430 in
765 1397 834 1432 homine
844 1400 883 1433 814.
895 1419 918 1427 -

157 1466 215 1488 earum
225 1454 355 1500 Aspidogorgon
365 1460 435 1487 vocatur
447 1456 486 1487 151.
560 1452 589 1486 dei
598 1453 654 1498 imago
665 1454 683 1487 in
692 1454 762 1488 homine
772 1466 807 1489 non
818 1456 869 1500 periit
877 1456 918 1492 ibid.

134 1512 264 1558 Aspidogorgou
276 1523 309 1546 una
318 1524 339 1545 ex
352 1511 438 1557 aspidibus
452 1506 519 1545 fortior
560 1528 583 1535 -—
600 1510 638 1544 loca
651 1511 710 1556 quibus
726 1511 803 1545 nituntur
815 1511 887 1547 Audiuui
900 1521 918 1548 ut

158 1576 222 1603 ceteras
234 1569 322 1602 absumens
332 1572 359 1602 61.
560 1567 634 1612 probent
650 1568 740 1613 imaginem
757 1568 785 1602 dei
801 1581 838 1603 esse
848 1569 866 1604 iu
878 1582 918 1605 eor-

135 1626 184 1672 Aspis
196 1626 217 1660 ab
229 1626 288 1670 aspide
299 1637 382 1660 venenum
395 1632 453 1660 mutuo
464 1626 515 1659 sumit
561 1636 603 1670 pure
614 1625 686 1659 hominis
694 1629 733 1659 816.
742 1644 765 1651 -
781 1626 822 1660 deus
832 1629 918 1673 quomodo

157 1684 236 1729 proverb.
247 1686 275 1718 68.
561 1694 571 1715 a
584 1683 672 1728 prophetis
685 1684 708 1716 sit
719 1685 764 1717 visus
776 1687 815 1717 817.

137 1744 189 1774 Assur
200 1753 210 1773 a
219 1739 287 1774 Graecis
297 1739 343 1774 idem
352 1740 426 1774 creditur
435 1751 474 1774 cum
481 1742 515 1774 Zn-
539 1739 652 1773 Andianorum
664 1739 685 1773 de
696 1741 776 1786 paschate
787 1753 835 1776 error
840 1745 884 1784 ⁴820.
897 1762 918 1771 -

157 1806 223 1832 roastro
237 1800 252 1831 7.
561 1808 619 1830 eorum
632 1798 675 1831 cirea
687 1799 721 1832 hoc
733 1799 816 1834 calumnia
828 1803 867 1834 821.

134 1859 186 1889 Assur
198 1855 241 1888 filins
249 1855 346 1889 Nembrotb
357 1866 398 1899 quas
410 1854 459 1888 urbes
471 1866 514 1888 con·
538 1853 600 1887 Audius
611 1866 663 1887 senex
678 1855 696 1888 in
708 1856 794 1901 Scythiam
809 1857 831 1890 ab
843 1857 918 1903 impera-

157 1912 202 1945 didit
214 1914 229 1945 7.
560 1918 599 1944 tore
607 1912 691 1955 relegatus
699 1915 767 1946 827-
779 1913 795 1946 in
807 1914 869 1948 Gothia
879 1927 918 1949 mo-

134 1969 240 2013 Assyriorum
251 1968 344 2013 primordia
356 1972 372 2002 8.
560 1968 634 2001 nasteria
645 1968 718 2003 instituit
728 1970 770 2004 ibid.

134 2027 209 2059 Asterius
218 2026 295 2070 sophista
305 2025 322 2058 in
332 2026 451 2070 persecutione
458 2026 514 2060 lilari-
539 2025 652 2059 Andianornm
667 2026 703 2060 vita
718 2028 823 2062 sanctissima
837 2029 879 2064 ibid.
896 2050 918 2056 -

156 2082 208 2117 miani
220 2082 270 2116 fidem
282 2084 353 2116 eiuravit
388 2084 404 2115 5.
560 2082 632 2117 aliorum
643 2085 779 2119 communionem
790 2086 867 2120 devitant
877 2086 918 2121 ibid.

134 2140 235 2175 Athanasius
251 2147 318 2174 creatur
335 2140 362 2184 epi
382 2151 424 2184 opus
441 2140 514 2173 Alexan·
539 2143 592 2173 Azina
609 2151 650 2174 uror
668 2140 727 2186 Sethi,
745 2142 854 2189 eiusdemque
870 2155 919 2179 soror

157 2198 214 2241 driae,
232 2197 300 2242 eiusque
314 2197 388 2231 studium
399 2197 416 2230 in
427 2197 515 2230 ecclesium
561 2200 600 2230 287.

158 2258 196 2287 766.
210 2273 231 2281 -
253 2254 307 2287 multa
322 2265 412 2298 perpessus
428 2254 450 2287 ob
464 2253 515 2286 fidem

156 2312 198 2344 ista.
720 2324 737 2356 1³.

133 2367 220 2401 Athanasii
231 2367 306 2411 episcopi
319 2366 429 2399 Alexandriae
443 2365 515 2410 epistola

156 2424 179 2457 ad
191 2424 287 2467 Epictetum
303 2423 429 2456 Corinthiorum
446 2422 513 2466 episeo-
621 2457 626 2464 ¹

157 2492 198 2524 pum
210 2483 249 2513 997.
560 2468 581 2489 ac
591 2464 663 2491 varietas
675 2461 714 2491 288.

134 2537 235 2571 Athanasius
246 2537 333 2581 ordinatus
342 2538 432 2583 episeopus
441 2535 515 2571 Alexan·
539 2515 644 2579 B³pt¹f⁸m⁹⁵
661 2515 723 2549 iterum
740 2515 845 2557 haeredem·
868 2516 920 2552 etlam

158 2594 204 2628 [hiae
217 2598 255 2629 722¹
561 2576 632 2605 Arranos
644 2585 732 2618 perperam
744 2575 800 2608 facere
813 2577 863 2608 1095.

538 2399 614 2445 Babylon
627 2400 705 2440 condita,
723 2409 741 2435 et
752 2402 846 2447 linguarum
857 2403 918 2438 divisio

135 2652 235 2686 Athanasius
251 2653 352 2686 Meleganos
369 2652 391 2686 ag
409 2650 514 2686 communio.
539 2641 603 2674 barbae
614 2642 671 2676 tonsio
679 2642 763 2687 prohibita
773 2643 919 2680 constitutionibus

158 2723 197 2745 nem
212 2718 260 2757 urget
278 2715 351 2745 722-
373 2711 418 2745 idem
430 2717 516 2744 aecusatus
562 2699 659 2745 ‘¹l’0520llCis
672 2704 722 2735 1⁰73·

159 2773 198 2804 723·
211 2790 233 2796 .-
256 2769 465 2804 huiuscausamncffium
474 2770 516 2814 Tyri
540 2758 650 2793 barbarorum
662 2760 718 2794 variae
728 2767 796 2802 sectae,
813 2769 831 2795 et
841 2762 920 2797 ludorum

157 2830 202 2863 iussu
209 2827 316 2862 Constantini
322 2836 442 2872 congregatum
448 2827 489 2860 ibid.
494 2846 516 2852 —
563 2820 591 2851 ῃ·
608 2821 659 2851 1⁰91·

159 2887 235 2920 Ursatius
246 2895 263 2920 et
271 2886 334 2920 Valens
344 2893 451 2919 accusatores
463 2886 515 2919 Atlra-
540 2888 699 2922 Bardesianistarnm
725 2889 799 2923 haeresis
830 2892 858 2924 36.
881 2896 921 2936 post

158 2945 200 2977 nasii
216 2945 237 2978 ab
253 2943 325 2978 Eusebio
342 2943 429 2977 subornati
443 2946 481 2978 724.
495 2962 515 2969 -
564 2945 723 2987 Christianismum,
746 2946 782 2980 sive
796 2949 824 2981 56.
839 2950 880 2982 tte.
897 2966 920 2975 -

158 3005 243 3047 relegatur
265 3002 376 3042 Athanasius,
399 3008 417 3034 et
433 3002 451 3034 in
469 3000 516 3035 ltalia
563 3002 599 3047 quis
624 3002 676 3037 fuerit
700 3003 809 3038 Bardasianes
832 3005 873 3039 ibid.
897 3024 920 3032 -

159 3060 216 3094 exulat
229 3062 267 3094 725.
282 3079 302 3085 -
326 3058 404 3092 Arsenins
416 3058 462 3093 vivus
475 3070 516 3103 pro·
563 3060 630 3104 scripsit
649 3068 708 3095 contra
726 3061 822 3106 astrologos
841 3061 863 3095 de
882 3062 919 3096 lato

159 3116 226 3152 ducitur
236 3124 254 3150 et
263 3117 329 3162 integer
338 3115 379 3150 itit.
563 3121 603 3152 477.
614 3138 636 3145 -
654 3117 689 3152 eius
701 3129 767 3154 errores
777 3118 818 3153 ibid.
829 3138 850 3146 -
865 3111 920 3165 nega-
