1988 3392
144 202 186 245 312
432 208 643 245 ειαοτιεειεκλιειι

146 307 187 333 νων
198 291 239 332 τάν
253 287 340 343 οὐσιοῖν,
362 287 410 332 ἀλλά
420 287 640 347 μιάςπαρά4πάσας,
662 287 759 344 ῆτιςέστὶ
771 288 846 346 θεότης
861 294 897 347 μία
909 294 931 336 ἐν

145 356 221 415 τριάδι,
237 363 282 409 πῶς
293 360 323 403 ἔτι
333 356 505 413 ἀπολειφθήσεται
516 362 544 418 τῷ
555 358 641 418 γεννάδα
657 357 722 418 τούτῳ
735 356 757 402 τό
770 360 931 414 καταπληκτικόν

146 427 210 471 αὐτοῦ
219 433 290 485 χωρεῖν
302 430 334 471 ἐπὶ
346 426 394 478 τούς
406 426 465 479 υἷούς
477 432 513 483 τῆς
529 427 637 484 ἀληθείας,Ι
666 431 742 472 Λιοίσει
757 428 780 471 δὲ
792 428 827 471 καὶ
844 425 932 486 ὁποτέρα

145 502 182 552 τῆς
196 494 306 553 ὁποτέρας,
327 495 358 539 ότι
367 495 382 551 ῆ
392 497 428 551 μὲν
439 495 497 553 τριάς
507 500 576 550 κτίζει,
596 496 622 540 τά
633 498 655 540 δὲ
669 496 736 541 πάντα
747 495 782 540 ἀπ’
793 496 856 552 αὐτῆς
867 497 931 541 κε’κτι-

147 580 197 609 σται.
224 562 294 619 Καὶῆ
305 565 406 619 μένε’στιν
422 565 544 618 ἀδέσποτος,
565 565 589 609 τά
603 566 625 609 δὲ
635 564 670 608 ὐπ’
681 564 743 621 αὐτῆς
753 564 849 622 γενόμενοι
860 566 932 611 δεσπά·

146 640 207 688 ζεταν
222 636 256 677 καὶ
266 632 281 688 ῆ
293 634 329 688 μὲν
339 632 490 687 μεταβάλλεται,
505 633 519 690 ῆ
530 635 552 678 δὲ
563 633 696 691 ἀπαράβατον
707 636 745 689 ἔχει
754 632 792 687 τῆν
804 633 878 688 φύσιν,
899 651 933 690 με·

147 704 272 758 ταβάλλουσαι
282 701 315 745 ἀεὶ
330 700 355 744 τά
368 700 403 744 ἀπ’
414 702 478 757 αὐτῆς
490 702 660 758 μεταβαλλόμενα,
681 704 716 745 καί
733 704 754 754 ἒξ
766 700 804 746 οὐκ
820 701 885 746 όντων
897 702 933 753 τάς

149 772 219 820 οὐσίας
231 771 266 813 καί
281 769 317 820 τάς
329 768 450 819 ὑποστάσεις
465 768 554 825 ὐφιστάν
566 771 674 826 δυναμένη.
706 775 770 823 Τοῦτο
781 769 819 827 γάρ
833 772 873 814 ἔστι
883 785 933 826 συμ-

148 840 226 897 πρέπου
237 843 281 897 θεῷ
291 840 313 882 ἐκ
324 837 352 893 μῆ
364 836 512 893 ἀποκειμένων,
533 840 567 882 καὶ
580 840 601 890 ἐξ
612 837 651 883 οὐκ
661 836 726 882 άντων
740 836 776 882 ὐπ’
790 837 853 882 αὐτοῦ
868 855 933 896 γεγεν-

148 908 238 962 νημένων
254 909 298 958 καὶ,
308 905 449 960 ἀποστάντων,
469 906 520 950 κατά
536 906 572 962 τῆν
589 906 722 962 διακόσμησιν
740 905 889 962 μετασκευάζειν
907 904 934 957 τίς

149 975 251 1035 βούλεται.Ι

207 1040 282 1086 Ἀετίου
292 1042 406 1097 κεφάλλά.
436 1045 466 1085 Εἰ
477 1049 532 1087 πάσα
544 1043 604 1087 οὐσία
616 1044 669 1086 ἐστὶν
680 1040 796 1099 ἀγέννητος,
818 1040 935 1086 πάσάἒστιυ

150 1110 307 1169 ἀπαράλλακτος.
339 1116 380 1166 Τῆς
393 1112 430 1154 1δὲ
440 1111 511 1163 οὐσίας
523 1111 545 1155 τό
557 1110 707 1168 ἀπαράλλακτον
719 1112 814 1167 ἕχουσης,
836 1109 859 1154 τό
870 1116 935 1155 ποιεῖν

150 1182 217 1224 τεκαὶ
230 1180 253 1223 τό
269 1179 352 1234 πάσχειν
368 1178 509 1239 αὐτοματισμῷ
526 1181 643 1224 ἀναθετέον.
674 1184 759 1223 Πολλῶν
772 1180 793 1223 δὲ
805 1179 869 1223 όντων
880 1178 936 1237 ἀγεν-

150 1248 217 1303 νήτων
233 1249 267 1291 καὶ
284 1247 450 1304 ἀπαραλλάκτων,
474 1246 635 1306 δάναριθμῆτως
650 1250 761 1292 διοίσουσιν
774 1247 869 1303 ἀλλήλων.
904 1247 935 1290 Οὐ

151 1316 189 1376 γάρ
202 1315 267 1371 ἀνείη
278 1314 382 1372 ἀριθμητά
392 1315 417 1359 τά
428 1319 523 1360 διεστῶτα
533 1315 548 1373 ῆ
558 1316 661 1370 καθόλου,
680 1315 756 1372 ῆκατά
768 1335 796 1370 τι,
817 1315 884 1373 πάσης
894 1319 936 1361 διοι-

151 1385 240 1437 στάσεως
253 1384 395 1443 ἀποκληρωσίν
407 1405 452 1430 τινα
464 1387 601 1444 ἒμφαινούσης
610 1389 676 1432 αἰτίου
685 1385 844 1445 ἀποτεταγμένης
854 1385 937 1445 ἀγεννῆ-

152 1475 188 1502 του
203 1456 289 1511 φάσεως,

209 1595 287 1653 Ἀνατρ.
318 1594 350 1639 Οὐ
358 1601 413 1640 πάσα
426 1594 484 1641 οὐσία
501 1595 617 1655 ἀγέννητος·
639 1596 720 1653 ῆλίθιον
735 1596 773 1655 γάρ
786 1598 821 1640 καὶ
834 1595 856 1642 τό
868 1599 936 1641 διανα

154 1674 229 1721 εῖσθαι,
244 1666 279 1710 καὶ
286 1662 402 1721 Ἑλληνικῆς
412 1664 511 1723 ἀγνωσίας
521 1660 581 1717 οὗτος
590 1664 602 1710 ό
610 1665 712 1723 λογισμός,
727 1667 760 1710 καὶ
771 1664 793 1711 τό
805 1666 938 1723 ἀπόφθεγμα,

153 1736 193 1781 κάν
207 1753 227 1779 τε
242 1735 398 1788 ἀποφαντικοῖς,
415 1733 454 1778 κάν
470 1752 491 1779 τε
505 1737 630 1793 ἒρωιητικῶς
641 1741 669 1794 τῷ
678 1735 749 1794 Ἀετίρι
758 1737 839 1793 είρηται.
869 1741 938 1791 Δῆλον

156 1805 195 1848 3δὲ
211 1804 243 1849 ότι
259 1806 386 1861 ἒρωτητικῶς.
415 1802 513 1860 Ἑλλήνων
524 1807 592 1848 τοίνυν
602 1807 677 1856 παῖδας
691 1808 751 1848 τοῦτο
764 1803 864 1862 ἐρωτάτω.
895 1804 938 1847 Κά·

71 1899 144 1936 pagffl.
156 1880 219 1919 κεῖνοι
229 1874 251 1917 δὲ
262 1872 316 1931 αὐτῷ
332 1874 500 1916 συυτιθέσθωσαν
511 1877 569 1916 τοῦτο
587 1874 637 1928 ἔχειν
652 1874 675 1917 ἐκ
687 1868 820 1930 συλλογισμῶν
833 1873 855 1917 τό
867 1872 940 1931 ἒριάτη-

154 1962 193 1999 μα,
207 1943 258 1997 ὐλην
268 1940 313 1985 τινά
327 1942 436 1999 σύγχρονον
447 1946 476 2001 τῷ
487 1946 529 2002 θεῷ
540 1944 699 1997 ἐπιφημίζοντες.
728 1941 851 1986 Ἅλισκέσθω
864 1943 886 1986 δὲ
897 1941 940 1999 ἀμα

154 2015 249 2063 ἐκείνοις,
265 2013 283 2055 εἰ
292 2017 420 2064 συντιθοῖτο,
442 2010 526 2067 ε’χούσης
537 2016 573 2067 τῆς
585 2011 682 2068 ἀληθείας
689 2015 713 2055 ’ἓν
723 2009 774 2055 εἶναι
785 2010 808 2056 τό
819 2017 902 2065 ποιοῦν,
917 2014 940 2056 ἐν

155 2086 191 2141 μιᾷ
204 2079 264 2140 οὐσία
280 2079 361 2138 τριάδος
375 2082 458 2131 τελείας,
478 2081 512 2124 καὶ
528 2080 554 2124 οὐ
570 2080 622 2124 κατά
637 2079 766 2136 4συναλιφῆν
782 2078 939 2138 ἀριθμουμένης.

157 2150 187 2195 Τά
200 2148 218 2193 δ’
230 2148 278 2193 ἀλλα
288 2148 354 2192 πάντα
370 2148 466 2206 γεννητά,
485 2150 519 2192 καὶ
535 2149 615 2203 κτιστά,
635 2151 670 2193 καί
682 2148 719 2193 οὐκ
730 2148 832 2207 ἀγέννητοι.
865 2155 906 2206 Τῆς
918 2151 940 2194 δὲ

154 2218 252 2274 θεότητος
268 2217 362 2261 ἀκτίστου
378 2217 452 2273 οὐσης,
473 2218 550 2275 πατρός
560 2219 596 2273 μὲν
605 2210 725 2275 γεννῶντος,
746 2221 793 2261 υίού
805 2218 827 2260 δὲ
836 2223 939 2274 γεννητοῦ,

154 2288 268 2343 πνεύματος
285 2288 307 2330 δὲ
322 2285 380 2343 ἀγίου
395 2289 416 2337 ἐξ
428 2286 492 2329 αὐτοῦ
504 2286 652 2342 ἀπεσταλμένον
668 2292 705 2331 τοῦ
716 2285 792 2345 πατρός
804 2288 840 2330 καὶ
852 2292 892 2330 τῶν
903 2292 940 2331 τοῦ

154 2359 202 2400 υίού
215 2355 361 2410 λαμβάνοντος,
382 2354 463 2398 πάντων
478 2356 499 2399 δὲ
516 2354 581 2399 όντων
596 2357 740 2410 κεκτισμὲνων,
761 2360 798 2400 τοῦ
815 2356 837 2399 δὲ
851 2354 939 2413 ἀπαραλ-

154 2424 229 2468 λάκτου
237 2429 262 2484 τῆ
274 2423 357 2479 δυνάμει
368 2425 472 2479 μένοντος,
489 2423 662 2481 5συμιιρεπόντως
672 2426 693 2467 ἒν
704 2430 729 2484 τῆ
740 2424 806 2481 τριάδι
815 2423 882 2479 πάσης
891 2423 940 2467 θεό-

155 2510 214 2548 τητος
225 2494 259 2536 ε’πὶ
271 2491 307 2535 τόν
323 2493 399 2549 πατέρα
417 2490 594 2547 θάναφερομένης,
616 2491 650 2536 διά
668 2491 690 2536 τό
706 2491 788 2549 εὐλογον
799 2493 834 2535 καὶ
845 2490 939 2536 ἀπτωτον

154 2565 191 2615 τῆς
202 2560 289 2616 μονάδος
299 2561 334 2603 καὶ
348 2559 371 2603 τό
385 2558 512 2617 ἀναιρετικόν
528 2565 564 2615 τῆς
578 2564 689 2612 πολυθεΐας
703 2560 726 2605 τό
740 2561 776 2616 μὲν
787 2559 940 2617 ἀπαράλλακτον

155 2631 209 2684 μένει
218 2634 243 2688 τῆ
254 2627 348 2682 δυνάμει,
363 2628 385 2671 τό
398 2629 420 2671 δὲ
432 2627 514 2684 εὐλογον
525 2628 681 2684 συμπρεπόυτως
693 2628 817 2685 ἀναλογεῖται
829 2631 876 2671 υίού
887 2627 939 2686 πρός

155 2698 242 2753 πατέρα,
264 2699 299 2739 καλ
313 2694 371 2752 ἀγίου
387 2695 506 2750 πνεύματος,
545 2699 617 2739 Τοίνυν
634 2697 710 2741 τούτων
729 2696 794 2746 οὐτως
814 2695 899 2750 ἐχόντων
919 2698 940 2747 ἐξ

154 2765 245 2822 ὑπαρχῆς
260 2769 347 2807 πεσεῖται
360 2768 395 2818 τῆς
412 2766 520 2818 ἐπιβουλῆς
532 2768 568 2806 τοῦ
579 2764 706 2822 ἐρωτήματος
718 2762 732 2820 ῆ
742 2767 827 2808 ἐπίνοια.
860 2761 891 2807 Οὐ
900 2762 938 2821 γάρ

177 2879 194 2916 4.
205 2879 264 2927 πάσης
272 2882 349 2915 mendum
356 2882 407 2914 ested.
416 2882 471 2915 Ριιαυ.
481 2881 535 2915 Gelon.
580 2879 597 2915 3.
608 2877 624 2918 δ’
635 2877 663 2917 ’ότι
669 2883 704 2916 ωδ.
713 2882 786 2924 Rham„
798 2883 812 2914 ιι
819 2882 851 2915 λιιι.
862 2889 901 2915 am.
909 2890 939 2916 ειι,

153 2932 202 2970 repet.
520 2935 522 2940 ’
579 2924 596 2960 4.
609 2926 712 2972 συναλοιφὴν
723 2929 760 2959 αλιι.
772 2928 827 2959 Ρτιαυ.

178 2974 194 3007 1.
206 2972 226 3009 δὲ
237 2984 267 3006 om.
279 2976 297 3006 ιἰι
308 2974 332 3006 ελ.
345 2975 399 3005 petav.
412 2974 465 3006 σολον.
476 2976 525 3014 τιμαί.
580 2973 596 3006 5.
609 2970 743 3017 ουμιιρεπόιτως
756 2973 813 3013 εοεῐμεί
826 2981 846 3005 εκ
861 2973 940 3006 emendat.

177 3019 194 3053 2.
211 3016 313 3063 ἀριδμητῶς
328 3020 373 3052 codd.
389 3029 425 3052 mss.
442 3023 507 3062 uterque
521 3023 536 3053 τι
559 3020 760 3062 θοιποτλῑ,ηυίοοιιυιιιι“λ
771 3017 888 3056 condecenter,
911 3019 940 3056 Liv

154 3068 191 3104 ιλιι.
201 3068 253 3109 princ.
265 3085 288 3092 —
310 3068 333 3102 De
344 3075 386 3110 seqq.
398 3067 418 3108 η.
430 3075 484 3109 supra.
558 3066 582 3100 bri
593 3068 641 3108 υυιρο
653 3063 783 3115 παρατρέποντος.
