1988 3392
259 215 351 249 Pauann
362 215 405 248 nro.
417 215 445 247 ιιι.
457 215 513 249 Tou.
522 215 544 248 n.
555 212 623 247 naun.
633 212 721 246 nxxvu.
843 203 885 244 343

100 294 135 337 sed
153 307 236 348 quorum
253 309 291 337 una
310 295 420 350 eademqne
436 309 493 337 mens
509 303 563 338 esset
584 309 628 336 cum
648 293 750 349 impietate
770 291 885 334 coniuncta.

99 362 210 419 Propterea
227 362 349 406 dissidebant
360 377 371 405 a
382 376 404 405 se
416 363 501 406 invicem
518 379 541 406 ac
552 363 666 420 pugnabant
676 361 690 402 ii
703 361 770 417 quide
782 361 827 402 fidei
840 374 886 416 pro-

101 431 187 473 fessione
198 445 209 472 a
220 432 309 487 patribus
320 432 341 473 in
352 430 443 474 Nicacna
455 432 531 488 synodo
543 433 619 488 prodita
630 431 749 486 gloriantur.
780 428 826 485 Ego
836 442 886 471 vcro

99 500 192 556 pictatem
207 507 261 542 tuam
273 514 394 557 magnopere
407 499 514 557 demiratus
531 509 586 552 suni,
608 501 658 556 qnod
671 500 721 541 istos
733 497 822 539 lromines
834 497 885 539 tole-

98 582 144 610 rare
160 568 258 623 potuerit,
275 582 339 624 neqnc
351 568 396 610 talia
408 569 527 611 iactantibus
540 568 640 610 silentium
651 566 781 624 imposuerit,
798 580 820 607 ac
833 566 885 621 piam

98 637 237 691 sinceramque
254 637 298 678 tidei
310 638 399 693 regulam
414 638 519 688 obtulerit,
541 652 579 693 qua
590 637 667 692 quidem
680 636 747 677 audita
761 635 793 677 vel
806 634 886 688 acquie-

98 711 186 756 scerent,
203 705 243 757 vel,
260 705 276 747 si
288 706 425 748 contradicere
433 706 521 758 mallent,
538 705 632 747 baeretici
643 704 801 746 nominarentur.
831 701 885 744 Nam

98 786 149 829 quae
165 779 211 814 ante
228 782 382 815 commemorata
396 782 453 827 sunt,
479 788 543 830 neque
558 774 655 829 proferri,
677 786 741 828 neque
759 771 823 813 audiri
834 770 886 825 apud

99 840 226 885 Christianos
239 850 333 897 possunt,
355 844 390 883 scd
403 843 427 884 ab
439 843 548 898 apostolica
561 841 663 898 disciplina
676 840 755 896 penitus
767 840 884 881 abhorrent.

98 903 199 966 Quocirca
215 911 329 952 eorumdem
346 925 384 966 ego
398 912 501 965 dogmata,
523 911 633 952 cuiusmodi
648 917 695 951 aotc
710 909 813 964 proposita
828 913 883 959 sunt,

98 978 149 1020 nude
167 978 212 1020 huic
229 980 324 1035 epistolae
341 980 449 1021 attexenda
466 979 547 1030 curavi,
570 986 591 1019 ut
607 977 639 1033 qui
654 978 703 1018 baec
715 977 778 1018 solum
790 976 883 1029 audierit,

98 1046 176 1088 illorum
191 1046 292 1089 infamiam
308 1047 468 1104 impietatemque
479 1047 631 1102 contempletur.
663 1045 694 1086 Aa
711 1045 790 1086 tametsi
806 1058 883 1096 eorum,

97 1115 191 1170 aquibus
207 1116 321 1170 excogitata
336 1116 374 1158 ista
392 1123 451 1167 suut,
474 1116 573 1171 turpitudo
587 1114 676 1171 pluribus
692 1114 804 1155 accusanda
817 1127 841 1154 ac
851 1127 885 1154 re-

97 1184 212 1239 darguenda
223 1184 322 1236 rideatur,
340 1184 466 1226 nibilominus
477 1184 527 1226 baec
537 1185 561 1225 ad
573 1184 669 1239 epistolae
679 1182 757 1223 modom
768 1182 816 1223 satis
828 1195 883 1233 esso,

97 1265 162 1306 neque
173 1251 254 1293 uberius
264 1252 390 1294 scribendum
401 1251 523 1295 existimavi.
554 1250 608 1293 Nam
621 1265 671 1306 quae
684 1258 722 1291 tam
734 1257 803 1306 aperta
815 1251 885 1305 neqni-

98 1320 124 1361 tia
137 1320 237 1376 implicata
248 1329 306 1372 sunt,
323 1321 398 1376 agitare
411 1321 550 1363 vehementius
563 1335 586 1362 ac
599 1320 697 1361 curiosius
709 1318 830 1375 perscrutari
843 1333 884 1360 uon

97 1395 188 1444 oportet,
205 1402 231 1429 nc
242 1403 254 1429 a
265 1390 397 1430 contentiosis
409 1388 520 1430 hominibus
533 1403 570 1444 pro
581 1388 646 1430 dubiis
657 1395 678 1428 ct
687 1387 785 1442 ambiguis
796 1387 883 1428 babean-

97 1463 136 1498 tur.
173 1454 241 1511 Quare
258 1457 278 1498 id
297 1471 357 1499 unum
375 1458 472 1499 adversus
490 1457 587 1498 eiusmodi
605 1457 699 1511 excipere
718 1469 741 1497 ac
759 1455 883 1510 respondere

96 1525 181 1577 sufficit,
202 1540 242 1566 non
259 1540 305 1567 esse
320 1526 369 1567 haec
382 1525 480 1567 eeclesiae
497 1526 607 1567 catholicae
623 1526 727 1581 dogmata,
749 1537 813 1579 neque
830 1524 883 1565 bunc

97 1599 174 1649 patrum
187 1601 300 1635 nostrorum
315 1607 396 1636 sensum
414 1594 515 1636 extitisse.
546 1592 623 1635 Verum
639 1607 676 1645 nc,
699 1593 716 1635 si
727 1593 808 1634 omnino
824 1592 883 1634 dissi-

96 1661 212 1713 mulavero,
229 1662 385 1716 perniciosorum
398 1663 511 1716 dogmatum
521 1662 638 1703 inventores
647 1662 681 1703 isti
692 1662 825 1718 impudentiae
834 1675 883 1703 snae

97 1729 202 1771 honestum
217 1730 303 1785 aliquem
319 1730 407 1772 colorem
426 1730 522 1782 babeant,
544 1744 606 1785 panea
624 1731 710 1772 csacris
727 1729 791 1772 literis
808 1743 883 1785 expro-

95 1797 167 1838 menda
183 1797 287 1849 videmur,
309 1811 337 1840 ex
350 1798 420 1853 quibus
433 1799 508 1854 pudore
523 1798 607 1841 forsitan
623 1799 688 1841 allecti
701 1799 725 1840 ab
739 1798 883 1841 sordidissimis

95 1865 136 1908 illis
151 1865 239 1909 inventis
254 1866 359 1922 aliquando
375 1866 495 1909 desciscent.

152 2070 256 2114 Undenam
270 2071 332 2127 igitur
349 2086 446 2127 usurpare
461 2072 513 2113 istud
531 2072 588 2113 vobis
600 2072 620 2113 in
632 2072 718 2114 animum
731 2072 812 2126 incidit,
835 2087 880 2114 cor·
893 2078 934 2123 cap.
945 2079 975 2114 Vt.

95 2155 131 2195 pus
148 2140 246 2182 divinitati
263 2141 319 2182 verbi
335 2154 380 2182 esse
397 2140 579 2182 consubstantiale?
614 2139 667 2182 Hinc
685 2140 737 2182 enim
756 2141 881 2197 potissimum

95 2209 185 2252 exordiri
196 2211 263 2262 iuvat,
287 2218 308 2251 nt
320 2224 344 2250 eo
357 2209 453 2252 convulso
470 2223 493 2251 ac
505 2208 624 2251 labefactato
640 2216 707 2251 cetera
721 2209 803 2265 perinde
818 2209 881 2252 imbe-

96 2278 141 2321 cilla
153 2286 297 2320 monstrentur.
328 2277 381 2321 Nam
394 2292 405 2319 e
418 2280 481 2321 sacris
497 2279 574 2335 quidem
587 2278 651 2321 literis
663 2278 759 2321 eiusmodi
773 2279 822 2321 nibil
835 2280 881 2321 elici

96 2355 173 2403 potest,
197 2363 247 2404 qnae
266 2348 352 2390 humano
367 2348 388 2389 in
406 2362 490 2405 corpore
506 2349 564 2389 deum
582 2348 674 2390 extitisse
692 2348 815 2404 praedicant.
852 2349 882 2392 Aa

96 2431 145 2458 vero
156 2424 222 2473 patres
231 2417 258 2458 illi
270 2418 302 2472 qni
312 2416 403 2459 Nicaeae
413 2423 557 2469 convenerant,
572 2432 612 2459 noo
621 2432 693 2474 eorpus
702 2419 737 2459 sed
747 2419 807 2460 lilium
816 2419 881 2474 ipsum

95 2486 145 2542 patri
156 2485 344 2528 consubstantialem
355 2501 401 2528 esse
412 2486 514 2538 dixerunt,
526 2500 610 2543 eumque
623 2488 648 2528 dc
657 2488 719 2543 patris
728 2488 826 2544 prodiisse
835 2489 882 2530 sub-

96 2555 181 2608 stantia,
201 2569 273 2612 eorpus
286 2568 335 2596 vero
347 2569 358 2596 e
368 2553 435 2597 illaria
450 2563 563 2612 susceptum
576 2569 603 2597 ex
615 2570 717 2598 sacrarum
732 2557 835 2599 literarum
847 2573 882 2600 au-

96 2623 188 2666 ctoritate
205 2624 306 2665 decretum
321 2631 361 2665 est.
399 2623 468 2679 Quare
484 2625 517 2667 vel
531 2622 642 2666 Nicacnam
658 2626 756 2682 synodum
773 2627 879 2681 eiuratote,

120 2782 146 2818 tt.
159 2783 189 2819 καὶ
200 2785 276 2819 Peteotus
286 2785 341 2818 mouit
351 2789 450 2827 suspectum,
462 2790 479 2819 ut
525 2783 552 2820 tt.
571 2781 584 2830 il
600 2785 650 2822 τοῦτο
666 2785 716 2831 μόνον
732 2784 792 2832 occup.
808 2800 826 2823 τι.
838 2800 853 2823 τ.
865 2800 881 2823 τ,

96 2831 254 2880 coacetttsetndeqet.
501 2828 734 2875 catalano-damatus.
762 2834 766 2839 '

120 2876 147 2908 1‘2.
159 2873 210 2911 καλὸν
222 2879 265 2911 εἰναι
276 2874 310 2915 ἕως
320 2871 384 2910 retem
395 2874 427 2919 τήι
439 2875 478 2911 ἐπι·
524 2880 551 2913 15.
563 2875 682 2923 ἀναισχυντίας
692 2881 711 2912 Β.

97 2919 159 2964 στολὴν
170 2923 216 2955 codd.
227 2931 265 2954 mss.
280 2926 294 2955 et
305 2923 329 2954 ed.
340 2923 391 2961 priae.
402 2925 424 2954 est
435 2926 477 2955 sort·
524 2923 550 2958 16.
562 2920 612 2967 ὀλίγα
623 2926 642 2956 Β.

95 2970 154 3007 ptura,
171 2977 220 3008 quum
232 2969 385 3000 Potaoiusmotcoit
396 2968 413 2998 in
424 2966 477 3003 καλὸν
524 2970 563 3001 Gar.
575 2970 604 3001 VI.
617 2987 640 2994 -
665 2971 679 3003 l.
692 2967 733 3014 duta
746 2973 766 3003 Β.
789 2968 831 3015 ἡμῖν
846 2975 882 3005 uot-

83 3053 84 3056 ,
97 3009 131 3051 ἕως
142 3009 205 3047 τούτων
217 3011 302 3057 εἶναιτὴν
314 3009 410 3055 ἐπιστολὴν.
498 3020 538 3057 poto
550 3018 609 3056 neap.
622 3017 701 3057 Eptphen
713 3019 798 3058 scripturo.

121 3056 147 3091 13.
159 3055 188 3091 ἐπὶ
199 3060 255 3094 πλεῖοι
266 3060 285 3092 Β.
521 3061 537 3094 Q,
549 3057 604 3106 α’ρχάς
614 3063 649 3095 cod.
661 3063 727 3104 noerio.
