1988 3392
123 194 126 200 '
148 199 190 242 284
435 208 519 242 οεαοτι
530 207 646 242 Εειειιικιι

146 304 181 330 νον
191 285 240 342 ἡμῖν
251 286 322 344 λόγον,
343 285 509 344 ὁμολογουμένων
520 285 602 330 πάντων
617 290 657 331 τῦν
671 286 803 342 κεκτισμένων
816 285 867 332 εἶναι
880 289 929 346 ἀλη-

64 374 99 403 pag.
108 367 138 397 τοι.
148 361 202 408 θῶς,
225 357 259 399 καί
271 356 309 412 οὐχ
324 358 389 400 ἕνεκεν
403 355 535 413 προςληψεως
547 354 607 409 ῦόξης
623 361 666 415 θεῷ
680 360 737 414 ητῷ
748 355 838 399 ἀνενδεεῖ
849 359 929 414 ἐπινοη-

146 425 234 468 θέντυυ·
256 424 320 484 όίςπερ
340 426 375 469 καὶ
391 426 425 469 ἐπὶ
439 429 476 468 τοῦ
489 428 621 482 μονογενοῦς,
643 425 677 468 καί
693 425 727 468 ἐπὶ
739 429 776 468 τοῦ
793 422 851 482 άγίου
865 425 932 472 αὐτοῦ.

146 492 260 550 πνεύματος
277 493 302 539 οῦ
314 494 337 537 τό
350 496 393 537 ἰ’σον
405 494 446 537 έστι
457 496 520 551 λέγειν
531 499 572 537 τῶν
583 498 676 537 κτιστολν·
692 494 811 538 ἀνένδεκτον
821 493 858 553 γάρ
869 501 929 541 τοῦτο

146 564 214 621 λέγειν.
242 563 291 608 Ἀλλ’
305 560 375 619 ἐπειδὴ
388 562 530 622 συλλογισμοῦς
542 562 588 619 κ’γίιει
600 564 668 622 φέρων
680 562 729 620 ἡμῖν
739 563 815 616 ’Λέτιος
826 580 930 623 μεταρσιο-

146 638 230 687 λεκτοῖν,
245 634 279 677 καί
290 631 341 689 πρός
353 631 378 676 τά
388 631 430 676 ἀνω
444 638 547 691 τολμηρῶς
557 632 723 689 ἀποτεινόμενος,
742 632 782 678 ἀπό
794 634 815 678 fik
825 638 866 678 τῶν
874 633 930 680 κάτω

147 701 352 760 ἀντισυλλογιζόμενος
367 702 491 758 κτισμάτων,
512 704 548 747 καὶ
565 701 627 754 αὐτός
645 704 707 758 μηῦὲν
723 701 864 761 εὑρισκόμενος
879 704 931 749 κατά

147 771 182 816 τόν
195 771 341 830 συλλογιστικὸν
352 772 415 817 αὐτοῦ
424 772 488 830 λόγον.
513 771 545 815 Ἥ
552 789 573 816 τε
582 771 620 830 γάρ
632 776 693 827 σοφία
706 771 823 830 ἀνθρώπων
836 773 929 831 παρέρχε-

146 859 187 896 ται,
208 840 222 897 ἥ
235 859 256 885 τε
268 841 404 899 συλλογιστική
419 844 470 895 λέξις
483 840 599 900 ἀνθρώπων
612 839 716 903 θάπτεται,
743 842 877 896 Ἐξελεῦσεται
891 842 930 902 γάρ

147 909 168 954 τό
182 917 261 966 πνεῦμα
272 910 346 966 αὐτοῦ,
361 913 396 955 καὶ
408 912 522 970 ἐπιστρέψει
534 913 562 963 είς
572 910 606 955 τόν
615 915 664 967 χοῦν
673 912 743 956 αὐτοῦ.
775 911 804 955 Τά
815 910 853 970 γάρ
864 916 931 956 συλλο-

146 979 224 1037 γιστικά
237 979 303 1024 πάντα
312 987 352 1025 τῶν
365 980 482 1040 ἀνθρώπων
494 983 620 1039 παρέρχεται,
643 982 677 1024 καί
690 984 711 1024 οἱ
718 975 827 1040 ιίίνθρωποι
839 980 887 1037 μετά
897 984 932 1026 καὶ

147 1055 183 1106 τῆς
196 1056 342 1108 συλλογιστικῆς
353 1051 444 1105 Ἀετίου,
464 1053 499 1095 καί
511 1048 563 1095 κατά
577 1053 660 1101 πίστεως
677 1055 766 1107 τεχνικῆς
782 1050 930 1107 ἐπιτηδεύσεως.

147 1120 214 1163 Μένει
225 1118 272 1175 δέη
288 1118 351 1164 13ἀπ’
362 1121 426 1164 αὐτοῦ
442 1125 464 1151 ¹4
471 1119 609 1178 συλλογιστικά
620 1122 697 1174 πίστις,
711 1122 746 1165 καὶ
757 1122 822 1175 ἐλπίς,
836 1122 871 1165 καὶ
883 1119 932 1179 ἀγά-

148 1206 188 1244 πη,
203 1188 255 1232 κατά
269 1188 291 1233 τό
307 1191 449 1247 γεγραμμένον.

206 1395 283 1450 Κεφάλ.
291 1396 370 1441 Ἀετίου
380 1395 421 1456 κβ’.
448 1398 478 1440 Εἰ
488 1401 543 1440 πάσα
552 1394 610 1441 οῦσία
622 1397 675 1440 ἐστὶν
685 1393 800 1453 άγέννητος,
816 1393 849 1440 οἷα
858 1393 872 1452 ἡ
880 1402 933 1441 θεοῦ

153 1464 341 1524 1παντοκράτορος,
355 1471 399 1516 πῶς
410 1465 435 1509 ἀν
446 1465 483 1522 τήν
496 1466 532 1521 μὲν
545 1464 641 1521 παθητὴν
652 1467 694 1521 ἐρεῖ
706 1483 746 1518 τις,
768 1464 805 1521 την
815 1466 836 1509 δὲ
849 1465 933 1522 ἀπαθῆς

150 1538 179 1578 Εἰ
190 1536 211 1578 δὲ
223 1534 302 1588 φάσεως
319 1534 456 1592 ἀποκληρώσει
465 1532 581 1592 ’ἀγεννήτου
595 1533 608 1589 ἡ
621 1534 658 1589 μὲν
670 1534 758 1588 διαμένει
774 1534 884 1590 ποσότητος
898 1536 933 1579 καὶ

150 1603 257 1659 ποιότητος
269 1605 314 1657 καὶ,
338 1601 407 1654 ἀπλοῦς
424 1606 497 1657 εἰπεῖν,
517 1603 584 1658 πάσης
597 1605 706 1658 μεταβολῆς
721 1600 818 1658 ἀμείνων,
837 1602 935 1659 iiiim-

149 1678 195 1717 θῦν
207 1671 403 1725 215msviivvdge’ou,
424 1679 577 1730 συγχωρηθεῖσα
593 1670 643 1716 3ῦιά
657 1669 679 1714 τῦ
691 1669 843 1729 ἀπαράλλακτον
857 1675 885 1724 εἰς
900 1671 935 1717 οῦ-

150 1745 194 1785 σίαν
204 1743 263 1797 έχειν,
278 1746 307 1801 τῷ
318 1740 454 1797 4αὐτομάτως
468 1743 576 1799 ἐπιτρέψαι
590 1739 641 1785 5τόν
658 1745 755 1795 φιλοῦντα
768 1740 818 1784 κατά
829 1740 854 1784 τά
868 1758 935 1799 προει-

150 1812 235 1868 ρημένα,
258 1810 319 1867 6ίίτοι
331 1809 348 1869 γ’
359 1805 396 1855 οῦν
412 1809 528 1854 ἀκόλουθον
542 1809 579 1865 τήν
588 1810 624 1865 μέν
635 1814 734 1853 ποιοῦσαν
746 1809 853 1867 ἀγέννητον
865 1812 935 1865 εἰπεῖν,

150 1880 245 1939 γεννητην
259 1880 281 1923 δέ
295 1879 332 1936 τήν
347 1880 522 1935 μεταβαλλομένην.

205 2086 283 2143 Ἀνατρ.
313 2084 344 2128 Οῦ
356 2090 423 2129 πάσαν
435 2084 506 2128 οῦσίαν
516 2081 567 2127 εἶναι
581 2086 663 2142 λέγομεν
675 2083 794 2142 ἀγέννητον,
814 2082 861 2128 οῦδὲ
871 2088 937 2128 πᾶσαν

151 2157 173 2199 ἐκ
185 2161 237 2199 θεοῦ
254 2154 360 2212 γεννητὴν·
380 2154 412 2198 ότι
430 2152 442 2196 ό
457 2152 553 2210 γεννήσας
570 2151 605 2196 τόν
620 2155 640 2205 ἐξ
653 2151 717 2196 αὐτοῦ
730 2154 882 2210 γεγεννημένον,
903 2154 938 2196 καὶ

151 2223 269 2275 ἀποστείλας
279 2226 299 2274 ἐξ
312 2221 374 2266 αὐτοῦ
387 2221 409 2265 τό
422 2221 480 2279 ἀγιον
494 2225 573 2276 πνεῦμα
591 2219 664 2274 αὐτοῦ,
684 2227 763 2277 πνεῦμα
774 2227 814 2265 τῶν
826 2225 879 2264 γτοῦ
891 2223 938 2265 υἱοῦ

152 2294 242 2348 μετέχον,
265 2292 290 2335 οῦ
305 2292 382 2341 πάντας
399 2292 510 2347 ἐγέννησεν,
531 2287 571 2332 ἀλλ’
586 2291 631 2342 ένα,
653 2288 684 2333 διό
697 2289 818 2347 μονογενής,
839 2291 939 2343 καὶὲνέξ

152 2360 215 2404 αῦτοῦ
227 2360 348 2413 ἀπέστειλεν,
364 2359 396 2403 διό
406 2359 463 2417 ἀγιον
472 2363 560 2413 πνεῦμα1
576 2360 639 2402 έκτισε
649 2360 670 2402 δὲ
680 2358 714 2402 διά
723 2363 760 2403 τοῦ
769 2357 827 2412 ένός,
841 2361 877 2402 καὶ
887 2361 937 2402 ἐστε-

152 2431 257 2486 ρέωσευέν
270 2431 339 2489 τῷὲνί
352 2427 399 2479 τοῦς
411 2427 498 2480 πάντας,
520 2426 568 2477 τοῦς
584 2428 619 2481 μέν
630 2432 750 2484 γεννῶντας,
770 2429 805 2471 καὶ
816 2426 864 2484 μετά
875 2430 939 2472 κτίσιν

151 2500 317 2556 γεγεννημένους,
332 2497 380 2547 τοῦς
390 2498 411 2541 δέ
419 2498 548 2548 κτισθέντας,
563 2495 612 2550 μήτε
623 2500 744 2553 γεννῶντας,
760 2495 809 2551 μη’τε
820 2497 939 2553 γεγεννημέ-

64 2588 139 2625 Ρεμςς,
151 2586 206 2617 νους.
237 2565 294 2609 Πολῦ
312 2567 334 2609 δὲ
352 2565 462 2621 ἀφέστηκεν
477 2563 491 2619 ἡ
508 2563 600 2614 ἀκτιστος
614 2568 650 2618 τῆς
666 2563 747 2620 τριάδος
765 2563 823 2609 οῦσία
842 2569 882 2608 τῶν
899 2563 939 2609 ἀπό

151 2641 187 2691 τῆς
198 2635 279 2691 τριάδος
290 2635 423 2687 κτισθέυτων,
439 2635 473 2677 καί
484 2630 522 2675 οῦκ
532 2630 574 2675 ἀπό
586 2637 622 2687 τῆς
632 2633 713 2689 τριάδος
726 2634 870 2689 γεννηθέντων.
900 2632 939 2677 Διό

151 2707 189 2760 ἕχει
202 2702 282 2760 ητριάς
293 2702 315 2747 τό
327 2702 406 2753 ἀπαθὲς
421 2703 455 2746 καὶ
473 2699 640 2757 ἀπαράλλακτον,
662 2700 687 2744 τά
699 2702 721 2745 δὲ
732 2701 797 2744 πάντα
807 2699 832 2745 τά
844 2700 940 2757 μεταίτην

176 2844 203 2879 12.
214 2843 240 2890 τῷ
253 2853 283 2876 um.
295 2844 330 2875 cod.
342 2843 408 2884 Rhediy.
582 2841 598 2873 2.
611 2842 666 2881 supra
679 2838 724 2874 ἐστιν
737 2837 836 2878 ὑπεύθυνος.

177 2889 203 2923 13.
217 2886 245 2924 ἀπ’
258 2885 310 2923 αῦτοῦ
323 2888 357 2920 τοῦ.
370 2888 436 2929 Ηλαλὶς.
581 2885 597 2919 3.
609 2887 731 2919 Rescribendum
743 2888 783 2927 ραιο
795 2882 815 2920 δὲ
825 2881 852 2919 τά.
874 2887 940 2919 Patauio

177 2932 203 2969 14<
216 2937 280 2976 οοττίςε
297 2932 440 2976 συλλογισθεῖοα,
457 2935 485 2965 οτι
497 2932 536 2966 συλ-
557 2933 619 2972 placuit
641 2933 670 2966 δεῖ
688 2928 713 2966 τί.
743 2931 798 2972 Supra
820 2933 863 2965 ουτοι
883 2932 941 2965 vocula

153 2978 222 3025 λογιστή
235 2982 307 3020 υολ,νιι“
316 2980 391 3012 petavius
400 2980 476 3019 coniecit,
494 2979 536 3012 σνλ-
559 2975 592 3012 διὰ.
617 2979 703 3010 comorius
717 2978 763 3010 vertit
778 2975 831 3009 altera
844 2987 887 3010 vero
899 2988 941 3020 pas-

154 3025 269 3070 λελογισμίνη.
558 3021 632 3055 sionibus
644 3021 716 3054 obnoxia
726 3027 760 3059 est,
777 3020 831 3054 itaut
843 3032 941 3056 conoessum

178 3074 193 3107 λ.
206 3073 261 3114 Supra
273 3070 302 3107 τοῦ
314 3067 452 3115 παντοκράτορος.
558 3066 580 3100 sit
596 3066 639 3113 ipsi,
658 3065 805 3101 invariabilitatem
818 3067 837 3101 in
851 3067 941 3102 essentiam
