1988 3392
225 232 319 266 Panaeti
330 232 413 267 metir.
425 231 675 267 Tom.r.ntcn.uxxvr.
803 225 843 265 195

56 311 127 353 voluit.
157 309 280 367 Quamquam
294 326 332 353 nos
347 326 387 354 non
402 313 444 354 sola
456 311 585 356 similitudine
597 311 644 354 freti
659 310 788 353 constitutum
799 311 845 352 [idei

57 380 128 434 dogma
140 392 164 420 ae
177 379 271 421 trinitatis
288 380 362 421 cultum
375 380 509 437 honoremque
522 380 655 437 suscipientes
667 379 715 421 illud
728 393 845 436 1111111111]Γο-

57 447 143 489 fitemur.
173 447 227 491 Nam
244 455 263 490 et
276 455 380 506 argentum
396 456 468 492 stanno
485 450 548 494 simile
564 457 607 503 est,
629 455 649 492 et
662 463 732 492 aurum
748 448 802 502 aeri,
825 454 846 491 et

57 518 155 576 plumbum
172 520 238 573 ferro,
260 527 281 562 et
291 519 373 576 pretiosi
385 520 459 577 lapides
474 521 538 574 vitro,
559 535 597 564 nec
613 519 722 563 similitudo
734 519 777 576 ipsa
787 526 846 563 natu-

56 603 110 642 ram,
127 589 161 631 sed
178 589 329 645 expressionem
345 598 404 646 atque
420 590 504 646 effigiem
519 592 650 634 demonstrat.

114 656 173 713 Quod
188 666 253 701 autem
269 659 293 701 ad
308 660 426 717 scriptoram
441 660 524 711 attinet,
548 675 599 716 quae
613 660 673 702 lilium
691 658 722 701 dei
737 658 845 701 invisibilis
859 660 938 705 Cap-111.

56 726 163 783 imaginem
175 728 271 785 appellat,
293 742 331 770 nos
341 743 443 771 sacrarum
456 729 558 771 literarum
571 730 611 771 iim
623 729 690 771 divino
702 727 800 770 beneficio
811 742 846 785 pe-

56 797 109 839 nitus
125 797 223 848 assecuti,
245 811 295 852 qnae
308 798 338 839 sic
349 796 470 840 Pharisaeos
487 798 603 854 compellat:
627 800 712 838 Nescitis
726 800 843 851 conpatres,

55 879 116 918 neque
128 869 216 905 vt't'tulem
229 868 270 914 dei,
293 866 390 921 duplicem
403 865 452 906 lianc
465 865 599 906 habitudinem
612 879 658 907 esse
671 865 771 907 norimus.
803 864 845 907 Ve-

55 940 168 973 rumtamen
183 932 296 986 explicandi
315 932 380 986 gratia
399 941 419 972 et
437 932 534 973 abusione
549 933 633 986 quadam
653 945 681 973 ex
696 933 783 973 lauriano
798 933 845 973 illud

55 1013 112 1040 more
127 999 274 1040 transferimus.
305 997 384 1054 Quippe
401 1005 422 1039 et
435 999 520 1039 hominis
533 998 599 1053 imago
612 1013 691 1054 quoque
702 999 786 1051 dieitur3
809 1014 846 1041 ue-

56 1081 94 1122 que
104 1073 170 1108 tamen
180 1066 250 1108 similis
262 1072 301 1108 est.
332 1064 386 1107 Nam
398 1065 460 1108 altera
474 1066 575 1108 coloribus
587 1067 683 1108 duntaxat
695 1066 793 1122 effigiata,
817 1067 846 1109 al-

55 1141 99 1177 tera
110 1136 193 1177 eandem
207 1148 234 1176 ex
247 1134 378 1191 generatione
390 1134 522 1177 substantiam
535 1134 622 1190 obtinet,
645 1150 690 1178 cum
702 1135 782 1192 genitus
794 1135 846 1179 lilius

55 1205 153 1263 quandam
164 1206 245 1264 generis
257 1204 288 1248 sui
300 1212 367 1248 notam
379 1219 403 1247 ac
415 1205 499 1248 formam
514 1205 664 1263 comparatione
678 1206 741 1264 patris
752 1206 844 1264 accipiat.

56 1274 110 1318 Tum
128 1276 149 1318 in
160 1291 185 1319 eo
197 1289 246 1318 vero
263 1289 302 1318 nou
318 1275 392 1333 effigies
408 1276 468 1318 modo
483 1276 584 1330 cernitur,
607 1277 642 1319 sed
659 1284 679 1319 et
691 1284 763 1320 natura
775 1277 845 1320 eadem

56 1352 76 1386 et
88 1344 211 1398 substantia,
235 1346 324 1400 adeoque
340 1359 390 1387 vera
401 1345 455 1387 illius
467 1346 581 1402 expressio.
612 1345 677 1401 Igitur
685 1346 801 1402 unigenitus
813 1346 845 1389 dei

55 1413 106 1455 lilius
121 1413 172 1456 idem
190 1428 234 1456 cum
250 1412 355 1455 divinitate
370 1426 394 1454 ac
410 1414 514 1455 maiestate
527 1414 589 1471 patris
602 1420 634 1456 est
646 1421 666 1456 et
676 1415 777 1469 aequalis,
798 1428 845 1470 ger-

55 1497 112 1525 mana
125 1483 208 1538 quadam
218 1482 305 1539 imagine
316 1496 340 1524 ae
353 1481 493 1535 similitudine,
516 1496 566 1538 qnae
582 1483 636 1525 nulla
648 1483 725 1525 ratione
735 1483 843 1539 discrepet,

55 1551 217 1607 tanquam-lilius
232 1565 244 1592 a
260 1557 316 1607 patre
334 1550 413 1606 reipsa,
438 1557 459 1592 et
476 1565 520 1592 cum
537 1551 606 1592 eadem
625 1551 738 1593 substantia
755 1552 843 1607 genitus.

56 1617 111 1661 ldem
121 1616 181 1675 porro
190 1619 215 1660 de
226 1618 298 1674 spiritu
307 1625 377 1659 sancto
387 1625 476 1660 statuere
488 1633 525 1660 nos
538 1625 629 1673 oportet,
646 1619 698 1673 quod
710 1632 722 1659 a
733 1626 790 1674 patre
799 1634 845 1675 pro·

56 1688 126 1737 cedat,
147 1687 226 1728 tametsi
242 1700 282 1727 uon
298 1692 418 1740 generetur3
439 1687 458 1727 id
474 1688 526 1740 quod
542 1685 640 1741 unigeniti
655 1687 688 1727 lilii
700 1687 752 1727 ratio
764 1687 845 1728 minime

56 1755 138 1809 patitur.
176 1754 216 1795 Sed
239 1754 309 1796 Aetius
327 1752 418 1793 veritatis
437 1752 558 1808 professioni
576 1753 716 1794 vehementius
732 1767 845 1808 repugnare

56 1821 138 1863 studens
150 1835 175 1863 ne
184 1819 218 1863 filii
230 1820 308 1876 quidem
320 1834 364 1862 cum
376 1826 432 1876 patre
444 1819 593 1862 similitudinem
604 1820 663 1862 fateri
674 1820 745 1863 voluit.
773 1820 797 1863 ln
806 1836 845 1877 quo

56 1890 80 1931 ab
93 1890 176 1932 Arianis
188 1889 261 1931 ceteris
272 1888 374 1940 dissentit3
391 1888 424 1944 qui
435 1902 446 1930 a
458 1885 550 1930 Lucieno
563 1896 583 1930 et
596 1886 686 1945 Origene
697 1890 773 1932 erroris
785 1903 845 1932 ocea-

56 1959 133 2003 sionem
147 1960 199 2003 nacti
217 1967 275 2013 sunit,
298 1966 319 2002 et
333 1973 377 2002 cum
391 1959 474 2001 Asterie
489 1958 573 2015 quodam
591 1958 679 2017 sophista
696 1959 771 2004 versati
788 1968 844 2015 sunt,

56 2030 124 2088 quiin
142 2029 282 2088 persecutione
298 2027 418 2072 Maximiani
434 2026 569 2071 Christianam
586 2030 643 2071 fidem
661 2030 754 2078 eiurarit,
789 2029 844 2074 Nam

56 2116 100 2144 euin
111 2100 189 2143 illorum
202 2098 303 2152 nonnulli,
320 2098 374 2141 utin
386 2097 522 2155 superioribus
534 2098 651 2141 haeresibus
664 2100 799 2153 ostendimus,
821 2102 844 2142 li-

56 2170 103 2212 lium
123 2169 155 2211 dei
174 2175 298 2221 creaturam,
321 2167 412 2224 spiritum
430 2181 480 2208 vero
498 2174 589 2209 sanetum
607 2175 712 2210 creaturae
730 2177 844 2211 creaturam

56 2252 102 2282 esse
114 2238 230 2290 docuerint,
252 2238 286 2280 alii
298 2237 331 2293 qui
341 2250 446 2279 commune
458 2235 505 2277 illud
516 2236 540 2278 de
553 2244 645 2279 creatura
656 2244 761 2290 tenerent,
782 2238 843 2280 tilium

57 2307 107 2363 patri
125 2306 209 2348 similem
225 2319 271 2347 esse
290 2305 377 2347 confessi
396 2311 449 2346 sunt.
482 2305 510 2345 At
525 2304 598 2346 Aetius
614 2306 653 2347 iste
672 2319 751 2347 omnem
765 2306 846 2348 illorum

57 2375 205 2417 cavillationem
221 2389 266 2416 cnm
277 2373 379 2430 impietate
394 2387 431 2414 sua
446 2373 546 2428 propalam
563 2387 645 2429 praese
657 2376 737 2426 ferens,
758 2375 845 2417 immane

57 2451 126 2485 eontra
139 2443 238 2484 dominnm
252 2449 272 2483 et
283 2440 475 2497 impudentissimum
489 2441 560 2495 dogma
579 2442 689 2497 proposuit.
720 2442 800 2497 Atque,
823 2449 846 2484 ut

56 2511 143 2566 ingenue
156 2511 231 2559 fatear,
253 2508 392 2559 Aetiihuius,
413 2508 456 2549 sive
467 2507 580 2558 anomoei,
600 2508 678 2550 subtilis
689 2509 723 2550 illa
733 2509 786 2550 ratio
798 2508 844 2551 illos

57 2586 113 2620 reeta
124 2591 147 2618 ac
159 2575 230 2617 merito
243 2576 299 2630 petit,
314 2576 347 2630 qui
358 2575 417 2616 tilium
430 2574 461 2615 dei
474 2582 586 2616 creaturam
601 2589 646 2616 esse
657 2576 774 2617 defendunt.
795 2575 845 2618 Ete-

58 2645 98 2688 nim
110 2643 202 2701 quicquid
217 2649 305 2684 creatum
323 2650 366 2696 est,
389 2641 476 2684 creatori
487 2656 524 2685 suo
541 2642 636 2685 dissimile
652 2651 695 2699 est3
718 2643 798 2686 tametsi
809 2658 846 2701 per

57 2715 140 2773 gratiam
153 2712 243 2756 nonnihil
253 2711 382 2754 assimiletur.
413 2710 441 2753 Et
451 2718 531 2754 creator
544 2711 586 2769 ipse
599 2712 628 2755 rei
641 2726 685 2756 ase
696 2719 776 2756 creatae
787 2712 845 2756 dissi-

57 2785 109 2829 milis
125 2791 168 2838 est,
190 2783 280 2841 quamvis
294 2781 356 2826 variis
374 2796 417 2824 eam
435 2781 535 2826 coloribus
548 2782 647 2840 perpolire
664 2784 784 2837 contendam
806 2784 846 2827 nisi

58 2856 142 2914 effigiem
154 2855 250 2912 quandam
263 2863 283 2897 et
294 2853 462 2896 adumbrationem
473 2852 494 2895 in
506 2868 530 2896 eo
542 2854 592 2909 quod
603 2868 723 2911 expressum
735 2862 766 2897 est
776 2855 845 2897 inesse

58 2955 97 2991 eta,
108 2947 171 2994 partim
182 2946 249 2993 quidem
261 2945 337 2981 velutin
348 2945 439 2989 superiori·
461 2944 540 2979 dixerunt
547 2944 618 2979 similem
624 2946 718 2980 essefilium
726 2947 777 2991 patri,
785 2945 846 2979 etiam-

58 2994 89 3029 bus
104 3004 154 3028 ame
170 2993 273 3028 declaratum
290 2999 327 3034 est,
346 2998 439 3026 creaturam
462 2992 582 3025 si'creaturam
594 2992 649 3038 ipsam
660 3005 697 3026 esse
709 2992 790 3025 dicerent.

57 3040 111 3075 filium
131 3039 159 3073 dei
179 3039 291 3084 unusquisqne
314 3037 440 3083 praedictorum
486 3039 502 3072 3.
520 3035 591 3080 ἅετερίω
608 3040 634 3081 (ut
649 3041 698 3072 etiem
712 3041 729 3071 a'n
744 3040 778 3071 eod.
790 3039 846 3071 leno

58 3085 144 3126 decrevit,
162 3092 180 3118 et
190 3085 266 3130 spiritum
281 3092 358 3118 sanctum
373 3090 440 3116 creatu-
464 3094 484 3116 m.
495 3095 520 3125 pr.
532 3085 581 3125 foisse
592 3086 664 3128 uidetur)
676 3086 710 3117 eod.
722 3085 788 3126 Rhedip.

58 3144 96 3165 ram
106 3137 192 3164 creaturae
207 3130 308 3171 docuerunt,
324 3129 386 3175 partim
398 3139 441 3162 rere
487 3128 503 3163 lt.
516 3126 585 3174 dndpqq
596 3130 643 3162 codd.
654 3139 692 3163 mss.
704 3132 719 3161 et
729 3131 766 3162 edit.
777 3130 829 3171 princ.

660 3185 708 3229 13*
