1988 3392
344 251 514 286 runnxnnnuu.
781 240 823 280 757

61 328 148 377 quomodo
165 330 182 363 in
199 341 220 364 eo
237 329 310 363 hnmana
328 336 388 363 natura
400 330 423 364 sit
441 331 517 365 Gentiles
527 343 537 365 a
547 328 824 377 Babyloneinsamariamtrans-

60 398 110 433 passa
121 397 156 422 non
168 386 250 421 divinitas
264 388 317 420 iuss.

426 400 427 403 ¹
463 388 528 433 portati
540 391 568 422 22.

39 443 86 481 Fidei
104 442 198 479 catholicae
213 456 234 479 ae
249 443 352 489 apostolicae
363 443 419 479 brevis
443 445 519 479 Gentiles
530 444 548 479 in
563 445 654 480 Samariam
672 443 771 479 translatis
782 442 824 477 ieris

62 501 146 549 expositio
162 505 212 537 1078.

465 503 523 537 laniati
535 506 563 538 22.

40 561 90 598 Fides
101 572 141 596 vera
152 561 198 605 nulla
214 572 244 604 re,
263 560 341 607 nullaque
359 561 420 596 vier-
443 562 513 607 Georgii
528 561 640 597 Alexandriae
658 561 732 608 episcopi
748 560 824 608 ignomi-

62 618 133 666 pugnari
143 626 200 666 potest
211 621 251 654 479.

40 677 77 713 Filii
88 676 117 711 dei
128 688 149 711 an
159 677 194 711 siut
205 676 250 717 duo,
267 675 342 711 obiectio
355 683 372 711 et
384 677 419 711 eius

61 734 125 768 solutio
139 737 177 767 896.

40 791 90 825 Filius
107 791 194 836 quomodo
211 790 277 824 dicatur
293 790 349 835 imago
367 791 419 836 patris

62 849 101 881 880.
112 866 134 873 -
152 859 181 880 cur
190 846 233 880 filins
244 847 296 880 creati
306 847 376 881 dicatur
385 847 419 881 ibi-

65 904 109 938 dem.
275 899 276 902 ¹

40 960 91 996 Filius
103 966 158 994 utrum
169 960 257 994 voluntate
269 960 292 993 sit
303 960 370 1005 genitus
381 963 419 995 751.

40 1017 90 1052 Filius
100 1016 186 1062 quomodo
196 1016 254 1050 similis
263 1016 286 1050 sit
295 1016 390 1061 patrisne.
399 1037 419 1043 ·-

465 619 513 654 niusa
528 620 613 655 traductio
625 623 665 654 912.
678 638 698 645 -
722 631 768 654 mors
783 630 823 654 eru-

465 676 549 712 delissima
557 678 598 712 ibid.
607 697 627 703 -
644 684 709 722 martyr
720 683 777 711 tanen
788 688 823 711 non

466 734 499 767 init
513 734 554 768 ibid.
565 755 589 761 —
611 735 647 768 eius
664 733 734 768 avaritia
748 736 789 768 913.
801 752 823 760 -

466 791 532 824 Aetium
543 791 677 825 haeresiarcham
691 790 781 824 diaconum
793 802 823 825 or-

466 846 553 881 dinaverat
564 847 606 881 ibid.

443 902 525 947 Georgius
536 903 601 949 legatus
611 903 706 937 Constantii
717 903 739 937 ab
748 904 823 938 Alexan-

466 959 518 993 drinis
526 961 596 1002 occisus,
609 967 691 994 crematus
700 967 718 993 et
726 960 761 994 eius
769 959 824 1006 sparsi

467 1016 531 1050 cineres
544 1020 582 1051 ⁷26.

62 1073 112 1107 variis
120 1073 175 1107 modis
184 1072 278 1118 explicatur
289 1072 382 1108 similitudo
390 1074 421 1107 filii
444 1072 525 1117 Gigantes
537 1080 614 1119 tempore
625 1073 721 1107 Nembroth
734 1076 749 1106 7.

62 1137 80 1165 et
90 1129 144 1177 patris
155 1132 195 1165 865.
207 1150 228 1156 -
251 1130 293 1164 item
308 1130 380 1176 qualiter
395 1130 420 1165 si·
444 1129 563 1165 Gnosticorum
574 1130 648 1165 haeresis
662 1137 709 1164 sexta
720 1137 761 1176 pest
772 1130 824 1165 Chri-

62 1189 105 1224 milis
117 1188 141 1223 sit
156 1189 199 1223 lilius
214 1189 267 1223 homo
284 1188 351 1235 reliquis
362 1189 420 1224 homi-

62 1248 111 1283 nibus
122 1247 165 1282 ibid.

40 1298 140 1347 Filius-dei,
158 1318 192 1352 qno
209 1312 260 1352 pacto
277 1306 300 1339 sit
316 1305 419 1349 iustificatio,

61 1363 184 1405 sanctificatio,
201 1371 219 1398 et
234 1363 329 1409 redemptio
345 1364 420 1398 fidelium

21 1437 23 1442 ’
62 1424 101 1455 889.
114 1440 135 1447 -
164 1420 256 1455 similitudo
268 1433 301 1467 qua
314 1421 375 1455 Christi
387 1434 420 1456 na-

62 1478 120 1512 tivitas
131 1478 225 1524 explicatur
236 1478 277 1511 ibid.

40 1535 91 1569 Filius
101 1536 145 1580 patri
163 1535 221 1568 similis
233 1541 260 1568 est
271 1536 365 1580 praestanti
377 1548 421 1581 qua-

62 1592 101 1625 dam
117 1592 182 1626 ratione
194 1595 234 1626 914.
246 1613 269 1619 -
297 1591 344 1637 quod
361 1593 420 1627 multi-

62 1647 102 1692 plici
118 1647 228 1682 similitudine
245 1648 338 1693 explicatur
349 1649 390 1682 ibid.
403 1655 421 1682 et

63 1707 102 1737 918.

40 1760 90 1794 Filius
101 1760 175 1795 hominis
186 1773 217 1807 per
223 1760 361 1807 anticipationem
370 1767 419 1795 ante-

63 1830 112 1863 quem
123 1826 221 1852 nasceretur
232 1825 258 1852 est
269 1818 325 1852 dictus
336 1821 377 1852 487.

41 1875 92 1910 Filius
108 1876 177 1923 proprie
195 1882 213 1911 et
230 1882 289 1910 natura
306 1881 332 1910 est
351 1876 420 1911 verbum

62 1934 90 1969 dei
104 1938 143 1971 741.

41 1992 100 2028 Filium
111 1993 140 2040 qui
153 1994 255 2042 dehonestat
266 1999 286 2027 nt
297 1993 352 2038 Arius,
364 1994 420 2029 deho-

63 2058 119 2085 nestat
135 2058 153 2086 et
168 2058 236 2098 patrem
247 2054 285 2085 804.

466 1187 548 1223 stiauismi
564 1196 641 1224 exortum
652 1192 709 1223 82-
724 1201 735 1223 a
750 1189 824 1224 Nicolao

466 1247 500 1281 orti
511 1247 551 1282 ibid.
560 1266 583 1274 -
606 1260 664 1282 eorum
671 1247 724 1281 Norin
733 1259 776 1293 qnae
784 1247 824 1283 iue-

465 1304 489 1339 rit
497 1305 539 1339 ibid.
548 1326 567 1332 -
581 1306 655 1340 Barcaba
662 1317 721 1339 eorum
732 1306 824 1352 propheta,

467 1369 484 1396 et
500 1362 541 1409 quid
559 1375 579 1398 ea
600 1376 634 1398 vox
656 1363 740 1408 significet
756 1367 784 1398 83.
800 1383 824 1391 -

466 1420 504 1454 libri
521 1421 641 1456 Gnosticorum
654 1420 696 1455 ibid.
714 1440 737 1447 -
765 1433 825 1456 eorum

466 1477 544 1511 doctriua
556 1479 640 1512 ebriorum
652 1478 757 1513 sermonibus
775 1490 824 1513 eom-

466 1541 524 1578 parata
542 1537 569 1567 84.
587 1539 610 1561 '—-
636 1536 688 1568 verba
705 1535 787 1580 quaedam
803 1547 824 1569 ex

466 1601 525 1623 eorum
535 1592 623 1636 evangelio
632 1592 673 1625 ibid.
681 1611 702 1617 —
719 1592 825 1636 promiscuos

466 1653 548 1691 usurpant
560 1648 658 1682 concubitus
670 1655 688 1681 et
697 1648 775 1681 humanis
786 1660 825 1682 car·

466 1703 515 1736 nibus
527 1711 617 1737 vescuntur
628 1703 670 1737 ibid.
681 1722 705 1730 -
726 1704 770 1738 dieti
781 1706 825 1739 Bor-

466 1758 539 1800 horiani,
548 1760 566 1793 id
575 1767 602 1793 est
610 1760 692 1794 Goeuosi:
704 1760 725 1794 ab
735 1760 772 1794 aliis
778 1761 826 1795 God-

467 1815 523 1856 diani‚
540 1823 557 1850 et
569 1817 614 1850 unde
624 1820 651 1851 85.
666 1837 686 1843 -
708 1818 761 1851 iidem
775 1818 826 1852 variis

466 1872 561 1908 nominibus
578 1875 647 1920 vocati,
668 1881 687 1909 ut
707 1875 789 1910 militares
806 1875 825 1910 in

467 1934 556 1978 Aegypto,
576 1945 597 1967 ae
608 1932 726 1974 Phibionitae,
742 1933 835 1969 zacchaei

467 1997 484 2024 et
494 1990 588 2025 Barbelitae
595 1991 636 2026 ibid.
644 2011 666 2017 —
678 1991 766 2038 disciplina
774 1993 824 2026 Gno-

466 2047 547 2082 sticorum
558 2049 600 2083 ibid.

41 2108 100 2142 Filium
112 2121 169 2144 verum
181 2121 219 2144 esse
235 2109 296 2151 deum,
313 2108 379 2144 scilieet
389 2121 421 2144 ve·
444 2105 564 2140 Gnosticorum
574 2107 614 2141 libri
625 2119 675 2154 quam
684 2108 733 2153 impii
742 2115 760 2142 et
770 2108 825 2154 inepti

62 2177 98 2200 rarn
109 2166 165 2201 lucem
176 2179 186 2201 e
197 2167 236 2201 luce
249 2169 287 2200 ⁷⁵6.

40 2223 130 2257 Forminae
150 2224 232 2267 dilectae,
255 2230 273 2257 et
293 2224 421 2260 contubernales

64 2280 164 2316 damnantur
174 2284 225 2315 1043.

41 2336 109 2371 Fratres
124 2345 142 2372 et
157 2350 223 2372 sorores
239 2338 315 2383 domini,
330 2350 352 2373 ex
367 2339 421 2384 prima

63 2403 115 2427 uxore
127 2395 193 2439 losephi
205 2397 256 2429 1041.

221 2531 243 2564 G.

42 2617 108 2653 Gerizin
124 2612 180 2656 mons
189 2621 233 2656 ultra
244 2620 333 2656 Iordanem
345 2621 367 2655 ad
379 2620 422 2656 leri-

64 2677 145 2714 chontem
157 2682 187 2717 25.

43 2734 88 2771 Gaza
96 2737 178 2774 Hebraice
187 2739 284 2774 thesaurum
291 2738 375 2785 significat
382 2741 420 2773 130.

43 2793 96 2830 Gebal
108 2808 156 2832 mons
168 2798 191 2832 ad
203 2797 316 2833 lerishnutem
328 2799 355 2831 29.

6 2891 7 2894 ¹
43 2850 134 2888 Generatio
146 2856 238 2901 duplexet
248 2855 301 2902 qualis
313 2862 383 2903 utraque
394 2856 422 2889 in-

64 2910 151 2956 telligatur
162 2916 203 2947 655.

467 2165 494 2196 89.
501 2182 524 2189 -
542 2175 592 2210 quam
601 2165 673 2198 absurde
684 2172 701 2199 et
709 2165 772 2200 lascire
781 2166 825 2201 scri·

466 2227 525 2266 pturas
541 2220 675 2267 interpretantur
691 2225 720 2256 90,
737 2242 759 2250 —-
786 2223 826 2257 arri-

466 2290 512 2312 mam
522 2279 612 2313 humanam
628 2291 665 2313 cum
676 2280 735 2313 bestiis
747 2291 826 2314 commu-

466 2347 506 2369 nem
522 2347 559 2369 esse
576 2336 634 2369 dicunt
648 2336 691 2371 ibid.
702 2356 725 2363 -
748 2338 826 2372 Gnostici

466 2391 573 2425 Phibionitae
592 2404 642 2437 quam
658 2404 701 2427 vana
721 2393 787 2437 fingant
803 2394 825 2428 de

466 2447 570 2492 principibus
581 2448 626 2491 suis,
638 2455 656 2481 et
668 2460 711 2493 quae
722 2450 756 2484 sint
767 2452 826 2485 eorum

467 2503 534 2536 nomina
549 2507 577 2537 91.
588 2523 612 2530 -
634 2512 698 2549 negant
710 2506 795 2541 Christum
804 2507 825 2541 de

467 2559 521 2593 Maria
532 2568 591 2594 uatum
601 2561 641 2596 ibid.
653 2582 676 2589 -
699 2563 736 2609 quis
747 2566 770 2598 sit
780 2564 826 2610 apud

467 2616 506 2650 illos
520 2623 538 2650 et
549 2618 603 2663 qualis
615 2618 691 2653 Sabaoth
701 2620 743 2654 ibid.
755 2641 778 2647 -
794 2632 826 2655 co-

468 2674 522 2721 gnitio
535 2675 654 2712 Gnosticorum
669 2678 711 2714 ibid.
723 2699 744 2705 -
767 2679 826 2714 mundi

467 2733 561 2780 principem
583 2736 661 2771 draconis
683 2737 740 2784 effigie
760 2739 826 2785 lingunt

467 2792 508 2826 ibid.
521 2812 544 2818 -
567 2794 635 2841 quidam
651 2808 671 2829 er
687 2796 707 2830 iis
718 2807 775 2831 osores
786 2809 826 2832 mu·

467 2851 527 2885 lierum
542 2851 584 2886 ibid.
595 2873 617 2880 -
647 2865 680 2899 qno
696 2854 765 2900 quisque
780 2855 826 2901 apud

469 2920 498 2942 eos
510 2908 589 2943 lascivior
601 2922 622 2944 eo
633 2911 693 2945 melior
705 2914 733 2945 93.

44 2964 113 3001 Genesis
125 2981 188 3013 parva,
204 2970 247 3004 liber
264 2982 285 3005 ρο
296 2970 349 3005 modo
361 2971 421 3006 insen·-
446 2965 567 3000 Gnosticorum
578 2967 635 3001 fabula
645 2968 666 3002 de
675 2969 756 3004 Zacharia
768 2973 826 3005 94.-

65 3031 104 3067 ptus
120 3029 159 3061 287.

44 3078 107 3115 Gentes
124 3085 188 3130 angelis
199 3085 284 3120 subiectae
301 3097 322 3119 ex
333 3087 394 3132 Moyse
405 3092 423 3119 et

66 3139 168 3186 Apocalypsi
179 3144 219 3176 456.

468 3022 554 3067 quomodo
570 3024 603 3068 ipsi
616 3024 728 3060 tintinnabula
741 3028 825 3072 pontificis
849 3052 851 3055 >

468 3078 619 3124 interpretarentur
627 3084 654 3116 94.
665 3102 686 3108 -
698 3083 769 3119 Levitae
776 3086 826 3119 Gno-

468 3135 549 3170 sticorum
568 3138 621 3184 turpis
642 3140 739 3175 commixtio
756 3144 784 3176 95.
802 3161 826 3174 -,
