1988 3392
165 238 207 282 628
401 246 512 281 ADDENDA
522 246 553 281 ET
566 245 718 280 οοπιιιοοαοι.

165 328 177 363 ί.
186 329 207 363 21
222 334 239 361 et
250 338 296 372 seqq.
317 329 391 363 Venetus
408 327 451 361 haec
465 325 531 372 plenius
546 328 569 362 ita
586 334 668 373 concepta
683 327 744 361 habet:
763 323 857 374 ἀρχόμενος
872 325 915 364 εἶναι
926 326 951 369 ώς

165 386 207 421 ἐτών
218 385 318 430 τριάκοντα,
337 384 392 421 λοιπον
408 384 478 430 ἐλήφθη
495 385 563 432 εἰςτήν
576 385 644 431 έρημον.
667 383 780 421 Ἀπεντεῦθεν
796 378 824 421 οῦν
837 386 855 421 αἱ
862 383 950 431 τεσσαρά-

164 456 215 479 κοντα
227 442 293 489 ήμέραι
306 444 336 479 τοῦ
346 444 441 488 πειρασμοῦ
452 440 553 484 άκολοῦθως
563 443 650 489 φαίνονται
659 442 689 479 καί
699 442 730 479 δῦο
743 443 779 491 ἑβδ.
790 443 817 489 (αἱ
826 443 881 488 deest)
893 445 949 490 μικρῷ

163 500 212 535 πλέον
219 501 249 536 καὶ
255 498 319 546 ήμέραι
328 497 366 544 δυό,
378 495 399 540 ἃς
409 500 487 544 διέτριψε
494 500 590 537 ἐπανελθών
597 497 631 536 άπὸ
638 501 668 536 τοῦ
675 502 770 546 πειρασμοῦ
778 499 806 535 ἐπὶ
814 499 845 545 τήν
851 501 949 543 Γαλιλαίαν,

163 558 250 594 τουτέστιν
263 557 288 598 εἰς
298 555 330 602 τήν
341 556 425 601 Ναζαρὲθ
440 557 470 593 καί
485 556 556 602 περὶτὰ
569 554 608 603 ὅρια
618 554 684 602 αῦτῆς,
703 558 733 594 καί
744 557 776 603 μία
787 554 846 603 ήμέρα
858 554 888 595 ὅτε
897 551 950 603 ήλθεν

163 614 208 660 πρὸς
218 613 311 659 Ἰωάννην,
329 611 359 650 ὅτε
371 614 404 660 ἔφη
417 612 426 651 ά
437 611 529 659 Ἰωάννης,
537 611 578 652 Ἴδε
588 612 598 651 ὁ
608 611 663 659 άμνίς
673 616 704 651 τοῦ
716 616 757 651 θεοῦ
766 612 776 651 ά
786 616 839 660 α’ίρων
849 613 881 660 τήν
892 613 950 661 ἆμαρ-

163 672 200 708 τίαν
210 674 239 709 τοῦ
251 669 328 716 κόσμου,
347 671 377 707 καί
388 671 401 716 ή
413 669 492 717 ἐπαῦριον
503 671 558 708 πάλιν.
582 669 669 717 Εἱστήκει
682 670 691 708 ὁ
701 670 784 717 Ἰωάννης
795 671 826 708 καὶ
840 672 860 708 ἐκ
870 673 904 709 τών
915 685 950 718 μα-

164 731 222 775 θητῶν
233 727 285 765 αῦτοῦ
295 727 336 771 δῦο,
354 729 384 764 καί
395 729 484 776 ἐμβλέψας
494 731 519 776 τῷ
531 727 591 774 Ἰησοῦ
600 731 719 771 περιπατοῦντι
730 730 786 775 λέγει,
799 725 839 766 Ἴδε
852 727 861 765 ά
872 729 950 775 Χριστὸς

162 784 172 822 ὁ
184 783 238 832 α’μνᾶς
248 787 278 822 τοῦ
291 787 337 822 θεοῦ.
360 784 406 822 Εἶτά
416 798 468 831 φησιν
475 813 479 829 ,
486 781 579 823 Ἤκουσαν
591 786 606 821 οί
615 785 646 822 δύο
658 787 736 832 μαθηταί
746 784 798 823 αῦτοῦ
808 787 838 822 καί
849 784 949 833 η’κολοῦθη-

163 845 229 891 σαυτῷ
238 842 307 888 Ἰησοῦ
324 840 369 888 αῦτη
381 837 433 889 δἐήν
444 840 586 889 ὅκτωκαιδεκάτη
599 842 643 888 μετά
656 842 683 880 τὸν
696 842 791 890 πειρασμόν
802 841 870 889 ήμέρα,
888 842 949 885 καθώς

163 900 278 945 προείπαμεν,
294 900 354 945 πρώτη
367 900 387 937 δὲ
398 897 431 936 άπὸ
443 896 533 943 Ἰωάννου,
552 897 581 937 ὅτε
590 899 712 945 η’κολοῦθησαν
722 902 748 948 τῷ
758 899 819 945 Ἰησοῦ
833 902 849 937 οἱ
858 901 898 946 περὶ
909 899 948 937 Ἀν-

162 957 212 1001 δρέαν
223 958 253 993 καὶ
263 953 303 1002 παρ’
315 954 362 1002 αῦτῷ
376 957 442 1003 ἐ’μειναν
456 956 487 1002 τήν
500 955 566 1003 ήμέραν
579 957 650 1002 ἐκείνην.
670 954 721 1003 Ὥρα
731 952 754 1004 ήν
766 954 795 994 άτε
807 958 837 993 καί
848 956 877 994 τίν
889 958 949 995 ἑαυτοῦ

124 1054 127 1057 ,
162 1011 237 1060 α’δελφόν
248 1014 322 1059 Σίμωνα
332 1012 386 1060 εῦρών
399 1013 409 1050 ὁ
419 1012 501 1060 Ἀνδρέας
513 1011 571 1060 ήγαγε
581 1012 624 1059 πρὸς
633 1013 662 1051 τὸν
671 1013 746 1060 Ἰησοῦν.
770 1013 817 1050 Εἶτα
828 1015 873 1060 λέγει
884 1015 903 1052 τὸ
918 1013 949 1052 εῦ-

163 1071 249 1116 αγγέλιον,
262 1072 290 1116 Τῇ
302 1071 380 1116 ἐπαύριον
391 1070 478 1117 ήθελησεν
489 1072 563 1113 ἐξελθεῖν
573 1072 598 1112 εἰς
607 1070 638 1116 τήν
647 1072 750 1112 Γαλιλαίαν,
763 1072 793 1107 καί
803 1069 879 1116 εῦρίσκει
888 1073 949 1109 Φίλιπ-

162 1141 202 1170 πον,
221 1129 252 1164 καὶ
263 1128 310 1172 λέγει
320 1125 367 1175 αῦτῷ
380 1127 390 1164 0‘
401 1128 468 1172 κύριος,
485 1125 586 1165 ’Δκολοῦθει
598 1141 635 1173 μα’
654 1126 698 1174 αῦτη
709 1128 729 1165 δέ
739 1123 761 1174 ῆν
772 1128 914 1175 ἐννεακαιδεκάιη
925 1128 949 1174 ή-

163 1185 207 1229 μέρα
223 1183 267 1230 μετὰ
281 1183 310 1221 τὸν
327 1184 434 1230 πειρασμὸν,
451 1185 481 1221 καί
493 1185 529 1231 ἔχει
539 1184 553 1230 ή
563 1183 656 1222 ἀκολουθία
670 1188 700 1221 τοῦ
711 1183 810 1231 εῦαγγελίου
822 1186 906 1223 Φιλίππου
917 1185 948 1232 τήν

162 1243 224 1285 κλῆσιν
241 1241 271 1277 καὶ
281 1242 312 1277 τοῦ
322 1241 430 1287 Ναθαναήλ,
448 1242 478 1277 καί
489 1241 545 1278 λοιπόν
556 1245 592 1278 κτλ.
605 1262 626 1267 -
650 1242 700 1277 1.28.
717 1243 776 1288 ήμέροι
787 1242 832 1287 λέγει
840 1242 896 1288 γάμος
906 1246 949 1279 Ven.

162 1319 184 1324 -
196 1299 240 1332 lbid.
258 1300 333 1332 Venetus
345 1299 406 1332 iterum
421 1298 471 1344 plane
488 1299 546 1332 differt
555 1299 598 1332 haec
610 1305 628 1332 et
637 1310 683 1343 seqq.
699 1299 723 1333 ita
734 1300 797 1332 habens
809 1307 900 1345 concepta:
917 1299 949 1340 τὰς

161 1356 286 1400 προειρημένας
293 1353 328 1390 άπὸ
336 1351 416 1390 Ἰωάννου
426 1353 499 1399 ήμέρας.
515 1355 657 1400 Προςτιθεμένων
665 1355 717 1390 τοίνυν
726 1356 760 1391 τών
770 1356 824 1391 εἴκοσι
831 1354 902 1401 ήμερών
911 1361 949 1396 ταῖς

161 1410 291 1456 τεσσαράκοντα
300 1412 329 1446 τοῦ
342 1412 438 1456 πειρασμοῦ
448 1409 479 1446 δῦο
493 1412 548 1455 μῆνες
558 1413 671 1451 τελειοῦνται,
683 1412 743 1451 οῗτινες
752 1416 788 1451 τοῖς
797 1412 841 1448 δέκα
853 1413 897 1457 μησὶ
908 1425 948 1448 συν-

162 1467 256 1512 απτόμενοι
266 1466 341 1504 ἐνιαυτὸν
351 1469 436 1509 τελοῦσιν,
456 1464 466 1502 ὅ
477 1467 514 1502 ἐστι
523 1468 610 1512 πλήρωμα
620 1465 710 1511 τριάκοντα
721 1467 763 1504 ἐτών
774 1465 807 1503 α’πὸ
817 1469 850 1513 τῆς
865 1469 949 1514 γενέσεως

161 1526 191 1559 τοῦ
203 1525 267 1570 κυρίου.
291 1524 327 1560 Καὶ
337 1523 435 1570 εῦρίσκεται
445 1523 465 1560 τὸ
475 1525 541 1568 πρῶτον
553 1528 623 1569 σημεῖον
633 1525 667 1569 τῆς
675 1525 706 1560 τοῦ
716 1521 778 1565 ῦδατος
788 1525 813 1565 εἰς
822 1523 863 1562 οίνον
875 1530 947 1574 μεταβο-

162 1582 195 1624 λῆς
206 1581 223 1617 ἐν
234 1583 259 1629 τῷ
272 1582 318 1617 τέλει
327 1583 356 1617 τοῦ
368 1583 468 1626 τριακοστοῦ
480 1581 528 1622 έτους
536 1580 612 1626 ποιήσας
623 1579 632 1616 ὁ
643 1580 729 1625 Χριστὸς,
741 1580 766 1622 ώς
777 1581 821 1617 ἐστιν
832 1584 948 1629 καταληπτέον

161 1643 200 1679 ταῖς
210 1640 243 1674 τών
256 1636 360 1684 εῦαγγελίων
376 1637 484 1679 άκολουθίαις
495 1638 587 1685 προσχάντι
602 1634 684 1684 α’κριβώς.
707 1638 770 1675 Λοιπὸν
782 1637 802 1675 δὲ
812 1636 846 1675 α’πό
858 1641 888 1677 τοῦ
898 1639 948 1686 πρώ-

161 1708 191 1733 του
202 1696 274 1742 σημείου
284 1693 345 1733 τοῦτον
357 1700 392 1733 κτλ,
405 1718 426 1724 -
451 1697 462 1730 ί.
470 1697 486 1732 3.
497 1696 518 1730 ab
530 1697 561 1730 ἰοί.
579 1697 654 1730 venetus
665 1708 721 1730 rursus
732 1696 800 1731 differt:
819 1702 884 1744 σημεῖα
895 1697 948 1745 ἐργά-

163 1757 220 1797 ζεται,
232 1755 261 1791 καί
273 1753 292 1791 τί
305 1753 388 1801 κήρυγμα
403 1754 493 1796 διδάσκει,
511 1754 622 1800 δεικνυμένης
634 1755 658 1795 εἰς
668 1751 744 1795 ἅπαντας
755 1751 855 1800 ἀνθρώπους
863 1758 896 1802 τῆς
907 1758 940 1793 θαυ

162 1814 231 1859 μαστῆς
241 1812 271 1849 καί
286 1809 360 1859 άρρήτου
372 1810 425 1850 αῦτοῦ
440 1807 568 1859 φιλανθρωπίας
583 1812 613 1849 καί
627 1807 743 1858 ἐῦαγγελικῆς
758 1814 906 1861 θαυματουργίας,
924 1812 949 1856 ώς

161 1871 242 1912 πολλάκις
254 1868 369 1917 ήναγκάσθην
384 1873 442 1918 φῆσαι
452 1870 482 1908 διά
493 1870 525 1916 τῆν
538 1873 572 1907 τῶν
584 1869 700 1916 ἠπατημένων
716 1868 801 1916 ἀγνωσίαν
812 1872 844 1918 (ita
856 1874 948 1908 restituen-

161 1929 202 1962 dum
213 1930 247 1974 est)
263 1929 297 1963 τών
309 1925 400 1974 α’ντιλέγειν
414 1928 515 1974 τολμώντων
525 1930 549 1975 τῆ
558 1931 593 1964 τών
605 1924 708 1973 εῦαγγελίων
720 1927 799 1975 ἀκριβείᾳ
809 1932 831 1976 τῇ
841 1928 875 1967 ῦπό
886 1934 916 1967 τοῦ
926 1929 947 1968 οἱ·

161 1987 199 2032 γίου
209 1984 307 2031 πνεύματος
317 1984 417 2027 ἀκολούθως
427 1986 524 2032 ἐκτεθείση.
548 1982 587 2021 Οῦκ
598 1984 646 2021 ἐάσει
656 1984 689 2031 γάρ
700 1984 757 2032 χώραν
766 1984 779 2032 ή
789 1987 865 2033 τοσαῦτη
875 1985 949 2036 ἀκριβής

162 2041 250 2085 άπέδειξις
261 2047 298 2083 τοῖς
309 2043 439 2089 ἐναντιουμένοις
450 2043 522 2084 ἑαυτοῖς.
546 2040 573 2078 Οῦ
584 2041 617 2088 γάρ
629 2043 682 2087 λέγων
693 2044 731 2089 (εἰσ)
742 2045 765 2090 τῆ
777 2041 863 2092 άληθείᾳ,
875 2045 913 2081 ἐπεὶ
922 2044 948 2091 μή

162 2100 267 2137 δεδῦνανται.
290 2101 372 2135 Δελοῦται
387 2099 420 2146 γάρ
435 2097 462 2136 gn
472 2098 506 2136 άπὸ
517 2102 547 2135 τοῦ
558 2099 675 2147 βαπτίσματος
685 2098 699 2145 ή
710 2097 755 2147 άργή
772 2101 804 2145 τῆς
820 2103 880 2148 λοιπῆς
891 2114 948 2148 πραγ-

162 2158 234 2202 ματείας
246 2157 319 2204 γέγονεν,
343 2154 395 2193 Οῦτω
410 2156 443 2203 γάρ
460 2157 545 2193 δείκνυται
558 2155 583 2198 ώς
593 2154 603 2193 ά
615 2155 674 2201 κῦριος
685 2155 728 2202 μετά
745 2155 776 2203 τήν
792 2156 859 2203 ῆμέραν
874 2160 904 2196 τοῦ
915 2162 948 2206 βα-

161 2216 256 2261 πτίσματος
267 2215 319 2261 ἐντῷ
332 2215 370 2260 (sic)
382 2215 442 2260 γέγονε
452 2216 487 2250 τῶν
497 2213 627 2261 τεσσαράκοντα
638 2212 709 2260 ήμερών
720 2214 737 2251 ἐν
748 2215 771 2261 τῆ
786 2214 857 2262 ἐρήμῳ,
874 2216 914 2262 περὶ
924 2210 948 2253 ών

163 2273 196 2318 (sic
208 2272 332 2306 restituendum
342 2273 361 2305 in
372 2272 430 2317 editis)
447 2272 472 2318 τῷ
487 2271 571 2316 πνεύματι
581 2272 607 2318 τώ
618 2269 664 2318 άγίῳ
675 2270 704 2309 διά
714 2269 794 2309 Ἰωάννου
807 2270 827 2308 ου’
837 2273 949 2319 πεφράνισται

164 2328 245 2375 σημάναι,
265 2325 317 2374 Ἤδη
329 2328 362 2374 γὰρ
374 2323 396 2374 ῆν
408 2329 457 2365 τοῦτο
468 2327 498 2365 διά
509 2329 543 2365 τών
554 2331 605 2374 τριῶν
618 2327 742 2374 εῦαγγελιστών
756 2328 843 2374 σημανθὲν
854 2332 891 2366 κτλ.
950 2336 952 2340 ’

208 2388 262 2434 Pag.
272 2387 308 2423 78.
330 2387 342 2419 l.
352 2388 377 2421 ll.
396 2383 429 2422 οἷπὸ
440 2385 514 2422 ἑκάστου
526 2386 675 2433 βοηθεῖσθαι-καί
691 2385 724 2431 γάρ
735 2385 782 2431 παρά
793 2385 859 2423 πάντων
871 2390 913 2422 Ven.
925 2408 947 2414 —

162 2443 174 2477 l.
183 2444 208 2477 15.
221 2440 279 2483 ’ὄντας
303 2444 325 2478 Κ.
338 2443 373 2489 έργ.
383 2442 427 2488 πρὸς
437 2442 465 2479 τὸν
474 2440 555 2488 Ἰωάννην
565 2446 607 2478 Ven.
617 2463 639 2468 —
662 2444 673 2476 l.
682 2444 708 2479 17.
720 2442 736 2485 ὁ,
749 2450 788 2477 ante
798 2444 900 2490 Ναθαναήλ,
914 2457 947 2479 σοι.

162 2502 240 2535 Ven.-
262 2501 275 2534 ί.
283 2500 309 2535 18.
326 2501 393 2544 πρῶτος
409 2500 465 2544 παρῆν
476 2499 516 2535 τότε
527 2501 552 2547 τῷ
563 2497 623 2545 Ἰησοῦ
633 2501 675 2533 ven.
688 2519 709 2525 -
733 2500 781 2534 wo.
797 2498 869 2548 Ἀνδρέᾳ
884 2501 947 2547 πρώτῳ

162 2569 207 2602 γεγ,
219 2557 314 2603 μικροτέρῳ
326 2553 363 2592 άντι
373 2559 416 2591 Ven.
425 2576 446 2581 —
470 2557 517 2591 122.
529 2555 562 2593 οἱπό
573 2557 641 2601 Πέτρου
651 2553 810 2602 γέγονε.άφηγεῖτο
820 2556 853 2603 γὰρ
862 2559 893 2594 τοῦ
905 2558 947 2595 ἰδίου

164 2611 199 2657 οἰδ,
212 2614 242 2649 καὶ
252 2610 280 2649 &a
290 2613 310 2649 δὲ
319 2612 364 2649 κατὰ
375 2614 424 2649 τοῦτο
435 2615 478 2646 Ven.
486 2632 510 2638 -
531 2613 579 2649 1θὸ-
592 2611 617 2653 ώς
625 2614 712 2659 πανταχοῦ
725 2615 787 2659 σαφῶς
797 2615 840 2648 Ven.
854 2635 875 2641 -
898 2614 946 2650 1.27.

166 2668 323 2706 asstfflvom.Ven.
348 2670 394 2703 Idem
404 2670 455 2715 paulo
465 2676 504 2714 post
514 2682 551 2703 curn
561 2670 761 2717 νο]3.τῄδευτέρᾳ.-
784 2670 795 2703 Ι.
804 2671 821 2706 7.
832 2672 854 2704 ab
864 2672 896 2705 inf.
908 2668 947 2707 οῦτε

163 2728 194 2763 τοῦ
206 2724 296 2771 Ἰωάννου,
315 2723 354 2762 οῦτε
365 2728 395 2762 τοῦ
406 2723 449 2761 Ἰακ.
468 2727 523 2771 (quod
538 2727 660 2761 restituendum
676 2728 720 2772 est),
738 2724 781 2763 οἷλλά
793 2727 947 2772 τώνπερίΝαθα-

164 2783 209 2831 ναήλ
220 2785 250 2820 καί
261 2783 344 2819 Φίλιππον
354 2783 384 2819 καί
393 2780 448 2820 άλλων
460 2784 518 2827 τινών,
532 2781 556 2825 τίς
568 2784 604 2820 ἐστι
614 2784 697 2826 συνιέναι,
710 2784 751 2830 ἑξῆς
763 2782 818 2820 λοιπὸν
830 2783 875 2830 μετὰ
885 2784 905 2822 τὸ
917 2785 946 2822 ἐλ-

163 2845 199 2879 θεῖν
211 2839 264 2878 αῦτῦν
281 2840 306 2880 είς
315 2841 434 2886 Καφαρναοὺμ
446 2854 462 2876 κ.
477 2838 534 2876 άνελθ.
544 2854 563 2877 π.
575 2842 600 2881 είς
611 2840 694 2886 Ναζαρὲθ
709 2842 741 2885 (ita
751 2842 856 2887 constanter)
868 2843 911 2876 Ven.
924 2861 946 2869 -

162 2899 174 2934 l.
181 2902 197 2935 5.
208 2901 229 2934 ab
238 2900 270 2934 inf.
285 2898 361 2943 σημείων
372 2896 446 2944 άνῆλθεν
457 2896 507 2934 πάλιν
518 2899 542 2940 εἰς
551 2897 642 2945 Ναζαρὲθ,
653 2898 684 2935 καί
695 2895 760 2944 ἀνέγνω
770 2896 790 2935 τὸ
801 2899 863 2946 βιβλίον
872 2897 946 2936 Ἡσαΐου

163 2958 233 3004 (desunt
247 2958 298 2993 verba
309 2957 339 2992 τοῦ
350 2955 381 3002 τήν
392 2955 444 3003 ξηράν
454 2977 477 2983 -
486 2955 518 3004 τήν
529 2958 582 3004 ἴασιν)
593 2956 690 3004 προφήτου,
708 2953 749 2994 ὅθεν
759 2956 814 3002 λέγει,
830 2957 904 3004 Πνεῦμα
914 2971 947 2995 κυ-

164 3017 199 3062 ρίου
211 3014 237 3053 ἐττ’
248 3014 290 3061 ἐμὲ,
309 3009 329 3051 οῦ
338 3015 401 3052 εἵνεκεν
413 3015 478 3063 ἔχρισέν
491 3027 522 3061 με,
540 3013 685 3063 εῦαγγελίσασθαι
703 3018 787 3062 πτωχοῖς,
804 3014 891 3062 καίέξής.
912 3010 946 3052 Ἠν

164 3073 184 3111 δὲ
195 3074 238 3120 μετὰ
248 3072 279 3119 τήν
290 3072 357 3120 ῆμέραν
368 3075 402 3110 τών
412 3072 519 3120 Ἐπιφανίων
534 3076 583 3112 τοῦτο
598 3072 684 3121 γινόμενον
699 3071 743 3119 μετά
759 3070 827 3119 ήμέρας
842 3073 900 3121 τινάς,
917 3072 947 3111 καί

164 3132 208 3179 μετὰ
218 3132 237 3170 τὸ
248 3134 368 3179 παραδοθῆναι
383 3132 411 3171 τὸν
422 3129 504 3179 Ἰωάννην
515 3132 603 3171 κατελθών
614 3132 664 3170 πάλιν
676 3132 701 3174 είς
710 3130 830 3180 Καφαρναοὺμ
845 3132 901 3171 λοιπὸν
912 3145 946 3170 κα·
