1988 3392
161 199 189 240 44
450 206 532 241 SANGTI
544 205 662 241 ΕΡΙΡΗΑΝΠ

161 284 190 336 ὥς
199 299 259 341 φησι,
278 282 301 328 ‘0
311 284 370 342 λόγος
380 284 430 343 σάρξ
441 284 555 343 γενόμενος,
575 285 613 341 σιἰγ
625 282 653 334 νίς
664 281 726 335 αότός
738 281 832 335 άπονοεῖ,
851 280 912 340 λόγον
922 284 945 329 ἐκ

162 353 238 408 πατρός
256 354 381 412 προελθόντα
396 356 431 398 τιαί
446 355 474 404 είς
488 352 553 409 σάρκα
569 353 748 408 μεταβεβλημένον·
770 350 823 396 οίίτω
841 350 878 407 γάρ
893 352 945 397 κατά

161 422 199 477 τήν
208 421 339 478 ’ἠπατημένην
349 424 413 467 αὐτοῦ
424 425 503 466 ἐννοιαν
515 421 623 478 διηγήσατο
634 423 681 478 περὶ
689 426 728 464 ’τοῦ
739 420 796 478 ὅρου.
819 421 848 462 Ec
859 420 880 464 δὲ
892 421 945 464 ἐστιν

161 488 225 547 Ἀδάμ
235 490 275 549 πρό
288 497 325 536 τοῦ
336 489 386 536 εἶναι
397 490 432 535 τόν
441 489 513 547 λόγον,
536 490 592 547 2άρα
602 489 636 534 διά
646 493 700 541 τίνος
711 488 723 534 δ
735 488 797 541 αάτός
806 487 869 543 Ἀδάμ
881 489 945 533 ιιέιιτι-

155 575 218 619 aaz,
238 562 272 603 καί
290 559 355 604 πάντα
373 558 398 603 τά
415 558 454 617 πρό
466 557 529 602 αὐτοῦ
545 561 642 614 πείσματα
656 563 693 602 τοῦ
703 562 755 602 θεοῦ
760 577 766 611 5
788 556 866 614 ἢπρός
876 556 945 602 τίναδ

162 629 228 686 πατὴρ
245 631 321 685 είρηιιε,
343 629 464 683 Ποιήσωμεν
477 625 600 683 άνθρωπον,·
631 627 662 670 Οὐ
673 627 711 684 γάρ
723 630 753 677 τίς
769 631 831 670 3ποτε
846 624 898 682 πρός
908 625 944 670 τόν

163 697 280 742 ἐνδιάθετον
296 695 359 740 αὐτοῦ
374 695 446 753 λόγον,
466 694 526 751 ίίτιίν
540 694 667 752 προφοριαόν
678 697 794 739 ἐπιτείνεται
807 695 844 751 τὴν
857 697 945 751 σνμβουκ

162 769 215 818 λίαν,
230 760 283 809 Ιάλλά
298 764 350 823 πρός
365 764 400 808 τόν
415 766 506 819 ἐμφυτον
518 765 553 807 ναὶ
570 763 628 821 άγιον
642 763 706 808 αὐτοῦ
719 763 778 822 λόγον
788 769 825 820 τῆς
837 763 946 819 μελλούσης

162 840 199 878 τοῦ
209 833 322 891 άνθρσίπου
332 835 463 890 δημιουργίας
474 839 561 877 ποιεῖται
572 831 609 888 την
620 831 668 887 μετά
684 831 749 888 πάσης
760 836 834 886 σοφίας
846 831 945 889 ἐξήγησιν,

162 905 197 946 ’ίνα
207 902 305 957 μάθωμεν
320 903 341 953 ἐξ
353 901 416 959 άργίγς
433 900 484 945 εἶναι
499 901 535 945 τόν
549 904 612 945 παῖδα
623 900 674 958 πρός
685 900 721 946 τόν
735 902 800 945 αὐτοῦ
811 903 897 958 πατέρα,
912 903 947 946 ἵνα

163 970 190 1026 μή
206 969 241 1014 τόν
257 969 353 1028 ἡμέτερον
368 974 448 1026 κτίστην
458 973 578 1029 πρόσφατον
588 975 712 1026 νομίσωμεν,
731 969 780 1014 ἀλλά
795 969 832 1014 σάν
843 971 904 1025 πατρὶ
915 968 946 1025 άελ

163 1037 279 1096 ὑπάρχοντα
295 1038 334 1096 πρό
348 1044 388 1083 τῶν
404 1039 494 1084 αἰσίνων·
516 1039 543 1090 νίς
558 1041 592 1083 καί
603 1037 696 1094 Ἰωάννης
709 1045 807 1098 μαρτυρεῖ
820 1039 893 1096 λέγων,
910 1038 947 1083 Ἐν

163 1106 213 1168 άργῇ
227 1104 253 1163 ἦν
267 1106 280 1151 0‘
294 1107 363 1165 λόγος,
378 1110 413 1152 καλ
428 1107 440 1153 ό
454 1108 512 1166 λόγος
527 1104 553 1163 ἦν
568 1107 620 1164 πρός
634 1107 687 1152 4τόν
701 1107 767 1152 θεόν..

71 1190 116 1236 Κεφ,
127 1188 149 1227 δ’,
227 1176 277 1228 ῙὭς
286 1193 348 1232 φησιν
360 1175 459 1227 2αάτόςό
470 1176 563 1234 άγάρτης.
594 1178 634 1219 Καί
646 1175 707 1227 αάτός
719 1194 772 1232 φημι
783 1173 833 1220 εἶναι
842 1174 877 1219 τόν
888 1174 948 1233 λόγον

163 1243 198 1289 εἶπ’
207 1243 278 1301 άργῆς,
300 1243 340 1288 ἄλλ’
353 1245 389 1301 οὐχ
404 1245 449 1289 υίόν
463 1250 515 1289 θεοῦ
530 1246 677 1302 γεγεννημένον.
707 1247 749 1288 Καί
766 1246 784 1288 εί
797 1243 825 1300 μη
839 1246 893 1288 ἐστιν
902 1245 948 1296 υἱός

162 1319 224 1366 θεοῦ,
240 1314 324 1368 μάταιος
334 1312 397 1357 αότοῦ
407 1311 420 1357 δ
430 1314 503 1367 πόνος,
524 1317 613 1369 3ματαία
623 1311 686 1356 αάτοῦ
695 1314 729 1357 ααλ
739 1311 753 1368 ἡ
765 1317 892 1370 προαίρεσις,
912 1314 946 1357 ιιαλ

163 1380 177 1438 ἦ
190 1384 256 1436 ἐλπίς,
276 1384 311 1426 ααλ
324 1381 338 1437 ἡ
353 1382 437 1427 διάνοια.
470 1382 524 1426 Οάδέ
539 1382 577 1440 γάρ
592 1381 732 1439 περισσότερον
747 1386 787 1425 τάν
804 1381 947 1438 ἀρνησαμένων

164 1450 226 1495 αὐτόν
236 1449 339 1496 Ἰουδαίων
350 1446 409 1502 οὗτος
420 1452 476 1507 λέγει.
508 1451 539 1494 Οὐ
551 1449 589 1508 γάρ
603 1453 654 1508 λέγει
664 1452 710 1508 περὶ
725 1448 789 1494 αὐτοῦ
798 1449 821 1494 τό
836 1448 948 1508 εὐαγγέλιον

163 1520 206 1574 ίίτι,
224 1519 258 1563 Ἐν
267 1519 318 1579 άργῇ
328 1515 354 1575 ἦν
365 1518 455 1577 άλόγος,
471 1522 506 1564 ναί
518 1517 598 1577 δλάγος
609 1522 634 1575 ι’γν
644 1522 665 1564 ἐν
677 1524 705 1579 τῷ
714 1524 768 1578 θεῷ,
784 1517 835 1573 ἀλλ’,
855 1517 878 1562 Ὁ
889 1519 948 1577 λόγος

106 1610 108 1616 ’
142 1612 146 1619 ·
162 1584 189 1644 ἦν
201 1587 253 1645 πρός
263 1589 297 1633 τόν
307 1590 363 1633 θεόν.
393 1591 435 1632 Καὶ
446 1588 471 1632 οὗ
482 1590 533 1645 λέγει
545 1587 576 1632 ότι
590 1590 612 1632 έν
626 1593 654 1648 τῷ
665 1593 708 1647 θεῷ
720 1583 745 1644 ἦν
758 1587 828 1644 μόνον,
841 1586 890 1631 άλλά
898 1586 948 1640 θεός

163 1652 190 1713 ἦν
201 1655 213 1701 o‘
223 1657 286 1715 λόγος.
313 1656 364 1700 Ἀλλ’
374 1659 396 1701 ἐν
406 1663 433 1717 τῷ
446 1656 550 1717 άνθροίπῳ
563 1658 598 1712 μέν
612 1657 671 1714 λόγος
683 1658 799 1710 ἐνδιάθετος
810 1655 840 1700 άεί
852 1658 886 1701 ιιαλ
898 1674 948 1712 προ-

164 1725 250 1780 φορητός
263 1725 360 1782 ὑπάρχων
379 1726 404 1770 οὐ
419 1725 503 1770 δύναται
518 1727 611 1784 λέγεσθαι
624 1724 745 1782 άνθρωπος,
766 1724 816 1768 άλλά
832 1724 947 1782 άνθροίπου

163 1794 234 1851 λόγος.
254 1797 300 1838 4Εί
311 1793 349 1839 οάιι
359 1790 385 1850 ἦν
397 1793 455 1838 οάπω
462 1793 485 1839 τό
495 1796 591 1852 γέννημα,
601 1792 629 1845 νίς
642 1792 703 1845 αότός
712 1795 769 1851 λέγει,
780 1795 813 1838 nai
824 1795 842 1837 εἰ
851 1793 910 1838 οίίπω
923 1789 949 1850 ἦν

164 1862 209 1913 υίός
224 1868 281 1907 5τοῦ
292 1868 345 1907 θεοῦ
358 1862 407 1914 θεός
417 1861 485 1920 λόγος,
508 1862 541 1907 διά
555 1865 608 1914 τίνος
622 1862 646 1906 τά
663 1861 728 1906 πάντα
744 1864 858 1919 γεγένηταις
878 1861 948 1919 ἐπειδή

164 1946 215 1986 φησι
224 1931 247 1975 τό
260 1932 384 1989 εὐαγγέλιον,
407 1929 478 1975 Πάντα
494 1930 520 1975 δι’
531 1931 595 1974 αὐτοῦ
605 1932 693 1988 ἐγένετο,
714 1932 749 1974 nab
758 1933 818 1987 χωρίς
829 1932 893 1975 αὐτοῦ
906 1932 949 1989 έγέ·

165 2017 210 2043 νετο
226 1998 274 2044 οὐδὲ
288 2002 315 2044 ἐν.
343 1999 400 2043 Ἀλλά
412 2016 471 2056 φησι,
485 1999 563 2054 Ὥςπερ
578 1998 612 2043 διά
627 1998 688 2057 λόγου
699 1997 712 2043 ά
723 1998 833 2056 άνθρωπος
846 1998 949 2055 πράττειδ

165 2069 267 2124 βοάλεται,
287 2067 352 2120 οὕτως
362 2067 396 2112 διά
409 2074 445 2112 τοῦ
458 2070 511 2112 ἰδίου
525 2066 608 2125 λόγουό
621 2067 687 2123 πατὴρ
699 2067 733 2111 διά
744 2073 781 2112 τοῦ
792 2067 850 2119 ὄντος
862 2070 884 2111 ἐν
893 2068 949 2128 αὐτῷ

164 2137 217 2197 λόγῳ
230 2140 311 2192 ἐποίησε
320 2137 345 2181 τά
354 2137 425 2181 πάντα.
457 2141 506 2188 Πῶς
521 2132 558 2180 οὖν
568 2135 581 2180 ά
593 2135 663 2191 κάρτος
673 2135 712 2179 ’διά
722 2142 758 2180 τοῦ
770 2137 885 2194 εὐαγγελίου
898 2138 949 2194 λέγει

164 2205 326 2263 ότι,Ἕωςάρτι
341 2203 353 2249 ό
364 2204 430 2260 πατὴρ
443 2205 552 2262 ἐργάζεται,
573 2203 629 2261 ιιάγσί
642 2204 758 2261 ἐργάζομαι,·
791 2204 818 2248 Τό
829 2206 860 2257 δέ,
878 2202 901 2248 ‘0
911 2222 949 2249 πα-

164 2273 201 2330 τὴρ
214 2275 323 2330 ἐργάζεται,
345 2273 401 2330 ιιάγοί
414 2272 530 2330 ἐργάζομαι,
551 2272 576 2316 οὗ
591 2277 628 2316 τοῦ
643 2271 719 2328 πατρός
733 2272 761 2328 μη
779 2275 910 2331 ἐργαζομένου
927 2275 949 2318 ἐν

164 2347 189 2400 τῇ
205 2347 241 2385 τοῦ
256 2344 303 2385 υίοῦ
314 2344 406 2401 ἐργασία,
426 2339 474 2384 οὐδὲ
484 2346 520 2385 τοῦ
530 2342 577 2400 vfoz'}¹
592 2338 711 2397 ῦα’λλοτρίου
723 2340 791 2395 όντος,
806 2343 839 2385 ιιαί
853 2341 881 2397 μὴ
892 2344 949 2399 ἔργα·

166 2412 253 2465 σαμένου
271 2412 293 2454 ἐν
310 2415 386 2470 τῇτοῦ
402 2408 478 2466 πατρός
496 2412 623 2468 δημιουργίᾳ.
654 2408 725 2453 Πάντα
741 2409 779 2467 γάρ
793 2407 818 2453 τά
831 2411 890 2467 ἔργα,
902 2410 949 2455 ’ὅσα

165 2480 228 2531 ἐστιν,
248 2478 290 2532 άμα
305 2480 327 2522 έιι
338 2476 414 2535 πατρός
428 2479 463 2521 ιιοί
478 2480 525 2521 υἱοῦ
539 2479 574 2521 ιιαὶ
585 2476 643 2535 άγίου
655 2477 768 2532 πνεύματος
779 2479 886 2536 γεγένηται.
917 2477 949 2523 Δι’

166 2547 229 2590 αὐτοῦ
239 2546 276 2603 γάρ
289 2546 313 2590 τά
325 2546 391 2590 πάντα
401 2548 481 2604 γέγονεν
492 2544 534 2589 άπό
549 2546 635 2602 πατρός,
654 2547 690 2589 τινί
701 2544 763 2597 αὐτάς
773 2545 797 2590 τά
807 2545 873 2591 πάντα
883 2547 948 2605 εἰργά-

166 2630 213 2659 σατο
226 2614 265 2663 σόν
279 2617 350 2669 πατρί,
371 2616 406 2658 τιαὶ
421 2614 458 2658 σάν
473 2612 522 2674 άγίιμ
537 2615 640 2669 πνεύματι.
674 2619 706 2673 Τῷ
721 2614 759 2671 γάρ
773 2614 825 2672 λόγῳ
840 2618 913 2672 κυρίου
928 2618 951 2661 οἱ

166 2682 248 2739 ου’ρανοί
263 2683 422 2739 ἐστερεώθησαν,
442 2685 477 2726 τιαὶ
491 2687 520 2742 τῷ
534 2682 634 2737 πνεύματι
648 2687 685 2726 τοῦ
699 2682 797 2738 στόματος
811 2681 874 2728 αάτοῦ
894 2690 949 2728 πάσα

166 2750 180 2806 ἦ
191 2752 278 2806 δύναμις
292 2752 361 2794 αὑτοῦ.
391 2751 430 2794 Διό
443 2753 479 2809 ιναί
495 2750 543 2807 μετά
558 2751 666 2804 άσφαλείας
678 2749 691 2794 ό
705 2750 775 2808 κάρτος
790 2753 811 2795 ἐν
826 2756 853 2810 τῷ
868 2753 949 2811 εὐαγγε-

166 2825 201 2881 λίῳ
216 2823 278 2878 ἐλεγε,
297 2819 401 2878 γινώσκων
418 2818 454 2870 τάς
468 2819 567 2870 ὑπονοίας
580 2824 620 2863 τῶν
634 2821 800 2875 πεπλανημένων,
819 2820 949 2877 προγνοίστης

189 2960 204 2993 2.
217 2961 261 2993 Libri
272 2962 319 3002 υαλςο
331 2952 370 3001 ἄρα.
590 2957 630 2991 Gn.
638 2959 666 2991 lv.
680 2977 700 2984 -
727 2958 740 2992 λ.
752 2954 805 2993 Ἀλλὰ
815 2969 845 3000 μισ
857 2956 882 2999 ιδς
891 2962 948 2994 εσθαι·-

188 3005 205 3039 3.
217 3004 286 3039 πώποτε
297 3008 331 3038 end.
341 3006 406 3044 Βλιιθίς.
566 3006 642 3037 tuendum
653 3006 713 3038 σεπειιιλ
724 3006 805 3036 Ρολονὶαε.

189 3047 205 3084 4.
217 3048 246 3086 τίν
257 3053 311 3084 emin
321 3052 357 3085 αλλ.
364 3051 426 3085 Patavii
433 3051 486 3084 colon.
496 3052 546 3092 τιμτλ.
589 3052 605 3083 2.
618 3045 670 3089 αὐτὸς
682 3060 713 3083 σοι,
725 3051 742 3082 λιι
753 3050 790 3083 edit.
801 3051 868 3084 Patavii.
