<?xml version="1.0" encoding="UTF-8"?>
<!DOCTYPE html PUBLIC "-//W3C//DTD XHTML 1.0 Transitional//EN"
    "http://www.w3.org/TR/xhtml1/DTD/xhtml1-transitional.dtd">
<html xmlns="http://www.w3.org/1999/xhtml" xml:lang="en" lang="en">
 <head>
  <title>
</title>
<meta http-equiv="Content-Type" content="text/html;charset=utf-8" />
  <meta name='ocr-system' content='tesseract 3.04.00' />
  <meta name='ocr-capabilities' content='ocr_page ocr_carea ocr_par ocr_line ocrx_word'/>
</head>
<body>
  <div class='ocr_page' id='page_1' title='image "./MN41650ucmf_1/MN41650ucmf_1_0555.png"; bbox 0 0 1988 3392; ppageno 0'>
   <div class='ocr_carea' id='block_1_1' title="bbox 182 228 850 272">
    <p class='ocr_par' dir='ltr' id='par_1_1' title="bbox 182 228 850 272">
     <span class='ocr_line' id='line_1_1' title="bbox 182 228 850 272; baseline 0.003 -3"><span class='ocrx_word' id='word_1_1' title='bbox 182 234 370 271; x_wconf 76' lang='lat' dir='ltr'><strong>ruttuurtLtB.1u,</strong></span> <span class='ocrx_word' id='word_1_2' title='bbox 387 236 472 272; x_wconf 80' lang='lat' dir='ltr'><strong>rotun</strong></span> <span class='ocrx_word' id='word_1_3' title='bbox 488 235 733 271; x_wconf 76' lang='lat' dir='ltr'><strong>EXP08.F1D.GATHOL.</strong></span> <span class='ocrx_word' id='word_1_4' title='bbox 808 228 850 271; x_wconf 82' lang='lat'><strong>533</strong></span> 
     </span>
    </p>
   </div>
   <div class='ocr_carea' id='block_1_2' title="bbox 64 316 937 3052">
    <p class='ocr_par' dir='ltr' id='par_1_2' title="bbox 66 316 852 582">
     <span class='ocr_line' id='line_1_2' title="bbox 66 316 852 374; baseline -0.001 -13"><span class='ocrx_word' id='word_1_5' title='bbox 66 325 123 371; x_wconf 90' lang='lat' dir='ltr'><strong>rent,</strong></span> <span class='ocrx_word' id='word_1_6' title='bbox 145 330 170 359; x_wconf 92' lang='lat' dir='ltr'><strong>ne</strong></span> <span class='ocrx_word' id='word_1_7' title='bbox 183 322 268 358; x_wconf 84' lang='lat' dir='ltr'><strong>aetatem</strong></span> <span class='ocrx_word' id='word_1_8' title='bbox 284 317 305 359; x_wconf 94' lang='lat' dir='ltr'><strong>iu</strong></span> <span class='ocrx_word' id='word_1_9' title='bbox 323 316 364 358; x_wconf 88' lang='lat' dir='ltr'><strong>otio</strong></span> <span class='ocrx_word' id='word_1_10' title='bbox 378 318 485 372; x_wconf 79' lang='lat' dir='ltr'><strong>degerent,</strong></span> <span class='ocrx_word' id='word_1_11' title='bbox 506 325 541 360; x_wconf 91' lang='lat' dir='ltr'><strong>ant</strong></span> <span class='ocrx_word' id='word_1_12' title='bbox 557 317 622 360; x_wconf 88' lang='lat' dir='ltr'><strong>eibum</strong></span> <span class='ocrx_word' id='word_1_13' title='bbox 638 331 682 358; x_wconf 90' lang='lat' dir='ltr'><strong>oum</strong></span> <span class='ocrx_word' id='word_1_14' title='bbox 694 317 809 374; x_wconf 86' lang='lat' dir='ltr'><strong>cuiusquam</strong></span> <span class='ocrx_word' id='word_1_15' title='bbox 821 318 852 360; x_wconf 93' lang='lat' dir='ltr'><strong>iu·</strong></span> 
     </span>
     <span class='ocr_line' id='line_1_3' title="bbox 68 383 852 443; baseline -0.005 -11"><span class='ocrx_word' id='word_1_16' title='bbox 68 386 171 432; x_wconf 89' lang='lat' dir='ltr'><strong>commodo</strong></span> <span class='ocrx_word' id='word_1_17' title='bbox 188 392 297 428; x_wconf 90' lang='lat' dir='ltr'><strong>sumerent.</strong></span> <span class='ocrx_word' id='word_1_18' title='bbox 329 383 403 442; x_wconf 83' lang='lat' dir='ltr'><strong>Magna</strong></span> <span class='ocrx_word' id='word_1_19' title='bbox 420 400 469 428; x_wconf 92' lang='lat' dir='ltr'><strong>vero</strong></span> <span class='ocrx_word' id='word_1_20' title='bbox 486 401 512 429; x_wconf 85' lang='lat' dir='ltr'><strong>ex</strong></span> <span class='ocrx_word' id='word_1_21' title='bbox 529 393 585 443; x_wconf 88' lang='lat' dir='ltr'><strong>parte</strong></span> <span class='ocrx_word' id='word_1_22' title='bbox 598 387 619 429; x_wconf 93' lang='lat' dir='ltr'><strong>iu</strong></span> <span class='ocrx_word' id='word_1_23' title='bbox 633 386 761 429; x_wconf 77' lang='lat' dir='ltr'><strong>decantandis</strong></span> <span class='ocrx_word' id='word_1_24' title='bbox 771 387 852 443; x_wconf 89' lang='lat' dir='ltr'><strong>psalmis</strong></span> 
     </span>
     <span class='ocr_line' id='line_1_4' title="bbox 67 454 851 513; baseline -0.001 -13"><span class='ocrx_word' id='word_1_25' title='bbox 67 472 89 500; x_wconf 87' lang='lat' dir='ltr'><strong>ac</strong></span> <span class='ocrx_word' id='word_1_26' title='bbox 100 455 200 512; x_wconf 88' lang='lat' dir='ltr'><strong>perpetuis</strong></span> <span class='ocrx_word' id='word_1_27' title='bbox 210 454 333 497; x_wconf 87' lang='lat' dir='ltr'><strong>orationibus</strong></span> <span class='ocrx_word' id='word_1_28' title='bbox 345 462 365 496; x_wconf 92' lang='lat' dir='ltr'><strong>et</strong></span> <span class='ocrx_word' id='word_1_29' title='bbox 377 468 478 497; x_wconf 88' lang='lat' dir='ltr'><strong>sacrarum</strong></span> <span class='ocrx_word' id='word_1_30' title='bbox 488 455 599 499; x_wconf 90' lang='lat' dir='ltr'><strong>litterarum</strong></span> <span class='ocrx_word' id='word_1_31' title='bbox 610 455 730 498; x_wconf 92' lang='lat' dir='ltr'><strong>lectionibus</strong></span> <span class='ocrx_word' id='word_1_32' title='bbox 740 456 851 513; x_wconf 88' lang='lat' dir='ltr'><strong>iisdemque</strong></span> 
     </span>
     <span class='ocr_line' id='line_1_5' title="bbox 66 523 561 582; baseline -0.002 -14"><span class='ocrx_word' id='word_1_33' title='bbox 66 523 182 569; x_wconf 80' lang='lat' dir='ltr'><strong>memoriter</strong></span> <span class='ocrx_word' id='word_1_34' title='bbox 196 524 347 582; x_wconf 75' lang='lat' dir='ltr'><strong>pronuntiandis</strong></span> <span class='ocrx_word' id='word_1_35' title='bbox 363 524 561 581; x_wconf 74' lang='lat' dir='ltr'><strong>seipsosexcrcent.</strong></span> 
     </span>
    </p>

    <p class='ocr_par' dir='ltr' id='par_1_3' title="bbox 64 588 936 2144">
     <span class='ocr_line' id='line_1_6' title="bbox 121 588 924 654; baseline 0.001 -19"><span class='ocrx_word' id='word_1_36' title='bbox 121 591 163 635; x_wconf 88' lang='lat' dir='ltr'><strong>Iam</strong></span> <span class='ocrx_word' id='word_1_37' title='bbox 176 607 226 636; x_wconf 91' lang='lat' dir='ltr'><strong>vero</strong></span> <span class='ocrx_word' id='word_1_38' title='bbox 237 588 387 651; x_wconf 69' lang='lat' dir='ltr'><strong>hospitalitatis,</strong></span> <span class='ocrx_word' id='word_1_39' title='bbox 403 593 540 646; x_wconf 87' lang='lat' dir='ltr'><strong>humanitatis,</strong></span> <span class='ocrx_word' id='word_1_40' title='bbox 556 601 577 635; x_wconf 89' lang='lat' dir='ltr'><strong>et</strong></span> <span class='ocrx_word' id='word_1_41' title='bbox 588 595 608 636; x_wconf 93' lang='lat' dir='ltr'><strong>in</strong></span> <span class='ocrx_word' id='word_1_42' title='bbox 622 608 692 636; x_wconf 92' lang='lat' dir='ltr'><strong>omnes</strong></span> <span class='ocrx_word' id='word_1_43' title='bbox 704 607 802 651; x_wconf 88' lang='lat' dir='ltr'><strong>pauperes</strong></span> <span class='ocrx_word' id='word_1_44' title='bbox 815 594 850 637; x_wconf 87' lang='lat' dir='ltr'><strong>be·</strong></span> <span class='ocrx_word' id='word_1_45' title='bbox 884 608 924 654; x_wconf 79' lang='lat' dir='ltr'><strong>cap.</strong></span> 
     </span>
     <span class='ocr_line' id='line_1_7' title="bbox 66 656 936 719; baseline -0.003 -11"><span class='ocrx_word' id='word_1_46' title='bbox 66 662 182 707; x_wconf 82' lang='lat' dir='ltr'><strong>aeliceutiae</strong></span> <span class='ocrx_word' id='word_1_47' title='bbox 195 663 270 705; x_wconf 83' lang='lat' dir='ltr'><strong>tructus</strong></span> <span class='ocrx_word' id='word_1_48' title='bbox 283 663 319 706; x_wconf 90' lang='lat' dir='ltr'><strong>toti</strong></span> <span class='ocrx_word' id='word_1_49' title='bbox 332 663 441 705; x_wconf 90' lang='lat' dir='ltr'><strong>catholicae</strong></span> <span class='ocrx_word' id='word_1_50' title='bbox 458 670 478 704; x_wconf 88' lang='lat' dir='ltr'><strong>et</strong></span> <span class='ocrx_word' id='word_1_51' title='bbox 491 663 611 719; x_wconf 90' lang='lat' dir='ltr'><strong>apostolicae</strong></span> <span class='ocrx_word' id='word_1_52' title='bbox 627 664 726 705; x_wconf 89' lang='lat' dir='ltr'><strong>ecclesiae</strong></span> <span class='ocrx_word' id='word_1_53' title='bbox 741 664 857 706; x_wconf 82' lang='lat' dir='ltr'><strong>communis.</strong></span> <span class='ocrx_word' id='word_1_54' title='bbox 868 656 936 690; x_wconf 71' lang='grc' dir='ltr'>ΧΧΗῙ·</span> 
     </span>
     <span class='ocr_line' id='line_1_8' title="bbox 66 731 851 788; baseline -0.004 -12"><span class='ocrx_word' id='word_1_55' title='bbox 66 731 156 776; x_wconf 92' lang='lat' dir='ltr'><strong>omnibus</strong></span> <span class='ocrx_word' id='word_1_56' title='bbox 174 738 204 773; x_wconf 92' lang='lat' dir='ltr'><strong>est</strong></span> <span class='ocrx_word' id='word_1_57' title='bbox 220 732 314 775; x_wconf 88' lang='lat' dir='ltr'><strong>indictas.</strong></span> <span class='ocrx_word' id='word_1_58' title='bbox 349 731 424 774; x_wconf 87' lang='lat' dir='ltr'><strong>Eadem</strong></span> <span class='ocrx_word' id='word_1_59' title='bbox 440 745 489 775; x_wconf 92' lang='lat' dir='ltr'><strong>vero</strong></span> <span class='ocrx_word' id='word_1_60' title='bbox 509 731 595 773; x_wconf 89' lang='lat' dir='ltr'><strong>eeclesia</strong></span> <span class='ocrx_word' id='word_1_61' title='bbox 614 746 650 788; x_wconf 92' lang='lat' dir='ltr'><strong>pro</strong></span> <span class='ocrx_word' id='word_1_62' title='bbox 671 732 761 774; x_wconf 92' lang='lat' dir='ltr'><strong>obsoleta</strong></span> <span class='ocrx_word' id='word_1_63' title='bbox 781 732 815 774; x_wconf 91' lang='lat' dir='ltr'><strong>illa</strong></span> <span class='ocrx_word' id='word_1_64' title='bbox 830 732 851 773; x_wconf 95' lang='lat' dir='ltr'><strong>iu</strong></span> 
     </span>
     <span class='ocr_line' id='line_1_9' title="bbox 66 800 852 858; baseline -0.004 -13"><span class='ocrx_word' id='word_1_65' title='bbox 66 801 147 845; x_wconf 85' lang='lat' dir='ltr'><strong>Christo</strong></span> <span class='ocrx_word' id='word_1_66' title='bbox 165 801 317 843; x_wconf 76' lang='lat' dir='ltr'><strong>circumcisione</strong></span> <span class='ocrx_word' id='word_1_67' title='bbox 336 801 454 858; x_wconf 91' lang='lat' dir='ltr'><strong>baptismum</strong></span> <span class='ocrx_word' id='word_1_68' title='bbox 470 800 558 857; x_wconf 89' lang='lat' dir='ltr'><strong>aceepit,</strong></span> <span class='ocrx_word' id='word_1_69' title='bbox 581 815 605 843; x_wconf 89' lang='lat' dir='ltr'><strong>ac</strong></span> <span class='ocrx_word' id='word_1_70' title='bbox 622 815 657 857; x_wconf 92' lang='lat' dir='ltr'><strong>pro</strong></span> <span class='ocrx_word' id='word_1_71' title='bbox 675 801 749 857; x_wconf 80' lang='lat' dir='ltr'><strong>exiguo</strong></span> <span class='ocrx_word' id='word_1_72' title='bbox 767 801 852 844; x_wconf 89' lang='lat' dir='ltr'><strong>sabbato</strong></span> 
     </span>
     <span class='ocr_line' id='line_1_10' title="bbox 65 869 851 926; baseline 0 -13"><span class='ocrx_word' id='word_1_73' title='bbox 65 869 146 913; x_wconf 85' lang='lat' dir='ltr'><strong>maioris</strong></span> <span class='ocrx_word' id='word_1_74' title='bbox 162 871 248 926; x_wconf 90' lang='lat' dir='ltr'><strong>quietem</strong></span> <span class='ocrx_word' id='word_1_75' title='bbox 264 870 357 912; x_wconf 85' lang='lat' dir='ltr'><strong>admittit.</strong></span> <span class='ocrx_word' id='word_1_76' title='bbox 394 869 426 912; x_wconf 84' lang='lat' dir='ltr'><strong>Ab</strong></span> <span class='ocrx_word' id='word_1_77' title='bbox 440 871 526 912; x_wconf 90' lang='lat' dir='ltr'><strong>omnium</strong></span> <span class='ocrx_word' id='word_1_78' title='bbox 543 870 653 911; x_wconf 89' lang='lat' dir='ltr'><strong>haereseon</strong></span> <span class='ocrx_word' id='word_1_79' title='bbox 672 871 811 912; x_wconf 90' lang='lat' dir='ltr'><strong>communione</strong></span> <span class='ocrx_word' id='word_1_80' title='bbox 828 884 851 913; x_wconf 92' lang='lat' dir='ltr'><strong>se</strong></span> 
     </span>
     <span class='ocr_line' id='line_1_11' title="bbox 65 938 848 994; baseline -0.004 -11"><span class='ocrx_word' id='word_1_81' title='bbox 65 946 170 994; x_wconf 82' lang='lat' dir='ltr'><strong>segregat,</strong></span> <span class='ocrx_word' id='word_1_82' title='bbox 187 938 351 990; x_wconf 77' lang='lat' dir='ltr'><strong>fornicationem,</strong></span> <span class='ocrx_word' id='word_1_83' title='bbox 367 938 485 979; x_wconf 83' lang='lat' dir='ltr'><strong>adulterium</strong></span> <span class='ocrx_word' id='word_1_84' title='bbox 496 952 520 980; x_wconf 90' lang='lat' dir='ltr'><strong>ac</strong></span> <span class='ocrx_word' id='word_1_85' title='bbox 532 938 632 979; x_wconf 86' lang='lat' dir='ltr'><strong>libidinem</strong></span> <span class='ocrx_word' id='word_1_86' title='bbox 644 938 751 993; x_wconf 90' lang='lat' dir='ltr'><strong>proscribit</strong></span> <span class='ocrx_word' id='word_1_87' title='bbox 761 953 848 980; x_wconf 92' lang='lat' dir='ltr'><strong>omnem.</strong></span> 
     </span>
     <span class='ocr_line' id='line_1_12' title="bbox 66 1005 851 1060; baseline -0.001 -10"><span class='ocrx_word' id='word_1_88' title='bbox 66 1005 269 1060; x_wconf 89' lang='lat' dir='ltr'><strong>llemidololatriam,</strong></span> <span class='ocrx_word' id='word_1_89' title='bbox 290 1006 428 1060; x_wconf 84' lang='lat' dir='ltr'><strong>homicidium,</strong></span> <span class='ocrx_word' id='word_1_90' title='bbox 451 1006 600 1058; x_wconf 89' lang='lat' dir='ltr'><strong>seelusomne‚</strong></span> <span class='ocrx_word' id='word_1_91' title='bbox 621 1006 799 1060; x_wconf 87' lang='lat' dir='ltr'><strong>nralefieasartes,</strong></span> <span class='ocrx_word' id='word_1_92' title='bbox 815 1021 851 1049; x_wconf 90' lang='lat' dir='ltr'><strong>ve-</strong></span> 
     </span>
     <span class='ocr_line' id='line_1_13' title="bbox 65 1073 851 1132; baseline -0.001 -13"><span class='ocrx_word' id='word_1_93' title='bbox 65 1075 147 1129; x_wconf 84' lang='lat' dir='ltr'><strong>neficia,</strong></span> <span class='ocrx_word' id='word_1_94' title='bbox 168 1076 321 1127; x_wconf 86' lang='lat' dir='ltr'><strong>astronomiam,</strong></span> <span class='ocrx_word' id='word_1_95' title='bbox 343 1075 439 1132; x_wconf 84' lang='lat' dir='ltr'><strong>auguria,</strong></span> <span class='ocrx_word' id='word_1_96' title='bbox 465 1074 593 1126; x_wconf 88' lang='lat' dir='ltr'><strong>sortitiones,</strong></span> <span class='ocrx_word' id='word_1_97' title='bbox 615 1073 774 1128; x_wconf 86' lang='lat' dir='ltr'><strong>incantationes,</strong></span> <span class='ocrx_word' id='word_1_98' title='bbox 796 1090 851 1118; x_wconf 89' lang='lat' dir='ltr'><strong>amu-</strong></span> 
     </span>
     <span class='ocr_line' id='line_1_14' title="bbox 64 1143 895 1201; baseline -0.001 -14"><span class='ocrx_word' id='word_1_99' title='bbox 64 1146 116 1196; x_wconf 89' lang='lat' dir='ltr'><strong>leta,</strong></span> <span class='ocrx_word' id='word_1_100' title='bbox 132 1159 182 1200; x_wconf 90' lang='lat' dir='ltr'><strong>quae</strong></span> <span class='ocrx_word' id='word_1_101' title='bbox 193 1143 316 1201; x_wconf 79' lang='lat' dir='ltr'><strong>phylacteria</strong></span> <span class='ocrx_word' id='word_1_102' title='bbox 326 1151 432 1186; x_wconf 86' lang='lat' dir='ltr'><strong>vocantur.</strong></span> <span class='ocrx_word' id='word_1_103' title='bbox 462 1144 494 1186; x_wconf 86' lang='lat' dir='ltr'><strong>Ad</strong></span> <span class='ocrx_word' id='word_1_104' title='bbox 507 1143 556 1185; x_wconf 87' lang='lat' dir='ltr'><strong>haee</strong></span> <span class='ocrx_word' id='word_1_105' title='bbox 568 1143 652 1195; x_wconf 89' lang='lat' dir='ltr'><strong>theatra,</strong></span> <span class='ocrx_word' id='word_1_106' title='bbox 669 1150 772 1199; x_wconf 88' lang='lat' dir='ltr'><strong>equestres</strong></span> <span class='ocrx_word' id='word_1_107' title='bbox 784 1144 849 1197; x_wconf 90' lang='lat' dir='ltr'><strong>ludos,</strong></span> <span class='ocrx_word' id='word_1_108' title='bbox 890 1154 895 1159; x_wconf 80' lang='grc'><em>’</em></span> 
     </span>
     <span class='ocr_line' id='line_1_15' title="bbox 65 1210 851 1269; baseline -0.003 -14"><span class='ocrx_word' id='word_1_109' title='bbox 65 1212 182 1256; x_wconf 87' lang='lat' dir='ltr'><strong>venationes</strong></span> <span class='ocrx_word' id='word_1_110' title='bbox 206 1226 230 1254; x_wconf 88' lang='lat' dir='ltr'><strong>ac</strong></span> <span class='ocrx_word' id='word_1_111' title='bbox 254 1212 329 1255; x_wconf 88' lang='lat' dir='ltr'><strong>musica</strong></span> <span class='ocrx_word' id='word_1_112' title='bbox 353 1213 465 1269; x_wconf 90' lang='lat' dir='ltr'><strong>spectacula</strong></span> <span class='ocrx_word' id='word_1_113' title='bbox 490 1214 577 1254; x_wconf 90' lang='lat' dir='ltr'><strong>damnat.</strong></span> <span class='ocrx_word' id='word_1_114' title='bbox 614 1210 668 1253; x_wconf 84' lang='lat' dir='ltr'><strong>Tum</strong></span> <span class='ocrx_word' id='word_1_115' title='bbox 692 1210 851 1255; x_wconf 84' lang='lat' dir='ltr'><strong>maledicentiam</strong></span> 
     </span>
     <span class='ocr_line' id='line_1_16' title="bbox 65 1280 851 1338; baseline 0 -15"><span class='ocrx_word' id='word_1_116' title='bbox 65 1295 155 1334; x_wconf 89' lang='lat' dir='ltr'><strong>omnem,</strong></span> <span class='ocrx_word' id='word_1_117' title='bbox 176 1281 330 1334; x_wconf 85' lang='lat' dir='ltr'><strong>detractionem,</strong></span> <span class='ocrx_word' id='word_1_118' title='bbox 351 1295 437 1338; x_wconf 82' lang='lat' dir='ltr'><strong>pugnam</strong></span> <span class='ocrx_word' id='word_1_119' title='bbox 451 1281 599 1337; x_wconf 81' lang='lat' dir='ltr'><strong>atque-rixam,</strong></span> <span class='ocrx_word' id='word_1_120' title='bbox 622 1280 774 1337; x_wconf 85' lang='lat' dir='ltr'><strong>blasphemiam,</strong></span> <span class='ocrx_word' id='word_1_121' title='bbox 798 1282 851 1323; x_wconf 93' lang='lat' dir='ltr'><strong>iniu-</strong></span> 
     </span>
     <span class='ocr_line' id='line_1_17' title="bbox 64 1348 848 1406; baseline 0.001 -15"><span class='ocrx_word' id='word_1_122' title='bbox 64 1351 126 1402; x_wconf 89' lang='lat' dir='ltr'><strong>riam,</strong></span> <span class='ocrx_word' id='word_1_123' title='bbox 147 1350 272 1406; x_wconf 88' lang='lat' dir='ltr'><strong>cupiditatem</strong></span> <span class='ocrx_word' id='word_1_124' title='bbox 284 1358 304 1391; x_wconf 89' lang='lat' dir='ltr'><strong>et</strong></span> <span class='ocrx_word' id='word_1_125' title='bbox 317 1364 406 1392; x_wconf 85' lang='lat' dir='ltr'><strong>usuram.</strong></span> <span class='ocrx_word' id='word_1_126' title='bbox 436 1348 580 1405; x_wconf 81' lang='lat' dir='ltr'><strong>Negotiatores</strong></span> <span class='ocrx_word' id='word_1_127' title='bbox 597 1363 637 1391; x_wconf 95' lang='lat' dir='ltr'><strong>non</strong></span> <span class='ocrx_word' id='word_1_128' title='bbox 651 1349 755 1391; x_wconf 87' lang='lat' dir='ltr'><strong>admodum</strong></span> <span class='ocrx_word' id='word_1_129' title='bbox 770 1350 848 1406; x_wconf 88' lang='lat' dir='ltr'><strong>probat,</strong></span> 
     </span>
     <span class='ocr_line' id='line_1_18' title="bbox 65 1417 849 1473; baseline 0 -13"><span class='ocrx_word' id='word_1_130' title='bbox 65 1420 99 1460; x_wconf 93' lang='lat' dir='ltr'><strong>sed</strong></span> <span class='ocrx_word' id='word_1_131' title='bbox 113 1418 133 1459; x_wconf 94' lang='lat' dir='ltr'><strong>in</strong></span> <span class='ocrx_word' id='word_1_132' title='bbox 144 1419 231 1460; x_wconf 89' lang='lat' dir='ltr'><strong>omnium</strong></span> <span class='ocrx_word' id='word_1_133' title='bbox 247 1418 314 1460; x_wconf 83' lang='lat' dir='ltr'><strong>intimo</strong></span> <span class='ocrx_word' id='word_1_134' title='bbox 330 1418 374 1459; x_wconf 91' lang='lat' dir='ltr'><strong>loco</strong></span> <span class='ocrx_word' id='word_1_135' title='bbox 388 1418 502 1467; x_wconf 88' lang='lat' dir='ltr'><strong>coustituit,</strong></span> <span class='ocrx_word' id='word_1_136' title='bbox 524 1417 635 1459; x_wconf 86' lang='lat' dir='ltr'><strong>oblationes</strong></span> <span class='ocrx_word' id='word_1_137' title='bbox 650 1418 674 1459; x_wconf 89' lang='lat' dir='ltr'><strong>ab</strong></span> <span class='ocrx_word' id='word_1_138' title='bbox 688 1418 718 1459; x_wconf 90' lang='lat' dir='ltr'><strong>bis</strong></span> <span class='ocrx_word' id='word_1_139' title='bbox 730 1419 763 1473; x_wconf 93' lang='lat' dir='ltr'><strong>qui</strong></span> <span class='ocrx_word' id='word_1_140' title='bbox 776 1418 849 1460; x_wconf 91' lang='lat' dir='ltr'><strong>iniuria</strong></span> 
     </span>
     <span class='ocr_line' id='line_1_19' title="bbox 65 1486 848 1542; baseline 0 -14"><span class='ocrx_word' id='word_1_141' title='bbox 65 1486 162 1529; x_wconf 89' lang='lat' dir='ltr'><strong>nemiuem</strong></span> <span class='ocrx_word' id='word_1_142' title='bbox 181 1487 296 1539; x_wconf 83' lang='lat' dir='ltr'><strong>affecerint,</strong></span> <span class='ocrx_word' id='word_1_143' title='bbox 317 1500 383 1542; x_wconf 90' lang='lat' dir='ltr'><strong>neque</strong></span> <span class='ocrx_word' id='word_1_144' title='bbox 397 1486 464 1528; x_wconf 88' lang='lat' dir='ltr'><strong>scelus</strong></span> <span class='ocrx_word' id='word_1_145' title='bbox 481 1487 559 1540; x_wconf 87' lang='lat' dir='ltr'><strong>aliquod</strong></span> <span class='ocrx_word' id='word_1_146' title='bbox 576 1487 722 1542; x_wconf 84' lang='lat' dir='ltr'><strong>perpetrarint,</strong></span> <span class='ocrx_word' id='word_1_147' title='bbox 745 1488 781 1528; x_wconf 92' lang='lat' dir='ltr'><strong>sed</strong></span> <span class='ocrx_word' id='word_1_148' title='bbox 795 1487 848 1529; x_wconf 90' lang='lat' dir='ltr'><strong>iuste</strong></span> 
     </span>
     <span class='ocr_line' id='line_1_20' title="bbox 64 1553 850 1608; baseline -0.001 -10"><span class='ocrx_word' id='word_1_149' title='bbox 64 1556 125 1598; x_wconf 86' lang='lat' dir='ltr'><strong>vitam</strong></span> <span class='ocrx_word' id='word_1_150' title='bbox 136 1554 251 1607; x_wconf 88' lang='lat' dir='ltr'><strong>instituant,</strong></span> <span class='ocrx_word' id='word_1_151' title='bbox 273 1555 365 1597; x_wconf 88' lang='lat' dir='ltr'><strong>admittit.</strong></span> <span class='ocrx_word' id='word_1_152' title='bbox 395 1553 470 1596; x_wconf 87' lang='lat' dir='ltr'><strong>Preces</strong></span> <span class='ocrx_word' id='word_1_153' title='bbox 483 1555 507 1597; x_wconf 89' lang='lat' dir='ltr'><strong>ad</strong></span> <span class='ocrx_word' id='word_1_154' title='bbox 522 1554 579 1596; x_wconf 92' lang='lat' dir='ltr'><strong>deum</strong></span> <span class='ocrx_word' id='word_1_155' title='bbox 592 1554 672 1596; x_wconf 85' lang='lat' dir='ltr'><strong>assidue</strong></span> <span class='ocrx_word' id='word_1_156' title='bbox 685 1555 782 1608; x_wconf 85' lang='lat' dir='ltr'><strong>fundere,</strong></span> <span class='ocrx_word' id='word_1_157' title='bbox 805 1570 850 1597; x_wconf 87' lang='lat' dir='ltr'><strong>eas·</strong></span> 
     </span>
     <span class='ocr_line' id='line_1_21' title="bbox 65 1622 851 1680; baseline -0.003 -14"><span class='ocrx_word' id='word_1_158' title='bbox 65 1625 148 1680; x_wconf 90' lang='lat' dir='ltr'><strong>demque</strong></span> <span class='ocrx_word' id='word_1_159' title='bbox 160 1623 332 1680; x_wconf 81' lang='lat' dir='ltr'><strong>frequentissimas</strong></span> <span class='ocrx_word' id='word_1_160' title='bbox 343 1638 366 1664; x_wconf 89' lang='lat' dir='ltr'><strong>ae</strong></span> <span class='ocrx_word' id='word_1_161' title='bbox 379 1623 470 1674; x_wconf 91' lang='lat' dir='ltr'><strong>sedulas,</strong></span> <span class='ocrx_word' id='word_1_162' title='bbox 486 1622 570 1679; x_wconf 83' lang='lat' dir='ltr'><strong>genibus</strong></span> <span class='ocrx_word' id='word_1_163' title='bbox 583 1622 663 1664; x_wconf 89' lang='lat' dir='ltr'><strong>interim</strong></span> <span class='ocrx_word' id='word_1_164' title='bbox 677 1630 789 1680; x_wconf 91' lang='lat' dir='ltr'><strong>opportuno</strong></span> <span class='ocrx_word' id='word_1_165' title='bbox 801 1631 851 1665; x_wconf 87' lang='lat' dir='ltr'><strong>teru-</strong></span> 
     </span>
     <span class='ocr_line' id='line_1_22' title="bbox 66 1689 850 1749; baseline 0 -15"><span class='ocrx_word' id='word_1_166' title='bbox 66 1706 113 1749; x_wconf 90' lang='lat' dir='ltr'><strong>pore</strong></span> <span class='ocrx_word' id='word_1_167' title='bbox 129 1692 199 1745; x_wconf 78' lang='lat' dir='ltr'><strong>flexis,</strong></span> <span class='ocrx_word' id='word_1_168' title='bbox 221 1699 291 1734; x_wconf 88' lang='lat' dir='ltr'><strong>noctes</strong></span> <span class='ocrx_word' id='word_1_169' title='bbox 308 1706 331 1733; x_wconf 92' lang='lat' dir='ltr'><strong>ac</strong></span> <span class='ocrx_word' id='word_1_170' title='bbox 349 1692 391 1733; x_wconf 93' lang='lat' dir='ltr'><strong>dies</strong></span> <span class='ocrx_word' id='word_1_171' title='bbox 410 1691 513 1747; x_wconf 88' lang='lat' dir='ltr'><strong>praecipit.</strong></span> <span class='ocrx_word' id='word_1_172' title='bbox 548 1689 613 1733; x_wconf 86' lang='lat' dir='ltr'><strong>Porro</strong></span> <span class='ocrx_word' id='word_1_173' title='bbox 630 1691 747 1746; x_wconf 92' lang='lat' dir='ltr'><strong>quibusdam</strong></span> <span class='ocrx_word' id='word_1_174' title='bbox 763 1692 784 1732; x_wconf 92' lang='lat' dir='ltr'><strong>in</strong></span> <span class='ocrx_word' id='word_1_175' title='bbox 800 1691 850 1734; x_wconf 89' lang='lat' dir='ltr'><strong>locis</strong></span> 
     </span>
     <span class='ocr_line' id='line_1_23' title="bbox 65 1758 850 1816; baseline 0 -14"><span class='ocrx_word' id='word_1_176' title='bbox 65 1760 117 1803; x_wconf 91' lang='lat' dir='ltr'><strong>sacri</strong></span> <span class='ocrx_word' id='word_1_177' title='bbox 130 1767 241 1802; x_wconf 90' lang='lat' dir='ltr'><strong>couveutus</strong></span> <span class='ocrx_word' id='word_1_178' title='bbox 256 1767 276 1802; x_wconf 91' lang='lat' dir='ltr'><strong>et</strong></span> <span class='ocrx_word' id='word_1_179' title='bbox 291 1774 379 1816; x_wconf 84' lang='lat' dir='ltr'><strong>synaxes</strong></span> <span class='ocrx_word' id='word_1_180' title='bbox 397 1759 457 1801; x_wconf 88' lang='lat' dir='ltr'><strong>etiam</strong></span> <span class='ocrx_word' id='word_1_181' title='bbox 474 1759 561 1801; x_wconf 89' lang='lat' dir='ltr'><strong>sabbatis</strong></span> <span class='ocrx_word' id='word_1_182' title='bbox 577 1759 698 1801; x_wconf 89' lang='lat' dir='ltr'><strong>indicuntur.</strong></span> <span class='ocrx_word' id='word_1_183' title='bbox 736 1758 786 1801; x_wconf 95' lang='lat' dir='ltr'><strong>lllud</strong></span> <span class='ocrx_word' id='word_1_184' title='bbox 800 1774 850 1802; x_wconf 91' lang='lat' dir='ltr'><strong>vero</strong></span> 
     </span>
     <span class='ocr_line' id='line_1_24' title="bbox 66 1827 852 1885; baseline 0 -14"><span class='ocrx_word' id='word_1_185' title='bbox 66 1843 105 1871; x_wconf 94' lang='lat' dir='ltr'><strong>uon</strong></span> <span class='ocrx_word' id='word_1_186' title='bbox 117 1829 142 1871; x_wconf 92' lang='lat' dir='ltr'><strong>ab</strong></span> <span class='ocrx_word' id='word_1_187' title='bbox 154 1828 258 1881; x_wconf 79' lang='lat' dir='ltr'><strong>omatibus,</strong></span> <span class='ocrx_word' id='word_1_188' title='bbox 275 1829 310 1871; x_wconf 90' lang='lat' dir='ltr'><strong>sed</strong></span> <span class='ocrx_word' id='word_1_189' title='bbox 323 1842 335 1870; x_wconf 89' lang='lat' dir='ltr'><strong>a</strong></span> <span class='ocrx_word' id='word_1_190' title='bbox 346 1827 525 1885; x_wconf 89' lang='lat' dir='ltr'><strong>praestantioribus</strong></span> <span class='ocrx_word' id='word_1_191' title='bbox 537 1827 667 1881; x_wconf 87' lang='lat' dir='ltr'><strong>observatur,</strong></span> <span class='ocrx_word' id='word_1_192' title='bbox 687 1836 709 1870; x_wconf 95' lang='lat' dir='ltr'><strong>ut</strong></span> <span class='ocrx_word' id='word_1_193' title='bbox 721 1842 747 1869; x_wconf 89' lang='lat' dir='ltr'><strong>ne</strong></span> <span class='ocrx_word' id='word_1_194' title='bbox 760 1829 852 1871; x_wconf 86' lang='lat' dir='ltr'><strong>delerent</strong></span> 
     </span>
     <span class='ocr_line' id='line_1_25' title="bbox 67 1896 850 1953; baseline 0 -14"><span class='ocrx_word' id='word_1_195' title='bbox 67 1898 159 1950; x_wconf 91' lang='lat' dir='ltr'><strong>omnino,</strong></span> <span class='ocrx_word' id='word_1_196' title='bbox 180 1912 245 1953; x_wconf 90' lang='lat' dir='ltr'><strong>neque</strong></span> <span class='ocrx_word' id='word_1_197' title='bbox 262 1898 373 1940; x_wconf 89' lang='lat' dir='ltr'><strong>convicium</strong></span> <span class='ocrx_word' id='word_1_198' title='bbox 389 1896 479 1952; x_wconf 88' lang='lat' dir='ltr'><strong>cuiquam</strong></span> <span class='ocrx_word' id='word_1_199' title='bbox 497 1897 583 1950; x_wconf 83' lang='lat' dir='ltr'><strong>iaciant,</strong></span> <span class='ocrx_word' id='word_1_200' title='bbox 605 1904 639 1938; x_wconf 88' lang='lat' dir='ltr'><strong>aut</strong></span> <span class='ocrx_word' id='word_1_201' title='bbox 651 1897 797 1953; x_wconf 79' lang='lat' dir='ltr'><strong>imprecantur,</strong></span> <span class='ocrx_word' id='word_1_202' title='bbox 814 1912 850 1951; x_wconf 89' lang='lat' dir='ltr'><strong>pro</strong></span> 
     </span>
     <span class='ocr_line' id='line_1_26' title="bbox 67 1965 849 2022; baseline 0 -14"><span class='ocrx_word' id='word_1_203' title='bbox 67 1980 90 2008; x_wconf 87' lang='lat' dir='ltr'><strong>ec</strong></span> <span class='ocrx_word' id='word_1_204' title='bbox 103 1981 126 2008; x_wconf 89' lang='lat' dir='ltr'><strong>ae</strong></span> <span class='ocrx_word' id='word_1_205' title='bbox 142 1967 231 2009; x_wconf 90' lang='lat' dir='ltr'><strong>salvator</strong></span> <span class='ocrx_word' id='word_1_206' title='bbox 244 1966 314 2017; x_wconf 89' lang='lat' dir='ltr'><strong>iussit,</strong></span> <span class='ocrx_word' id='word_1_207' title='bbox 336 1966 425 2021; x_wconf 88' lang='lat' dir='ltr'><strong>adeoque</strong></span> <span class='ocrx_word' id='word_1_208' title='bbox 442 1966 505 2020; x_wconf 86' lang='lat' dir='ltr'><strong>quoad</strong></span> <span class='ocrx_word' id='word_1_209' title='bbox 522 1965 542 2006; x_wconf 93' lang='lat' dir='ltr'><strong>in</strong></span> <span class='ocrx_word' id='word_1_210' title='bbox 555 1966 603 2021; x_wconf 90' lang='lat' dir='ltr'><strong>ipsis</strong></span> <span class='ocrx_word' id='word_1_211' title='bbox 618 1967 677 2006; x_wconf 91' lang='lat' dir='ltr'><strong>situm</strong></span> <span class='ocrx_word' id='word_1_212' title='bbox 690 1972 733 2017; x_wconf 91' lang='lat' dir='ltr'><strong>est,</strong></span> <span class='ocrx_word' id='word_1_213' title='bbox 749 1981 849 2022; x_wconf 88' lang='lat' dir='ltr'><strong>nunquam</strong></span> 
     </span>
     <span class='ocr_line' id='line_1_27' title="bbox 66 2032 850 2090; baseline 0 -15"><span class='ocrx_word' id='word_1_214' title='bbox 66 2035 146 2076; x_wconf 90' lang='lat' dir='ltr'><strong>omniuo</strong></span> <span class='ocrx_word' id='word_1_215' title='bbox 156 2033 284 2076; x_wconf 83' lang='lat' dir='ltr'><strong>urentiautur.</strong></span> <span class='ocrx_word' id='word_1_216' title='bbox 315 2032 409 2088; x_wconf 91' lang='lat' dir='ltr'><strong>Plerique</strong></span> <span class='ocrx_word' id='word_1_217' title='bbox 421 2033 533 2074; x_wconf 83' lang='lat' dir='ltr'><strong>verobona</strong></span> <span class='ocrx_word' id='word_1_218' title='bbox 544 2047 580 2074; x_wconf 91' lang='lat' dir='ltr'><strong>sua</strong></span> <span class='ocrx_word' id='word_1_219' title='bbox 592 2033 693 2085; x_wconf 89' lang='lat' dir='ltr'><strong>vendunt,</strong></span> <span class='ocrx_word' id='word_1_220' title='bbox 711 2041 731 2074; x_wconf 93' lang='lat' dir='ltr'><strong>et</strong></span> <span class='ocrx_word' id='word_1_221' title='bbox 742 2034 764 2075; x_wconf 87' lang='lat' dir='ltr'><strong>iu</strong></span> <span class='ocrx_word' id='word_1_222' title='bbox 776 2049 850 2090; x_wconf 88' lang='lat' dir='ltr'><strong>paupe-</strong></span> 
     </span>
     <span class='ocr_line' id='line_1_28' title="bbox 67 2102 242 2144; baseline -0.011 0"><span class='ocrx_word' id='word_1_223' title='bbox 67 2116 100 2144; x_wconf 91' lang='lat' dir='ltr'><strong>res</strong></span> <span class='ocrx_word' id='word_1_224' title='bbox 115 2102 242 2143; x_wconf 88' lang='lat' dir='ltr'><strong>distribuunt.</strong></span> 
     </span>
    </p>

    <p class='ocr_par' dir='ltr' id='par_1_4' title="bbox 122 2168 926 2236">
     <span class='ocr_line' id='line_1_29' title="bbox 122 2168 926 2236; baseline 0 -25"><span class='ocrx_word' id='word_1_225' title='bbox 122 2168 197 2211; x_wconf 89' lang='lat' dir='ltr'><strong>Forma</strong></span> <span class='ocrx_word' id='word_1_226' title='bbox 213 2168 290 2224; x_wconf 92' lang='lat' dir='ltr'><strong>quidem</strong></span> <span class='ocrx_word' id='word_1_227' title='bbox 307 2182 330 2209; x_wconf 91' lang='lat' dir='ltr'><strong>ac</strong></span> <span class='ocrx_word' id='word_1_228' title='bbox 346 2175 392 2209; x_wconf 90' lang='lat' dir='ltr'><strong>uota</strong></span> <span class='ocrx_word' id='word_1_229' title='bbox 405 2168 501 2210; x_wconf 88' lang='lat' dir='ltr'><strong>eeclesiae</strong></span> <span class='ocrx_word' id='word_1_230' title='bbox 514 2168 623 2209; x_wconf 85' lang='lat' dir='ltr'><strong>catholicae</strong></span> <span class='ocrx_word' id='word_1_231' title='bbox 635 2175 666 2209; x_wconf 93' lang='lat' dir='ltr'><strong>est</strong></span> <span class='ocrx_word' id='word_1_232' title='bbox 679 2168 788 2221; x_wconf 91' lang='lat' dir='ltr'><strong>eiusmodi,</strong></span> <span class='ocrx_word' id='word_1_233' title='bbox 805 2184 849 2211; x_wconf 93' lang='lat' dir='ltr'><strong>cum</strong></span> <span class='ocrx_word' id='word_1_234' title='bbox 884 2191 926 2236; x_wconf 77' lang='lat' dir='ltr'><strong>Gap.</strong></span> 
     </span>
    </p>

    <p class='ocr_par' dir='ltr' id='par_1_5' title="bbox 67 2236 937 2898">
     <span class='ocr_line' id='line_1_30' title="bbox 67 2236 937 2292; baseline 0.001 -13"><span class='ocrx_word' id='word_1_235' title='bbox 67 2252 90 2279; x_wconf 93' lang='lat' dir='ltr'><strong>ea</strong></span> <span class='ocrx_word' id='word_1_236' title='bbox 102 2238 147 2279; x_wconf 85' lang='lat' dir='ltr'><strong>fidei</strong></span> <span class='ocrx_word' id='word_1_237' title='bbox 164 2238 248 2280; x_wconf 87' lang='lat' dir='ltr'><strong>formula</strong></span> <span class='ocrx_word' id='word_1_238' title='bbox 260 2251 316 2292; x_wconf 87' lang='lat' dir='ltr'><strong>quarn</strong></span> <span class='ocrx_word' id='word_1_239' title='bbox 332 2251 392 2292; x_wconf 92' lang='lat' dir='ltr'><strong>supra</strong></span> <span class='ocrx_word' id='word_1_240' title='bbox 408 2237 555 2292; x_wconf 89' lang='lat' dir='ltr'><strong>proposuimus.</strong></span> <span class='ocrx_word' id='word_1_241' title='bbox 585 2236 628 2277; x_wconf 79' lang='lat' dir='ltr'><strong>ldae</strong></span> <span class='ocrx_word' id='word_1_242' title='bbox 641 2252 700 2292; x_wconf 91' lang='lat' dir='ltr'><strong>porro</strong></span> <span class='ocrx_word' id='word_1_243' title='bbox 711 2238 767 2291; x_wconf 84' lang='lat' dir='ltr'><strong>leges</strong></span> <span class='ocrx_word' id='word_1_244' title='bbox 779 2253 803 2280; x_wconf 91' lang='lat' dir='ltr'><strong>ac</strong></span> <span class='ocrx_word' id='word_1_245' title='bbox 815 2239 850 2280; x_wconf 93' lang='lat' dir='ltr'><strong>de·</strong></span> <span class='ocrx_word' id='word_1_246' title='bbox 868 2238 937 2272; x_wconf 73' lang='lat' dir='ltr'><strong>XXIV.</strong></span> 
     </span>
     <span class='ocr_line' id='line_1_31' title="bbox 67 2304 851 2359; baseline 0.001 -12"><span class='ocrx_word' id='word_1_247' title='bbox 67 2313 121 2348; x_wconf 88' lang='lat' dir='ltr'><strong>oreta</strong></span> <span class='ocrx_word' id='word_1_248' title='bbox 137 2306 157 2347; x_wconf 93' lang='lat' dir='ltr'><strong>in</strong></span> <span class='ocrx_word' id='word_1_249' title='bbox 175 2320 199 2348; x_wconf 88' lang='lat' dir='ltr'><strong>ea</strong></span> <span class='ocrx_word' id='word_1_250' title='bbox 215 2305 349 2346; x_wconf 90' lang='lat' dir='ltr'><strong>celebrantur.</strong></span> <span class='ocrx_word' id='word_1_251' title='bbox 381 2304 436 2345; x_wconf 90' lang='lat' dir='ltr'><strong>Haec</strong></span> <span class='ocrx_word' id='word_1_252' title='bbox 454 2312 497 2356; x_wconf 90' lang='lat' dir='ltr'><strong>est,</strong></span> <span class='ocrx_word' id='word_1_253' title='bbox 518 2305 611 2359; x_wconf 91' lang='lat' dir='ltr'><strong>iuquam,</strong></span> <span class='ocrx_word' id='word_1_254' title='bbox 632 2305 729 2346; x_wconf 88' lang='lat' dir='ltr'><strong>ecclcsiae</strong></span> <span class='ocrx_word' id='word_1_255' title='bbox 745 2306 807 2347; x_wconf 87' lang='lat' dir='ltr'><strong>lorma</strong></span> <span class='ocrx_word' id='word_1_256' title='bbox 823 2320 851 2348; x_wconf 82' lang='lat' dir='ltr'><strong>ex</strong></span> 
     </span>
     <span class='ocr_line' id='line_1_32' title="bbox 67 2372 851 2430; baseline 0.003 -16"><span class='ocrx_word' id='word_1_257' title='bbox 67 2374 122 2430; x_wconf 81' lang='lat' dir='ltr'><strong>lege,</strong></span> <span class='ocrx_word' id='word_1_258' title='bbox 144 2374 257 2430; x_wconf 88' lang='lat' dir='ltr'><strong>prophetis,</strong></span> <span class='ocrx_word' id='word_1_259' title='bbox 278 2373 374 2429; x_wconf 88' lang='lat' dir='ltr'><strong>apostolis</strong></span> <span class='ocrx_word' id='word_1_260' title='bbox 389 2380 409 2413; x_wconf 91' lang='lat' dir='ltr'><strong>et</strong></span> <span class='ocrx_word' id='word_1_261' title='bbox 426 2372 555 2427; x_wconf 86' lang='lat' dir='ltr'><strong>evangelistis</strong></span> <span class='ocrx_word' id='word_1_262' title='bbox 571 2372 668 2425; x_wconf 89' lang='lat' dir='ltr'><strong>conflata,</strong></span> <span class='ocrx_word' id='word_1_263' title='bbox 691 2387 741 2428; x_wconf 88' lang='lat' dir='ltr'><strong>quae</strong></span> <span class='ocrx_word' id='word_1_264' title='bbox 754 2374 851 2430; x_wconf 81' lang='lat' dir='ltr'><strong>exquisiti</strong></span> 
     </span>
     <span class='ocr_line' id='line_1_33' title="bbox 68 2439 851 2495; baseline 0.003 -13"><span class='ocrx_word' id='word_1_265' title='bbox 68 2442 168 2483; x_wconf 89' lang='lat' dir='ltr'><strong>cuiusdam</strong></span> <span class='ocrx_word' id='word_1_266' title='bbox 179 2441 261 2483; x_wconf 89' lang='lat' dir='ltr'><strong>antidoti</strong></span> <span class='ocrx_word' id='word_1_267' title='bbox 274 2441 337 2482; x_wconf 89' lang='lat' dir='ltr'><strong>instar</strong></span> <span class='ocrx_word' id='word_1_268' title='bbox 347 2448 389 2493; x_wconf 90' lang='lat' dir='ltr'><strong>est,</strong></span> <span class='ocrx_word' id='word_1_269' title='bbox 412 2453 439 2481; x_wconf 82' lang='lat' dir='ltr'><strong>ex</strong></span> <span class='ocrx_word' id='word_1_270' title='bbox 451 2439 518 2481; x_wconf 88' lang='lat' dir='ltr'><strong>maltis</strong></span> <span class='ocrx_word' id='word_1_271' title='bbox 532 2439 638 2495; x_wconf 84' lang='lat' dir='ltr'><strong>unguentis</strong></span> <span class='ocrx_word' id='word_1_272' title='bbox 649 2441 673 2482; x_wconf 91' lang='lat' dir='ltr'><strong>ad</strong></span> <span class='ocrx_word' id='word_1_273' title='bbox 686 2455 754 2482; x_wconf 92' lang='lat' dir='ltr'><strong>eorum</strong></span> <span class='ocrx_word' id='word_1_274' title='bbox 766 2443 851 2484; x_wconf 89' lang='lat' dir='ltr'><strong>salutem</strong></span> 
     </span>
     <span class='ocr_line' id='line_1_34' title="bbox 68 2508 849 2567; baseline 0.003 -15"><span class='ocrx_word' id='word_1_275' title='bbox 68 2510 138 2565; x_wconf 89' lang='lat' dir='ltr'><strong>quinti</strong></span> <span class='ocrx_word' id='word_1_276' title='bbox 150 2510 249 2554; x_wconf 84' lang='lat' dir='ltr'><strong>volueriut</strong></span> <span class='ocrx_word' id='word_1_277' title='bbox 260 2509 355 2560; x_wconf 90' lang='lat' dir='ltr'><strong>conlecti,</strong></span> <span class='ocrx_word' id='word_1_278' title='bbox 372 2510 396 2551; x_wconf 93' lang='lat' dir='ltr'><strong>de</strong></span> <span class='ocrx_word' id='word_1_279' title='bbox 408 2509 509 2551; x_wconf 90' lang='lat' dir='ltr'><strong>voluntate</strong></span> <span class='ocrx_word' id='word_1_280' title='bbox 521 2508 590 2565; x_wconf 88' lang='lat' dir='ltr'><strong>patris,</strong></span> <span class='ocrx_word' id='word_1_281' title='bbox 608 2509 641 2550; x_wconf 88' lang='lat' dir='ltr'><strong>filii</strong></span> <span class='ocrx_word' id='word_1_282' title='bbox 652 2524 675 2551; x_wconf 87' lang='lat' dir='ltr'><strong>ac</strong></span> <span class='ocrx_word' id='word_1_283' title='bbox 685 2510 766 2567; x_wconf 86' lang='lat' dir='ltr'><strong>spiritus</strong></span> <span class='ocrx_word' id='word_1_284' title='bbox 777 2511 849 2554; x_wconf 81' lang='lat' dir='ltr'><strong>sancti.</strong></span> 
     </span>
     <span class='ocr_line' id='line_1_35' title="bbox 67 2577 849 2638; baseline 0.004 -18"><span class='ocrx_word' id='word_1_285' title='bbox 67 2577 122 2621; x_wconf 88' lang='lat' dir='ltr'><strong>Haec</strong></span> <span class='ocrx_word' id='word_1_286' title='bbox 139 2588 171 2622; x_wconf 91' lang='lat' dir='ltr'><strong>est</strong></span> <span class='ocrx_word' id='word_1_287' title='bbox 185 2580 312 2623; x_wconf 87' lang='lat' dir='ltr'><strong>venerandae</strong></span> <span class='ocrx_word' id='word_1_288' title='bbox 325 2577 401 2620; x_wconf 83' lang='lat' dir='ltr'><strong>Christi</strong></span> <span class='ocrx_word' id='word_1_289' title='bbox 419 2592 504 2635; x_wconf 91' lang='lat' dir='ltr'><strong>sponsae</strong></span> <span class='ocrx_word' id='word_1_290' title='bbox 518 2584 564 2619; x_wconf 85' lang='lat' dir='ltr'><strong>uoto</strong></span> <span class='ocrx_word' id='word_1_291' title='bbox 578 2578 683 2635; x_wconf 87' lang='lat' dir='ltr'><strong>peculiaris</strong></span> <span class='ocrx_word' id='word_1_292' title='bbox 697 2594 720 2621; x_wconf 91' lang='lat' dir='ltr'><strong>ac</strong></span> <span class='ocrx_word' id='word_1_293' title='bbox 733 2580 849 2638; x_wconf 88' lang='lat' dir='ltr'><strong>descriptio.</strong></span> 
     </span>
     <span class='ocr_line' id='line_1_36' title="bbox 68 2645 850 2704; baseline 0.001 -14"><span class='ocrx_word' id='word_1_294' title='bbox 68 2646 124 2690; x_wconf 88' lang='lat' dir='ltr'><strong>Haeo</strong></span> <span class='ocrx_word' id='word_1_295' title='bbox 142 2649 194 2690; x_wconf 91' lang='lat' dir='ltr'><strong>illius</strong></span> <span class='ocrx_word' id='word_1_296' title='bbox 210 2648 246 2689; x_wconf 90' lang='lat' dir='ltr'><strong>dos</strong></span> <span class='ocrx_word' id='word_1_297' title='bbox 264 2655 284 2688; x_wconf 89' lang='lat' dir='ltr'><strong>ct</strong></span> <span class='ocrx_word' id='word_1_298' title='bbox 297 2648 413 2689; x_wconf 88' lang='lat' dir='ltr'><strong>hereditatis</strong></span> <span class='ocrx_word' id='word_1_299' title='bbox 426 2654 574 2689; x_wconf 87' lang='lat' dir='ltr'><strong>testamentum.</strong></span> <span class='ocrx_word' id='word_1_300' title='bbox 605 2645 662 2688; x_wconf 88' lang='lat' dir='ltr'><strong>llaec</strong></span> <span class='ocrx_word' id='word_1_301' title='bbox 678 2648 772 2690; x_wconf 89' lang='lat' dir='ltr'><strong>coelestis</strong></span> <span class='ocrx_word' id='word_1_302' title='bbox 788 2650 850 2704; x_wconf 87' lang='lat' dir='ltr'><strong>ipsius</strong></span> 
     </span>
     <span class='ocr_line' id='line_1_37' title="bbox 68 2713 850 2774; baseline 0.001 -16"><span class='ocrx_word' id='word_1_303' title='bbox 68 2716 136 2773; x_wconf 90' lang='lat' dir='ltr'><strong>sponsi</strong></span> <span class='ocrx_word' id='word_1_304' title='bbox 147 2715 193 2759; x_wconf 91' lang='lat' dir='ltr'><strong>lesu</strong></span> <span class='ocrx_word' id='word_1_305' title='bbox 202 2713 279 2758; x_wconf 80' lang='lat' dir='ltr'><strong>Christi</strong></span> <span class='ocrx_word' id='word_1_306' title='bbox 290 2716 362 2758; x_wconf 90' lang='lat' dir='ltr'><strong>domiui</strong></span> <span class='ocrx_word' id='word_1_307' title='bbox 372 2716 472 2758; x_wconf 87' lang='lat' dir='ltr'><strong>voluutas.</strong></span> <span class='ocrx_word' id='word_1_308' title='bbox 502 2713 543 2757; x_wconf 90' lang='lat' dir='ltr'><strong>Per</strong></span> <span class='ocrx_word' id='word_1_309' title='bbox 552 2728 610 2770; x_wconf 90' lang='lat' dir='ltr'><strong>quem</strong></span> <span class='ocrx_word' id='word_1_310' title='bbox 620 2722 640 2756; x_wconf 93' lang='lat' dir='ltr'><strong>et</strong></span> <span class='ocrx_word' id='word_1_311' title='bbox 651 2730 734 2771; x_wconf 91' lang='lat' dir='ltr'><strong>quocum</strong></span> <span class='ocrx_word' id='word_1_312' title='bbox 745 2718 795 2774; x_wconf 90' lang='lat' dir='ltr'><strong>patri</strong></span> <span class='ocrx_word' id='word_1_313' title='bbox 807 2717 850 2773; x_wconf 83' lang='lat' dir='ltr'><strong>glo-</strong></span> 
     </span>
     <span class='ocr_line' id='line_1_38' title="bbox 68 2784 847 2842; baseline 0.004 -16"><span class='ocrx_word' id='word_1_314' title='bbox 68 2786 108 2838; x_wconf 92' lang='lat' dir='ltr'><strong>ria,</strong></span> <span class='ocrx_word' id='word_1_315' title='bbox 130 2787 194 2829; x_wconf 92' lang='lat' dir='ltr'><strong>honor</strong></span> <span class='ocrx_word' id='word_1_316' title='bbox 205 2792 226 2827; x_wconf 93' lang='lat' dir='ltr'><strong>et</strong></span> <span class='ocrx_word' id='word_1_317' title='bbox 238 2784 341 2842; x_wconf 89' lang='lat' dir='ltr'><strong>imperium</strong></span> <span class='ocrx_word' id='word_1_318' title='bbox 359 2799 403 2827; x_wconf 87' lang='lat' dir='ltr'><strong>cum</strong></span> <span class='ocrx_word' id='word_1_319' title='bbox 419 2793 489 2828; x_wconf 90' lang='lat' dir='ltr'><strong>saucto</strong></span> <span class='ocrx_word' id='word_1_320' title='bbox 506 2784 575 2841; x_wconf 90' lang='lat' dir='ltr'><strong>spiritu</strong></span> <span class='ocrx_word' id='word_1_321' title='bbox 589 2784 608 2826; x_wconf 91' lang='lat' dir='ltr'><strong>iu</strong></span> <span class='ocrx_word' id='word_1_322' title='bbox 623 2786 703 2828; x_wconf 87' lang='lat' dir='ltr'><strong>saccula</strong></span> <span class='ocrx_word' id='word_1_323' title='bbox 714 2787 847 2839; x_wconf 87' lang='lat' dir='ltr'><strong>saeculorum,</strong></span> 
     </span>
     <span class='ocr_line' id='line_1_39' title="bbox 69 2854 142 2898; baseline 0.027 -2"><span class='ocrx_word' id='word_1_324' title='bbox 69 2854 142 2898; x_wconf 79' lang='lat' dir='ltr'><strong>Amen.</strong></span> 
     </span>
    </p>

    <p class='ocr_par' dir='ltr' id='par_1_6' title="bbox 68 2923 850 3052">
     <span class='ocr_line' id='line_1_40' title="bbox 126 2923 850 2983; baseline -0.001 -14"><span class='ocrx_word' id='word_1_325' title='bbox 126 2923 202 2969; x_wconf 85' lang='lat' dir='ltr'><strong>Omnes</strong></span> <span class='ocrx_word' id='word_1_326' title='bbox 214 2926 247 2982; x_wconf 91' lang='lat' dir='ltr'><strong>qui</strong></span> <span class='ocrx_word' id='word_1_327' title='bbox 255 2925 286 2967; x_wconf 93' lang='lat' dir='ltr'><strong>hic</strong></span> <span class='ocrx_word' id='word_1_328' title='bbox 299 2932 345 2967; x_wconf 91' lang='lat' dir='ltr'><strong>sunt</strong></span> <span class='ocrx_word' id='word_1_329' title='bbox 356 2925 428 2967; x_wconf 81' lang='lat' dir='ltr'><strong>fratres</strong></span> <span class='ocrx_word' id='word_1_330' title='bbox 438 2924 541 2982; x_wconf 91' lang='lat' dir='ltr'><strong>plurimum</strong></span> <span class='ocrx_word' id='word_1_331' title='bbox 552 2937 589 2966; x_wconf 94' lang='lat' dir='ltr'><strong>vos</strong></span> <span class='ocrx_word' id='word_1_332' title='bbox 599 2924 698 2977; x_wconf 87' lang='lat' dir='ltr'><strong>salutant,</strong></span> <span class='ocrx_word' id='word_1_333' title='bbox 715 2926 749 2967; x_wconf 89' lang='lat' dir='ltr'><strong>sed</strong></span> <span class='ocrx_word' id='word_1_334' title='bbox 760 2924 850 2983; x_wconf 88' lang='lat' dir='ltr'><strong>inprimis</strong></span> 
     </span>
     <span class='ocr_line' id='line_1_41' title="bbox 68 2992 850 3052; baseline 0.003 -17"><span class='ocrx_word' id='word_1_335' title='bbox 68 2992 185 3050; x_wconf 85' lang='lat' dir='ltr'><strong>Anatolius,</strong></span> <span class='ocrx_word' id='word_1_336' title='bbox 205 2996 238 3052; x_wconf 92' lang='lat' dir='ltr'><strong>qui</strong></span> <span class='ocrx_word' id='word_1_337' title='bbox 251 2996 286 3038; x_wconf 91' lang='lat' dir='ltr'><strong>bas</strong></span> <span class='ocrx_word' id='word_1_338' title='bbox 298 3001 367 3036; x_wconf 88' lang='lat' dir='ltr'><strong>eontra</strong></span> <span class='ocrx_word' id='word_1_339' title='bbox 380 2995 481 3051; x_wconf 84' lang='lat' dir='ltr'><strong>octogiuta</strong></span> <span class='ocrx_word' id='word_1_340' title='bbox 493 2995 587 3036; x_wconf 86' lang='lat' dir='ltr'><strong>haereses</strong></span> <span class='ocrx_word' id='word_1_341' title='bbox 599 2994 743 3051; x_wconf 86' lang='lat' dir='ltr'><strong>disputationes</strong></span> <span class='ocrx_word' id='word_1_342' title='bbox 757 3002 850 3037; x_wconf 90' lang='lat' dir='ltr'><strong>notarum</strong></span> 
     </span>
    </p>
   </div>
   <div class='ocr_carea' id='block_1_3' title="bbox 0 0 1000 3392">
    <p class='ocr_par' dir='ltr' id='par_1_7' title="bbox 0 0 1000 3392">
     <span class='ocr_line' id='line_1_42' title="bbox 0 0 1000 3392; baseline 0 0"><span class='ocrx_word' id='word_1_343' title='bbox 0 0 1000 3392; x_wconf 95' lang='lat' dir='ltr'><strong> </strong></span> 
     </span>
    </p>
   </div>
  </div>
 </body>
</html>
