1988 3392
272 234 366 267 romanu
377 233 421 267 ma.
429 234 460 266 m.
471 233 528 267 rom.
537 233 550 265 r.
562 232 630 265 noan.
639 232 660 265 a.
833 219 859 263 13

73 315 106 357 illa
119 314 224 356 consistat.
255 311 296 355 Sed
313 314 380 354 inesse
395 313 473 368 quidem
486 313 506 353 in
520 311 599 353 bomine
612 311 693 353 ornnino
707 310 808 352 latendum
819 317 858 361 est,

74 396 99 425 ne
109 382 197 424 divinum
207 381 323 424 beneficium
333 382 424 423 tollamus
435 393 446 421 ε
455 381 528 432 medio,
543 394 566 421 ac
576 378 607 421 dci
617 379 731 421 auctoritati
742 378 857 421 diffidamus.

73 449 216 509 Quaecumque
234 452 285 494 enim
302 451 335 494 ille
352 450 410 502 dicit,
434 451 492 508 plane
509 464 557 494 rera
575 458 633 503 sunt,
655 449 733 492 tarnetsi
752 448 859 491 nonnullae

73 520 239 572 seriteutlae,sint
252 536 303 578 quae
315 522 378 563 aciem
393 528 474 564 nostrae
489 521 562 563 mentis
574 520 678 576 effugiant.
711 518 811 574 Quocirca
824 532 859 561 ue-

73 604 122 647 gare
133 591 214 632 omnino
227 592 251 632 ad
264 590 370 646 imaginem
381 591 412 632 dei
425 605 542 647 expressum
556 590 668 642 bominem,
690 604 702 632 a
714 590 751 630 lide
762 588 859 630 catholica

73 667 94 701 et
106 659 191 700 ecclesia
203 659 234 700 dei
246 658 331 700 alienum
344 667 383 700 est.
413 658 515 714 Siquidem
528 660 618 700 homines
629 672 698 699 orurres
710 658 734 698 ad
746 657 799 698 illius
811 656 860 696 ima—

73 727 138 781 ginem
149 726 222 767 conditi
231 733 277 768 suut
288 740 325 767 nec
337 727 388 767 ullus
399 727 432 781 qui
443 727 521 781 quidem
533 726 553 766 in
565 727 623 766 deum
635 732 703 780 speret
713 724 796 765 inficiari
808 723 859 763 istud

73 800 149 848 potcst;
171 794 209 833 nisi
222 793 239 833 si
254 794 287 848 qui
299 795 350 834 lorte
363 793 404 835 siut
419 794 451 848 qni
465 793 502 834 sibi
515 793 591 834 labulas
604 794 730 847 corifiogam,
753 797 822 832 ettam
835 789 860 830 ab

74 860 159 902 ecclesia
171 875 229 915 quam
243 861 267 901 ab
280 874 303 901 ea
316 860 406 901 doctrina
418 859 459 900 siut
470 859 560 911 exclusi,
576 874 626 915 quac
640 874 652 901 a
664 859 771 902 rumoribus
785 857 859 899 nostris

73 942 99 970 cx
110 927 258 986 prophetarum,
274 928 333 985 legis,
350 928 484 986 apostolorum
493 934 513 970 et
521 926 689 984 evangelistarum
701 935 731 971 est
739 925 859 970 auctoritate

73 998 153 1057 tradita.

131 1067 187 1113 Unde
203 1083 247 1111 oum
261 1069 281 1111 in
294 1069 331 1111 boc
343 1075 399 1125 parte
413 1068 487 1110 maiore
500 1070 562 1124 quam
575 1082 611 1126 par
626 1068 652 1110 sit
667 1068 801 1110 contentionis
817 1074 908 1123 stu-cap.
921 1078 951 1112 111.

73 1138 105 1180 dio
117 1139 222 1189 ducantur,
238 1138 262 1180 ab
273 1137 410 1180 ecclesiastiea
421 1137 527 1179 traditione
538 1151 562 1178 ac
574 1138 663 1179 doetrina
674 1139 778 1179 recedunt.
802 1134 861 1191 Quae

73 1221 116 1248 cum
131 1220 201 1248 omncs
217 1206 307 1248 homiues
320 1206 351 1248 dci
363 1207 387 1248 ad
401 1206 507 1261 imaginem
519 1213 598 1247 creatos
609 1219 654 1247 esse
666 1207 765 1257 fateatur,
786 1205 859 1246 nullam

73 1281 138 1314 tamen
152 1281 227 1329 partem
240 1274 308 1315 definit
321 1273 341 1315 iu
353 1288 390 1329 qua
405 1273 516 1315 istiusmodi
530 1273 623 1327 imaginis
636 1274 687 1314 ratio
702 1274 818 1314 collocanda
829 1274 859 1314 vi-

73 1341 150 1382 deatur.
182 1338 222 1382 Sed
236 1355 273 1381 nec
285 1341 317 1382 isti
330 1341 362 1395 qui
374 1354 397 1380 ea
409 1342 434 1381 dc
448 1354 470 1380 re
482 1340 572 1381 fabulose
585 1341 658 1394 aliquid
669 1346 764 1381 asserunt
780 1347 814 1381 aut
825 1354 860 1380 ne·

72 1414 131 1461 gant,
152 1407 289 1449 demonstrare
308 1407 407 1463 quidpiam
426 1414 517 1462 possunt.
549 1405 629 1448 Etenim
644 1407 744 1459 normulli‚
768 1407 820 1463 quod
836 1408 860 1448 dc

21 1508 23 1510 .
72 1474 158 1530 imagine
170 1474 250 1528 dicitur,
263 1476 329 1517 anima
340 1476 383 1532 ipsa
393 1475 570 1527 circumscribunt,
586 1474 606 1517 id
617 1489 675 1516 urium
687 1476 724 1517 ruti
737 1476 788 1532 quod
800 1489 860 1517 carrae

72 1551 187 1588 concretum
200 1552 231 1588 est
240 1543 355 1589 ratiocinari
366 1559 433 1604 posse.
463 1543 510 1589 Ncc
519 1544 566 1588 illud
575 1544 689 1602 intelligunt
700 1544 785 1588 animam
796 1544 859 1603 ipsam

74 1628 119 1658 esse
133 1629 183 1672 quae
196 1616 338 1668 ratiocinetur,
361 1615 379 1659 si
392 1616 470 1673 quidem
485 1616 618 1659 attendendae
634 1616 797 1659 ratiocinationes
810 1616 860 1659 istae

73 1693 131 1738 sunt,
155 1691 176 1726 et
187 1700 226 1727 nou
237 1684 302 1743 potius
314 1685 392 1727 sincera
404 1700 428 1727 ac
439 1685 522 1743 simplici
534 1693 600 1728 mente
610 1686 634 1727 ad
646 1685 703 1727 deum
714 1693 792 1743 oportet
803 1699 860 1728 acee—

75 1752 134 1804 tere,
156 1760 176 1794 et
188 1767 239 1809 quae
255 1754 279 1795 ab
294 1769 319 1796 eo
331 1755 383 1796 dieta
396 1761 442 1795 sunt
454 1769 489 1810 pro
502 1754 619 1796 certissimis
631 1755 727 1805 credere,
744 1754 823 1795 tametsi
835 1754 860 1795 ab

73 1833 98 1861 eo
110 1820 154 1862 solo
171 1821 251 1876 cognita
267 1822 307 1863 siut
324 1822 355 1863 cui
373 1822 437 1863 omnis
453 1829 484 1863 est
497 1821 600 1878 explorata
618 1822 701 1863 veritas.
732 1822 785 1864 Aliis
796 1822 860 1878 placet

73 1901 111 1928 nec
122 1888 142 1929 in
153 1889 220 1929 aurinia
232 1903 268 1930 uec
278 1889 298 1930 in
310 1903 394 1944 corpore
408 1903 453 1930 esse
468 1889 525 1929 sitam
540 1888 659 1943 imaginem,
680 1889 718 1929 'sed
733 1889 775 1929 sola
786 1890 860 1930 virtute

73 1954 180 1996 coritineri.
211 1954 252 1996 Alii
262 1969 302 1996 non
313 1956 420 2005 virtutem,
442 1955 477 1996 sed
490 1954 609 2010 baptismum
620 1962 639 1996 et
650 1970 701 2010 quae
713 1955 734 1995 iu
744 1970 768 1996 co
782 1956 861 1996 curiler-

73 2028 106 2063 tur
116 2021 201 2077 gratiam
216 2035 262 2064 esse
277 2029 373 2064 statuunt.
405 2020 470 2077 Quam
484 2022 523 2063 illis
538 2022 658 2064 sententiam
671 2022 744 2064 dictum
757 2022 803 2064 illud
813 2037 861 2078 apo-

73 2088 120 2133 stoli
134 2089 243 2149 persuasit:
266 2092 423 2144 Quemadmodum
436 2093 556 2145 portaremus
570 2094 672 2146 imaginem
687 2094 771 2142 terreni,
792 2100 860 2147 porte·
875 2117 888 2147 1.
894 2119 930 2149 0⁰„

73 2176 115 2204 mus
130 2164 231 2217 emugebem
247 2171 266 2205 et
280 2164 374 2205 coelestis.
405 2160 459 2206 Sunt
474 2162 507 2219 qui
523 2161 559 2205 bac
574 2162 668 2220 opinione
684 2162 760 2206 reiecta
775 2162 802 2206 ita
814 2177 860 2205 sen·
878 2155 930 2193 ¹⁵³⁹·

73 2232 135 2275 liant:
158 2230 212 2276 Olim
231 2233 308 2289 quidem
326 2233 346 2275 iu
363 2232 442 2276 Adarnc
460 2232 546 2275 diuinam
563 2233 616 2275 illam
632 2233 737 2290 imaginem
757 2232 858 2287 extitisse,

74 2300 138 2343 donec
148 2301 169 2343 iu
181 2309 283 2358 peceatum
296 2302 363 2358 lapsus
378 2303 456 2344 arboris
474 2303 539 2344 lructu
552 2310 669 2344 vesceretur
679 2309 738 2358 atquae
753 2316 764 2343 a
775 2303 860 2358 paradisi

74 2369 145 2412 fiinibus
157 2369 336 2423 exterminaretur3
351 2378 480 2427 posteaquam
493 2385 542 2412 vero
553 2370 622 2426 pulsus
635 2378 677 2423 est,
694 2377 734 2412 tum
746 2385 824 2413 omnem
837 2372 861 2412 il·

74 2436 112 2479 lam
129 2438 234 2493 imaginem
250 2437 343 2492 periisse.
373 2436 449 2492 Magna
466 2445 497 2480 est
512 2438 593 2479 omniuo
605 2438 625 2479 in
639 2439 775 2491 contingendis
790 2439 861 2480 fabulis

74 2503 175 2546 bominum
185 2505 283 2547 eiusmodi
293 2505 380 2546 lieentia.
401 2504 479 2559 Quibus
489 2519 513 2546 ne
523 2508 550 2545 ud
560 2507 626 2544 loram
638 2508 712 2558 quadem
722 2508 789 2545 cedere
803 2521 860 2557 opor·
872 2508 908 2538 aar.
918 2510 932 2546 ²,
941 2511 956 2539 ⁵·

75 2578 114 2618 tet‚·
136 2577 157 2611 ει
170 2571 248 2626 quidem
262 2585 302 2612 non
318 2570 363 2611 istis
375 2573 445 2622 modo,
468 2572 503 2612 sed
519 2584 557 2611 nec
568 2571 607 2611 illis
618 2571 651 2626 qui
664 2571 702 2612 boe
713 2579 747 2612 aut
756 2571 791 2612 illo
802 2580 860 2628 pacto

74 2637 169 2680 sentiant.
201 2636 230 2680 lta
244 2653 304 2696 porro
313 2639 433 2681 credendum
446 2645 477 2681 est
485 2637 592 2694 imaginem
603 2637 624 2681 iu
637 2638 716 2681 bomine
726 2640 823 2697 reperiri,
839 2648 862 2683 nt

74 2704 95 2750 in
107 2712 149 2750 toto
160 2706 247 2750 maxime
256 2721 294 2751 uec
307 2706 423 2767 simpliciter
437 2706 533 2751 resideat.
564 2704 660 2752 Ceterum
677 2708 758 2752 ubinam
768 2708 803 2753 illa
819 2724 861 2753 ma·

75 2778 130 2821 xime
142 2778 181 2833 sit,
202 2786 270 2837 etqua
280 2786 336 2836 parte
349 2780 482 2838 compleatur,
504 2779 554 2837 quod
567 2779 693 2833 dictumest,
713 2784 739 2823 ed
750 2784 858 2836 zinugmem,

75 2848 124 2891 deus
140 2849 206 2903 novit,
227 2850 259 2905 qui
271 2849 367 2906 singulari
380 2850 417 2892 hoo
433 2849 525 2906 imaginis
537 2839 586 2892 snae
603 2850 700 2892 beneficio
714 2850 813 2893 bominum
826 2866 861 2908 ge-

76 2931 114 2960 nus
125 2919 204 2961 afficere
216 2917 286 2961 voluit.
317 2916 390 2974 Neque
404 2932 455 2961 vero
471 2919 522 2960 banc
535 2918 569 2960 ille
580 2918 690 2975 perdidisse
706 2920 804 2974 putandus
817 2927 860 2973 est3

75 2986 155 3027 tametsi
167 2987 211 3028 sine
222 2986 261 3028 ullo
268 2999 334 3026 rerum
343 2986 457 3028 discrimine
465 2985 590 3042 gravissimis
601 3000 624 3027 se
631 2985 742 3028 sceleribus
753 2988 859 3043 inquinans

76 3052 154 3096 divium
170 3054 218 3095 illud
231 3053 323 3108 imaginis
340 3053 401 3096 decus
417 3054 457 3098 vile
475 3053 614 3110 abiectumque
629 3053 745 3096 reddiderit.
783 3054 861 3112 Quippe
