1988 3392
248 237 341 271 acuatur
352 238 431 272 ειεει.
445 238 500 272 Tora.
508 240 522 272 r.
533 237 600 271 asan.
608 236 688 270 Lxxvr.
822 224 864 265 219

80 324 101 360 ει
115 331 166 374 quac
181 318 340 361 commemoratis
357 318 411 361 bisce
424 320 500 362 natiuis
514 320 594 371 insunt,
615 324 649 359 aut
663 330 712 359 casu
726 315 810 373 quodam
822 315 864 355 for-

79 387 130 429 tuito
141 386 238 430 accidisse
252 389 355 442 dicautur,
376 396 421 442 aut,
443 390 494 445 quod
507 397 662 431 cousentaneum
679 393 722 438 est,
744 400 786 427 eam
801 384 864 441 ipsam

80 456 157 513 quidem
171 472 220 514 quac
237 459 278 515 agit
291 458 411 515 ingenitam,
433 473 483 515 quae
497 474 547 502 vero
558 459 631 516 patitur
641 472 664 501 ac
679 463 766 498 mutatur
777 453 863 512 genitam

79 527 207 584 appellemus.

137 598 199 638 XXX.
216 595 239 640 Si
251 598 331 654 genitae
343 606 426 641 naturae
437 612 509 641 caussa
521 605 552 640 εει
564 597 665 654 ingenita,
682 595 792 652 ingenitum
805 606 862 644 vero,

80 665 131 721 quod
143 665 258 723 principium
270 666 349 720 dicitur,
362 668 409 710 nihil
422 669 502 710 omrrino
514 668 547 719 sit,
561 668 639 723 quinam
651 674 717 724 potest
727 666 746 708 id
756 666 807 722 quod
817 663 865 705 nilril

80 742 111 776 est
129 735 171 777 eius
187 737 237 791 quod
253 738 368 792 productum
384 745 416 779 est
431 751 476 779 esse
491 736 622 793 principium?

136 806 207 846 XXXI.
219 803 241 846 Si
251 805 360 861 ingenitum
373 806 458 862 privatio
467 807 566 861 quaedam
573 812 612 857 εει,
624 813 654 846 εει
664 812 728 845 autem
740 802 826 861 privatio
836 802 865 843 af-

80 872 172 914 fectionis
183 873 276 926 amissio,
298 873 379 916 amissio
395 888 455 930 porro
466 874 545 930 penitus
555 887 567 914 e
579 874 644 915 medio
655 873 742 925 tollitur,
759 880 792 914 aut
803 871 823 912 iu
836 871 865 912 al-

80 948 143 983 terum
157 949 296 996 commutatur,
313 934 398 997 quonam
415 950 472 999 pactu
486 943 591 984 affectione
604 942 635 983 illa
648 949 763 984 transeunte
775 947 808 983 aut
820 954 865 996 per-

80 1018 148 1063 eunte,
165 1011 202 1052 hoc
215 1018 246 1052 εει
258 1010 341 1067 ingeniti
354 1011 498 1068 appellatione,
515 1011 547 1053 dei
560 1010 668 1052 substantia
680 1009 865 1066 cognominabitur?

136 1081 217 1122 XXXll.
234 1078 256 1122 Si
267 1080 377 1137 ingenitum
389 1081 533 1137 privationem,
551 1094 601 1136 quae
613 1081 650 1122 deo
662 1094 701 1121 εοε
713 1079 774 1132 inest,
791 1078 866 1133 signiti-

80 1156 119 1203 cat,
136 1164 172 1192 cur
186 1148 295 1204 ingenitum
312 1163 365 1200 csse,
381 1150 469 1205 genitum
484 1164 534 1191 vero
549 1164 588 1190 εοε
605 1163 650 1191 εεεε
666 1149 762 1190 dicimus?

136 1220 227 1260 XXXlll.
235 1216 258 1260 Si
270 1219 380 1274 ingenitum
393 1219 444 1260 raudo
455 1220 476 1259 iu
488 1220 525 1260 deo
536 1226 567 1260 est
577 1218 691 1275 appellatio,
709 1218 759 1258 adeo
772 1225 865 1272 utsupra

81 1294 193 1329 creatarum
204 1302 270 1329 rerum
282 1288 369 1329 omnium
380 1287 512 1329 conditionem
523 1289 566 1330 sola
576 1287 710 1344 pronuntiatio
723 1287 809 1328 divinam
819 1286 866 1326 sub·

80 1356 172 1398 stantiam
184 1357 280 1409 extollat,
297 1370 422 1413 consequens
433 1363 463 1397 εει
474 1357 573 1398 homiuum
585 1355 766 1413 pronuntiationem
776 1355 866 1410 omnipo-

80 1425 141 1467 tentis
158 1425 188 1466 dei
200 1425 311 1467 substantia
326 1425 489 1480 praestantiorem
502 1426 578 1477 videri,
600 1440 649 1480 quae
666 1424 743 1481 quidem
759 1425 820 1481 ipsam
836 1424 866 1465 in-

80 1493 219 1550 comparabilis
235 1493 354 1535 excellentia
370 1494 470 1549 diguitatis
486 1501 579 1535 exornet.

137 1563 227 1603 XXXlV.
237 1560 259 1604 Si
270 1577 314 1604 cum
327 1577 351 1604 eo
363 1563 416 1604 omui
429 1563 480 1617 quod
492 1564 579 1617 genitum
592 1571 622 1604 εει
632 1562 731 1619 implicata
744 1570 775 1603 cst
786 1568 807 1602 et
819 1571 875 1602 con··

79 1631 146 1672 iuncta
155 1645 238 1673 caussae
250 1631 312 1683 notio,
328 1645 397 1673 caussa
410 1646 459 1673 vero
471 1640 501 1672 εει
514 1632 601 1687 ingenita
612 1640 689 1680 natura,
702 1645 745 1672 cunr
758 1630 866 1686 ingenitum

81 1700 176 1752 dicimus,
194 1714 233 1740 εοε
243 1714 332 1742 caussam
343 1701 437 1756 aliquam,
454 1701 488 1741 sed
501 1701 630 1742 substantiam
642 1700 779 1757 exprimimus.

137 1770 218 1809 XXXV.
235 1766 257 1809 Si
275 1768 366 1823 quicquid
381 1769 496 1824 productum
513 1777 555 1821 est,
577 1769 601 1810 ab
614 1770 677 1810 altero
693 1770 809 1824 productum
827 1775 866 1818 est,
895 1786 897 1788 ’

81 1837 169 1892 ingenita
187 1850 235 1878 vero
251 1837 365 1894 hypostasis
383 1851 442 1878 neca
458 1851 480 1878 se
492 1838 547 1893 ipsa,
569 1852 606 1878 nec
621 1838 645 1879 ab
664 1837 703 1878 alia
716 1838 812 1892 producta
827 1844 866 1888 est,

80 1905 163 1960 ingeniti
178 1905 276 1946 vocabulo
291 1904 402 1946 substantia
419 1906 461 1960 ipsa
477 1905 600 1960 significetur
615 1913 701 1961 oportet.

44 1966 45 1969 Ἰ
137 1975 227 2014 XXXVl.
238 1971 260 2014 Si
274 1973 356 2027 ingeniti
370 1973 488 2022 substantia,
505 1981 597 2028 tanquam
609 1989 688 2020 caussa,
703 1974 792 2027 ingenita
806 1974 868 2029 hypo-

81 2041 140 2082 stasis
154 2042 277 2092 declaratur,
297 2054 347 2096 quae
359 2055 406 2095 prae
423 2040 477 2080 omrri
489 2038 604 2082 caussarum
620 2057 695 2096 gerrone
710 2043 867 2084 imumtabilitate

82 2110 170 2164 praedita
181 2115 223 2158 εει,
232 2110 308 2149 ‘eadem
320 2122 355 2163 per
367 2122 412 2149 sese
425 2108 535 2150 substantia
548 2110 708 2165 incomparabilis
722 2118 760 2159 cst,
778 2125 817 2151 nou
832 2125 867 2150 ve-

79 2177 109 2218 lut
120 2178 246 2219 extrinsecus
259 2177 354 2217 adscitam
366 2176 479 2231 qrralitatem
493 2177 546 2217 illam
557 2192 603 2232 prae
617 2193 639 2218 sc
652 2180 730 2226 terena,
752 2179 800 2219 nibil
812 2186 832 2218 ut
842 2179 866 2218 ad

81 2245 142 2301 ipsam
155 2245 218 2301 possit
227 2247 335 2295 accedere,
357 2245 392 2285 sed
402 2245 420 2285 id
433 2258 459 2285 ex
472 2259 517 2286 sese
535 2246 594 2287 babet
606 2247 632 2287 uti
646 2247 693 2287 nihil
707 2261 750 2287 curu
765 2247 807 2302 ipsa
819 2260 867 2286 con-

81 2314 141 2365 lerri,
158 2315 228 2356 autad
240 2328 283 2355 earn
295 2314 391 2355 accedere
403 2312 473 2369 possit.
506 2313 562 2361 Unde
576 2322 596 2356 et
606 2329 641 2370 per
654 2323 717 2356 seruiet
729 2323 760 2357 rst
771 2316 866 2370 ingenita.

137 2384 236 2424 XXXVll.
254 2380 276 2424 Si
288 2382 413 2438 omnipotens
424 2382 472 2422 deus
486 2387 576 2424 natrrram
589 2398 667 2425 ornarem
682 2386 770 2433 excellit,
788 2400 812 2425 eo
825 2386 868 2440 ipso

80 2451 130 2506 quud
149 2452 249 2506 ingenitus
272 2459 303 2492 cst
321 2451 409 2491 excellit.
447 2450 505 2506 Quae
522 2451 632 2507 proprietas
650 2467 721 2495 caussa
741 2461 772 2493 est
795 2454 868 2507 genitis

52 2519 58 2529 '
80 2519 172 2563 omrribus
185 2520 311 2562 stabilitatem
322 2520 494 2575 constantiamque
505 2521 601 2562 tribuens.
634 2519 670 2564 Sin
682 2530 746 2564 autent
758 2523 868 2579 ingenitum

80 2590 210 2632 substantiam
228 2604 268 2631 non
280 2590 386 2645 exprimit,
409 2604 474 2645 aquo
491 2591 569 2633 tandem
583 2592 693 2645 genitarum
712 2607 778 2635 rerum
796 2600 867 2635 natura

79 2659 201 2717 seipsamut
216 2666 323 2702 conservet
339 2659 435 2716 accipiet?

95 2740 130 2776 ·fiS.
141 2742 174 2784 τῆς
189 2743 297 2783 obestr'ufru,
313 2750 349 2773 cum
367 2742 462 2775 buccardo·
483 2745 535 2783 princ.
551 2743 597 2785 babet
612 2739 670 2779 ου’κέτι
682 2738 713 2783 di,
731 2746 756 2778 ed.
768 2746 822 2778 Ρειαο.
837 2739 869 2779 oda

78 2798 115 2821 rom
125 2789 225 2821 distinctione
233 2787 263 2822 τοῦ
270 2784 409 2831 παντοκράτορος,
420 2784 461 2822 darc-
485 2788 544 2823 αἴτιοι.

80 2831 160 2872 στάσεως
171 2829 270 2878 ἄουγκρίτῳ
282 2833 317 2868 κτλ.
508 2834 536 2869 72.
549 2830 593 2869 ἀλλὰ
605 2836 653 2876 infra.

101 2878 129 2913 69.
141 2878 171 2914 adr
182 2877 310 2922 παντοκράτορα
320 2880 369 2920 infru.
508 2879 535 2914 73.
549 2879 680 2923 ουνεμφαίεετοιι
690 2884 739 2924 iufra.
763 2884 809 2924 Quod
819 2892 868 2924 prue-

101 2923 129 2958 70.
141 2921 215 2964 ἀναίτιος
224 2928 287 2966 reposui
303 2934 323 2957 ear
334 2926 385 2966 Rasnt.
410 2927 461 2967 Vntpo
484 2927 647 2968 serendumotdetor.
881 2924 883 2927 “

78 2973 120 3003 enim
135 2974 211 3012 scriptum
226 2975 248 3003 est
263 2971 320 3010 αἴτιος.
343 2972 461 3005 arcemanus
506 2971 534 3006 Ἠ.
546 2973 592 3013 Infra
603 2967 700 3007 udroaoclc.

78 3018 124 3049 verlt'l
135 3028 203 3049 caussae
213 3028 275 3049 exsors.
506 3017 533 3051 75.
547 3016 672 3060 &acquirebant
683 3021 732 3060 iufra.

101 3061 129 3096 71.
142 3058 173 3097 ou'it
188 3061 243 3096 αἰτίαν
257 3065 320 3103 reposui
335 3064 429 3105 saltasset,
446 3068 460 3096 et
505 3061 533 3096 76.
546 3060 605 3106 ἐπειδὴ
618 3064 649 3106 (uti
659 3067 770 3107 legiturinfro
779 3068 797 3099 la
806 3067 868 3109 Resut.)

78 3108 124 3142 cedd.
139 3118 176 3142 mss.
194 3111 221 3149 qui
236 3109 294 3142 dotent
308 3104 340 3144 oda
355 3107 406 3144 ἐτίοιε.
429 3110 460 3144 Ed.
483 3111 659 3152 cruciamentum.
684 3109 754 3157 ἔστιδή
772 3114 811 3146 editt
825 3114 867 3148 tibrr'.
