1988 3392
264 236 358 272 annunti
370 237 451 271 Lanita,
461 236 519 270 Tota.
527 237 540 270 l.
551 234 619 269 anun.
626 235 648 268 L.
829 227 856 267 15

67 321 113 370 post
128 314 227 356 Adamuna
242 315 270 356 ita
283 317 333 357 deus
348 314 449 357 Nobmum
466 315 586 369 alloquitur:
609 317 660 354 Eeee
676 317 729 354 dedit
744 314 780 353 tibi
793 317 856 353 omnm
865 321 904 350 oen.
915 322 951 358 aa.

69 389 158 434 tanquam
174 384 227 422 olera
239 386 298 434 agri:
321 391 383 423 morta
396 391 415 422 et
429 386 515 422 camede.-
532 395 608 422 earnem
620 395 662 421 eum
675 384 750 421 aniame
761 383 857 432 sangnine

68 464 92 490 ne
103 452 201 499 eomedas,
224 454 312 504 qztoatn'am
324 465 360 504 ego
372 453 469 505 requeram
480 453 554 492 animas
566 457 647 490 oestrus.
680 451 817 502 Qntr'eumquee
835 463 857 488 n-

68 522 121 562 derit
133 523 247 576 sanguinem
261 523 343 564 bominis
358 524 379 563 in
390 530 453 573 terra,
472 537 510 577 pro
524 524 582 570 barbo
594 523 690 575 sangume
705 521 759 571 illeiis
775 521 857 574 sanaguis

68 592 190 648 effundetur,
211 583 233 633 eo
244 595 295 646 quod
304 595 331 634 ad
341 596 442 646 imaginem
454 595 487 634 ulei
496 595 589 634 bominem
602 593 681 645 [necerim
687 610 694 642 ,-
716 598 736 631 et
745 605 781 644 ego
792 592 857 644 requi·

68 674 111 701 ram
120 664 233 714 sangm'nem
245 670 328 703 oestrum
342 663 367 702 ab
380 677 402 703 eo
414 665 466 702 omni
474 665 525 715 qnod
536 663 629 717 ‹effuderil
644 664 705 714 eperum
718 674 777 713 stepen
784 661 857 714 saonem

70 736 140 768 terrae.
173 727 236 771 Vides
252 738 274 771 ut
284 729 304 771 in
317 730 396 772 bomine
411 737 455 786 post
470 729 566 770 decimam
578 729 603 770 ab
616 729 694 770 Adarno
706 727 857 783 generationem

68 795 136 850 imago
146 796 178 837 dei
192 796 337 837 constituatur?
366 795 482 851 Quinetiam
497 795 562 838 Dauid
575 797 635 850 longo
647 803 716 853 postea
730 803 819 850 tempore
831 809 858 836 ex

70 864 133 904 saneti
149 864 231 919 spiritus
246 863 312 904 afflatu
327 863 412 913 eeeiuit,
437 866 530 904 Universa
545 867 620 904 vanitas
636 867 696 904 oannis
714 865 769 903 bomo
786 866 857 903 nubens.
881 861 940 890 ¹³³³¹¹¹r

885 896 909 929 aa,
918 899 931 923 a.

71 927 185 972 Secundum
198 944 255 985 quern
268 930 382 986 apostolus,
400 933 434 971 Vn'r
444 945 516 971 comam
527 933 627 971 alerenen
638 932 703 979 debet,
723 929 800 985 inquit,
816 945 858 970 eum
867 931 880 959 ¹·
890 929 926 958 ⁰⁰¹-
936 930 959 967 lt,

70 1001 98 1041 stc
107 1001 171 1054 imago
182 1007 202 1041 et
211 1000 278 1054 gorm
290 1001 328 1041 atet.
361 996 402 1042 Sed
415 1005 435 1041 et
448 998 557 1054 postillam
574 997 657 1042 lacobus
673 999 697 1041 de
710 998 776 1054 lingua
791 998 858 1056 dispu-
890 964 906 991 u

71 1078 124 1114 tans.
154 1072 278 1121 Malumest,
299 1069 374 1127 inquit,
396 1070 528 1121 intractabile,
542 1071 801 1125 plenanenenomartr'fero.
832 1073 961 1119 intuentiam.

71 1144 113 1194 apsa
126 1142 252 1182 benedebe'mus
268 1143 322 1181 dezane
338 1148 359 1181 et
366 1148 453 1193 patrem,
476 1148 497 1180 et
507 1143 526 1181 iu
538 1144 580 1194 ipsa
595 1142 725 1181 maledicimus
742 1141 856 1189 bominibus,

71 1212 107 1262 qui
115 1212 142 1250 od
150 1211 252 1261 imaginem
264 1211 297 1249 dei
304 1210 356 1262 feroti
369 1217 422 1249 soret.
453 1210 498 1249 Non
512 1216 587 1262 oportet
602 1210 649 1248 boee
665 1212 692 1249 e'ta
704 1210 765 1261 fieri,
780 1211 859 1263 fratres

71 1279 115 1317 mel.
147 1275 181 1318 Ex
193 1275 263 1330 quibus
278 1283 360 1331 apparet
376 1289 445 1317 enatam
460 1290 532 1318 vanam
544 1289 589 1318 esse
606 1275 704 1318 rationem
715 1276 748 1330 qui
760 1276 858 1318 Adamum

75 1343 106 1384 dei
121 1342 229 1397 imaginem
244 1342 337 1384 amisisse
352 1343 475 1398 praedieaut.

130 1409 208 1465 Quibus
224 1423 274 1451 vero
290 1410 361 1466 placuit
376 1409 397 1450 in
410 1410 475 1451 amma
489 1409 574 1465 positam
587 1409 706 1464 imaginem,
723 1409 775 1450 hune
784 1410 805 1451 in
817 1424 860 1450 mo·
870 1412 911 1457 Gan·
921 1414 951 1447 Ν.

73 1479 118 1520 dum
130 1477 276 1520 ratiocinantur
292 1492 315 1520 ao
328 1491 373 1520 sese
389 1471 509 1519 detendunt:
532 1477 591 1533 Quod
605 1485 626 1519 et
637 1477 763 1535 aspectabilis
779 1477 859 1519 niiriime

73 1547 111 1601 sit,
126 1547 209 1607 perinde
219 1562 243 1590 ae
256 1548 357 1600 deusest,
375 1548 425 1605 qnod
437 1547 520 1604 agendi,
537 1547 643 1600 moveridi,
658 1546 781 1604 intelligendi
793 1561 817 1590 ae
828 1562 860 1590 ra·

72 1618 179 1661 tiooinandi
193 1617 225 1660 ubi
236 1619 323 1674 praedita
336 1619 374 1671 sit,
396 1618 442 1660 ideo
454 1618 503 1660 haee
517 1617 623 1674 imaginem
637 1618 786 1675 complectitur,
808 1619 860 1674 qnod

72 1689 183 1739 movendo,
208 1689 298 1742 ageinlo,
321 1702 345 1729 ao
362 1687 439 1743 reliqua
457 1686 523 1728 onitiia
541 1687 660 1743 praestando
677 1687 820 1743 quaeratione
836 1687 860 1728 ab

73 1754 186 1796 homiuibus
200 1762 310 1809 geruntur,
334 1756 392 1796 deum
410 1756 430 1795 in
446 1754 505 1795 terris
520 1755 617 1795 imitetur.
648 1753 689 1797 Sed
704 1755 737 1795 isti
755 1756 860 1796 manileste

72 1821 96 1862 ad
111 1821 239 1877 syllogismos
254 1822 379 1876 eotilagiunt.
410 1820 463 1863 Nam
478 1821 495 1862 si
511 1828 617 1878 propterea
633 1822 657 1863 ab
670 1821 777 1876 imaginem
794 1822 860 1863 antima

74 1890 126 1930 laeta
137 1889 220 1940 dieitur,
240 1890 264 1930 otl
276 1889 382 1943 imaginem
394 1889 433 1930 diei
444 1888 525 1930 omnino
540 1903 580 1930 uon
594 1895 667 1943 potest.
698 1887 757 1930 lleus
767 1890 819 1930 enim
829 1889 861 1930 in-

74 1955 134 1997 linitis
157 1970 204 2012 prae
227 1956 293 1998 aninan
319 1956 419 2011 partibus,
448 1969 513 2011 eoque
535 1956 633 2010 mamlius,
662 1956 860 2010 comprehensionem

74 2039 152 2068 ominem
164 2039 187 2068 ao
199 2024 340 2081 cogitationem
352 2024 429 2081 elingit,
446 2031 514 2082 utpote
524 2024 555 2067 eui
566 2032 671 2082 prospecta
681 2032 728 2068 sunt
742 2025 808 2068 omnia
822 2032 860 2067 tam

73 2095 182 2154 praeterita
197 2110 255 2152 quiam
271 2094 396 2153 praesentia,
421 2102 459 2137 tani
477 2109 527 2151 quae
543 2094 635 2137 videntur
653 2110 711 2152 quani
728 2110 778 2151 quae
796 2095 861 2137 videri

74 2172 188 2221 nequeunt,
206 2172 272 2207 terrae
284 2166 333 2207 lines
346 2165 455 2220 prolnudae
466 2164 568 2221 voraginis
580 2163 632 2215 ima,
654 2165 770 2206 coelestium
782 2164 860 2206 orbium

74 2247 163 2284 summa,
180 2233 273 2289 quidquid
284 2234 369 2288 densique
384 2232 461 2288 uspiam
473 2239 511 2274 est.
544 2231 589 2288 lpse
605 2233 657 2274 enirn
673 2248 717 2274 rum
729 2231 795 2274 omitia
806 2247 861 2274 eom-

74 2300 191 2356 prebendit,
213 2308 253 2342 tum
269 2316 280 2341 a
296 2301 350 2342 nullo
366 2300 554 2355 comprehenditur.-
578 2298 596 2340 E
612 2300 713 2341 contrario
730 2314 780 2341 vero
795 2301 862 2342 antima

75 2381 160 2422 corpore
171 2367 296 2418 continetur,
313 2366 381 2423 abyssi
395 2368 476 2408 landum
488 2366 579 2421 ignorat,
602 2373 669 2408 terrae
680 2367 815 2417 latitudinem,
832 2374 862 2409 at-

75 2448 114 2489 que
129 2434 184 2476 orbis
200 2434 312 2476 habitabilis
326 2434 399 2476 limites
411 2434 487 2486 nesuit,
509 2434 610 2476 coelorum
624 2448 701 2476 summa
717 2449 757 2476 tion
772 2435 862 2490 assequi-

76 2509 120 2555 tur,
141 2517 206 2561 neque
224 2501 269 2560 quid
286 2504 372 2555 laturum
385 2502 423 2556 sit,
445 2510 479 2546 aut
494 2503 684 2560 quandoluturrnn,
707 2509 803 2559 autquae
816 2510 862 2545 ante
882 2535 885 2538 ⁴

76 2587 99 2616 se
114 2572 153 2616 iam
166 2573 270 2616 extiterint
284 2573 395 2630 eognoseit.
427 2574 458 2616 Aa
476 2573 525 2615 baeu
541 2573 599 2630 plura
615 2572 653 2615 alia
666 2579 706 2615 tam
718 2573 742 2615 de
753 2573 787 2616 illa
804 2589 862 2630 quiam

76 2643 101 2685 de
113 2643 187 2685 ceteris
198 2644 217 2684 id
229 2657 292 2699 getius
308 2657 466 2685 commemorare
479 2656 593 2700 possumus.
623 2640 734 2685 Praeterea
749 2657 793 2685 oum
812 2645 861 2685 deus

77 2711 181 2754 divisionis
197 2711 262 2753 omnis
277 2726 351 2768 expers
364 2711 402 2764 sit,
422 2712 487 2754 anima
504 2711 547 2767 ipsa
559 2711 666 2763 dividitur,
688 2712 739 2767 quod
753 2712 784 2754 bis
795 2712 862 2753 verbis

77 2780 179 2835 apostolus
190 2779 273 2820 iinlieat:
297 2783 354 2820 Vinus
368 2788 398 2819 est
407 2783 456 2820 em'm
470 2793 532 2819 sermo
547 2781 581 2819 dei
588 2786 609 2819 el
618 2780 702 2831 elstram,
724 2788 744 2819 et
752 2781 862 2832 penetrali·
870 2787 967 2827 Hebrum.

78 2848 116 2886 lior
126 2849 179 2887 omni
185 2848 252 2898 gladio
263 2849 354 2898 aaronita,
377 2854 397 2887 et
405 2850 518 2899 pertingens
528 2861 588 2899 usque
600 2848 627 2886 od
637 2848 747 2886 diuisionem
758 2850 834 2886 anemae
843 2855 864 2887 et

100 2923 116 2957 2.
128 2926 153 2958 lto
166 2925 201 2957 eod.
213 2925 279 2966 llbedtp.
295 2925 375 2957 artieutns
390 2921 460 2959 teano
483 2933 553 2957 amana
565 2934 606 2966 seo,
624 2925 738 2965 sedentique,
749 2926 864 2965 superandus

78 2966 103 3012 μή
116 2966 206 3013 ὁρώμενα,
217 2973 245 3011 unt
254 2971 272 3003 in
284 2970 330 3002 eatan
338 2970 385 3010 rnlpo
397 2971 459 3012 tegitur,
482 2972 582 3011 conspicatur.

78 3016 135 3058 quique
147 3017 190 3049 abest
199 3025 211 3049 a
221 3016 256 3049 eod.
269 3016 341 3057 ltbedta,
352 3017 369 3048 tn
379 3016 414 3049 eod.
426 3016 458 3049 len.
505 3014 521 3049 3.
533 3017 566 3049 Pro
576 3010 609 3051 oda
619 3017 636 3049 ia
648 3016 673 3049 ed.
684 3016 740 3050 Petav.
754 3016 828 3051 Coloniae
838 3026 863 3051 re·

420 3083 422 3085 -
479 3064 511 3105 pet.
522 3063 578 3097 vitiose
589 3065 611 3098 est
622 3060 653 3099 nal
663 3072 760 3106 repressum.
