1988 3392
443 684 462 740 S
472 681 498 739 Y
508 683 531 740 L
542 682 566 739 L
577 680 603 740 0
615 681 676 740 GE

265 797 489 850 ADDENDORUM
505 797 548 848 ΕΤ
567 796 854 849 GORRIGENDORUM.

400 902 458 936 TOMI
474 901 561 935 PRIORIS
578 900 634 933 PARS
652 900 724 935 PRIOR.

216 1040 270 1087 Pag.
278 1041 309 1081 2.Ι
321 1039 350 1072 lin.
360 1039 377 1073 2.
390 1038 459 1083 Corrige
469 1038 549 1086 δευτέρῳ.
561 1058 584 1064 -
607 1038 618 1072 l.
626 1035 642 1072 4.
654 1038 681 1072 ed.
688 1050 714 1083 pr.
723 1038 772 1073 Basil.
783 1039 842 1085 (quam
850 1038 890 1073 inde
901 1050 953 1086 usque

170 1097 269 1142 simpliciter
280 1108 311 1142 per
323 1098 369 1130 Bas.
382 1097 500 1141 compendium
511 1095 617 1141 significab0‚
628 1095 672 1129 sicut
685 1096 723 1130 cod.
733 1097 817 1131 venetum
828 1109 859 1142 per
871 1109 954 1143 compen-

172 1155 218 1188 dium
227 1155 288 1199 Ven.)
304 1154 356 1187 habet
371 1153 496 1199 Παλαιστηνὸν.
509 1173 530 1180 -
553 1153 565 1186 l.
580 1154 597 1189 7.
613 1154 656 1187 Ven.
674 1153 835 1195 Κωνστοιντίας.-
857 1154 953 1201 lantepe-

171 1212 213 1246 nult.
223 1213 265 1245 Ven.
278 1209 440 1256 προκυλινδούμενοι.
453 1231 475 1237 -
498 1208 532 1244 lli.
545 1222 577 1256 pro
588 1206 615 1246 ὅτι
624 1209 642 1245 ἐν
652 1210 679 1244 ed.
686 1212 743 1245 Petav.
756 1211 815 1246 nolon.
825 1223 914 1257 perperam
923 1213 954 1247 ha-

170 1269 202 1302 bet
213 1267 229 1304 οἳ
237 1267 254 1303 ἐν
267 1280 350 1303 excusum.
362 1288 385 1294 —
407 1269 419 1304 1.
427 1266 455 1303 24.
467 1270 501 1303 Pro
513 1267 635 1313 δεδωρημένην
646 1267 664 1301 in
675 1268 718 1303 Ven.
730 1274 780 1303 antea
791 1268 873 1314 scriptum
884 1269 954 1315 legeba-

171 1333 200 1359 tur
210 1326 312 1371 διδωμένην.

207 1383 272 1430 fag.
280 1386 302 1420 (ἰ.
324 1383 336 1417 l.
343 1383 361 1419 8.
374 1383 450 1417 Restitue
459 1381 543 1429 ὑπόβασιν
553 1394 575 1415 ex
589 1383 642 1423 Vern,
658 1394 690 1428 pru
700 1380 793 1429 dudpuew.
805 1403 826 1409 -
853 1383 866 1418 l.
873 1382 890 1418 9.
901 1396 955 1431 χοιρο-

171 1441 222 1486 κτῆρι
231 1439 333 1486 κεχρημένοι
342 1442 385 1475 ven.
397 1461 420 1468 -
443 1441 490 1476 113,
501 1437 552 1481 ὄντας
561 1441 603 1474 ven.
613 1459 633 1465 -
656 1439 668 1474 l
678 1440 705 1475 17.
715 1440 771 1474 Verba
781 1439 811 1476 καὶ
822 1440 954 1486 Βηριοδηκτικὸν

171 1498 232 1531 absunt
247 1510 257 1531 u
272 1499 315 1532 Ven.
326 1517 350 1524 —
377 1498 426 1534 1.23.
443 1499 513 1543 Repone
531 1497 613 1541 αἱρέσεων
629 1504 669 1530 ante
684 1493 827 1542 duuxuluuffetuu
842 1510 863 1531 ex
877 1499 919 1533 Ven.
932 1518 955 1525 -

172 1555 218 1589 1.2ιί.
227 1556 262 1591 τῶν
272 1562 312 1589 ante
321 1553 350 1591 τὸν
361 1555 409 1589 abest
420 1567 430 1588 a
440 1557 484 1591 Ven.
497 1574 518 1581 -
541 1555 553 1588 1.
560 1554 625 1599 penult.
634 1566 699 1600 repone
708 1552 750 1600 ὑπὲρ
760 1566 792 1599 pro
802 1553 847 1599 περὶ,
859 1567 880 1589 ex
889 1563 954 1591 auctor.

172 1611 244 1652 Veneti5
257 1609 299 1655 liudp
311 1612 373 1657 legitur
384 1612 435 1646 etiam
446 1612 464 1645 in
476 1611 624 1657 Anacephalaeusi.

219 1669 273 1716 Pag.
283 1669 304 1706 8.
327 1669 339 1703 l.
347 1670 363 1704 2.
377 1669 418 1703 Dele
430 1681 467 1703 voc.
479 1666 545 1713 Ἰησοῦ,
557 1680 589 1713 pro
602 1679 635 1713 quo
647 1668 665 1701 in
676 1668 799 1714 antiquioribus
810 1668 860 1702 edilis
872 1668 897 1710 εἰς
907 1666 923 1711 d,
935 1683 956 1705 ex

173 1726 274 1761 auctoritate
283 1726 349 1760 Veneti.
362 1746 384 1753 -
406 1726 445 1761 1.3.
457 1726 487 1762 καὶ
496 1725 589 1772 σεβάσμιον
599 1727 639 1759 Veu.
654 1744 674 1751 -
697 1725 709 1759 l.
718 1725 734 1761 7.
748 1726 782 1760 Pro
792 1725 903 1772 ἐπισκήπτειν
914 1729 956 1763 Ven.

173 1784 225 1817 habet
235 1781 346 1820 ἐπισκόοτειν.
361 1803 381 1809 -
398 1783 410 1817 l.
421 1783 447 1817 12.
460 1782 542 1827 δείξωμεν
549 1784 592 1816 ven.
599 1801 622 1808 -
639 1782 688 1817 125.
699 1781 808 1827 Πνθαγόριοι
817 1784 860 1818 Ven.
872 1803 893 1811 -
909 1785 922 1818 1.
928 1785 956 1822 26.

172 1838 282 1886 Ἀριστοτέλη
295 1842 338 1875 Ven.
350 1859 373 1867 -
396 1840 408 1874 1.
416 1840 444 1875 27.
455 1838 562 1885 ’Eumolpum
572 1841 616 1874 Ven.
627 1859 650 1865 -
673 1840 684 1873 l.
693 1840 721 1875 28.
732 1839 749 1875 Γ
750 1840 827 1885 οροὲηνοὶ
839 1841 901 1887 ubique
911 1842 957 1887 legi-

172 1905 201 1932 tur
212 1905 297 1932 exaratum
306 1897 324 1931 in
333 1899 375 1932 Veu.
389 1918 410 1924 -
433 1897 445 1932 l.
451 1898 480 1933 31.
492 1895 521 1934 διὰ
532 1896 599 1943 duple,
615 1897 645 1932 ul
657 1894 788 1943 βασιλεύσαντος
799 1898 848 1941 ven,
860 1910 903 1945 quae
913 1899 956 1934 scri-

173 1964 223 2001 ptura
235 1962 316 2000 praestat.
341 1955 419 1989 Ceterum
435 1966 499 2000 repone
518 1966 583 1988 comma
597 1960 637 1988 ante
653 1953 687 1990 διὰ.
699 1974 722 1981 -
745 1954 757 1988 l.
769 1954 834 1999 penult.
848 1956 913 1990 Vocab.
927 1956 957 1993 τοῦ

173 2020 213 2047 ante
225 2009 335 2057 Ἰονδαῖσμοῦ
345 2012 394 2046 abest
405 2025 415 2046 a
427 2014 470 2046 Ven.

219 2071 273 2117 rag.
283 2071 320 2107 1⁰.
341 2070 353 2104 l.
364 2071 378 2104 1.
389 2067 547 2116 Ἡμεροβατπιοταί
556 2070 634 2103 Ven-
657 2065 884 2115 1.8.α’λ1ὀῦχὶ11οο.-
907 2071 956 2107 l.13.

173 2127 282 2174 Βαρβηλιδοιί
293 2127 335 2161 ven.
346 2147 369 2153 -
391 2127 404 2161 l.
413 2127 440 2162 16.
452 2125 550 2171 Ἑπιφάνης
560 2125 591 2161 καὶ
603 2124 701 2171 Ἡσίδωρος
713 2128 756 2161 Ven.
775 2127 801 2159 De
814 2126 905 2172 Epiphanis
921 2129 957 2162 sive

173 2184 264 2230 Epiphanii
281 2185 350 2218 nomine
361 2196 377 2216 v.
388 2186 402 2217 Ι.
411 2186 430 2217 Β.
442 2184 515 2218 coteler.
527 2185 603 2217 Menum.
614 2183 660 2217 Eecl.
673 2184 703 2217 Gr.
712 2185 724 2225 l,
737 2196 754 2228 p.
761 2180 800 2217 768.
812 2203 835 2210 -
863 2185 875 2220 l.
884 2185 911 2219 2⁰.
923 2186 957 2219 Re·

173 2252 218 2287 pone
235 2253 256 2274 ex
273 2242 374 2275 auctoritate
385 2242 429 2275 Ven.
447 2248 575 2286 ceterorumque
591 2241 672 2274 librorum
690 2239 802 2285 Μαρκίωνες,
820 2241 866 2285 quod
882 2241 958 2276 similiter

174 2299 238 2332 dietum
249 2299 316 2333 videtur
327 2305 346 2331 ut
357 2295 466 2333 Οὐαλεντῖνοι
478 2299 541 2344 passim
551 2309 584 2342 pro
596 2295 740 2342 Οὖαλεντινιανοὶ,
758 2296 836 2334 Νανᾶτοι
852 2309 884 2343 pro
895 2298 958 2335 Ναυα-

175 2355 237 2397 τιανοί,
254 2363 272 2389 et
286 2355 319 2389 alia
337 2356 372 2388 eins
384 2355 449 2400 generis
460 2356 534 2389 nomina.
548 2374 568 2379 -
596 2355 607 2388 l.
615 2353 643 2389 26.
653 2354 775 2390 Κονιντιλιανοί
782 2356 828 2388 Ven.
841 2373 862 2381 -
884 2355 958 2390 lante-

175 2413 238 2457 penult.
255 2413 325 2458 depone
342 2424 363 2446 ex
374 2412 448 2445 omnium
464 2413 546 2446 librorum
562 2411 664 2446 auctoritate
680 2410 763 2446 Ναυᾶτοι.
781 2431 802 2437 -
830 2411 843 2446 l.
854 2412 885 2446 ult.
902 2414 958 2448 Verba

177 2468 292 2516 αἰοχρονιοιοὶ,
304 2481 320 2504 τ.
331 2481 346 2505 τ.
357 2465 459 2513 Ὡριγένειοι
470 2469 531 2502 absunt
541 2481 551 2502 a
562 2469 604 2503 Ven.

221 2528 322 2574 Pag.12.
344 2527 355 2560 l.
370 2529 385 2560 1.
396 2527 425 2561 τοῦ
437 2525 516 2559 articulus
534 2532 574 2570 post
585 2523 656 2561 Παύλου
668 2525 716 2559 abest
731 2527 795 2560 aven.
809 2544 829 2552 -
851 2527 902 2562 1.10.
915 2529 958 2562 Ven.

176 2584 219 2618 liber
230 2591 285 2625 ulrum
295 2579 381 2628 Ἀνόμοιοι
391 2583 461 2623 habeat,
472 2594 494 2616 an
505 2579 588 2627 Ἀνᾶμιοι,
600 2594 620 2616 ex
627 2582 694 2616 schedis
705 2582 747 2616 mihi
757 2582 859 2617 transmissis
865 2584 910 2618 haud
917 2584 958 2619 satis

176 2641 234 2686 liquet.
247 2660 268 2666 -
291 2640 396 2675 1.13.Ven.
412 2640 477 2685 plenius
492 2638 523 2683 τήν
535 2638 613 2675 ἓεοτὸκον
625 2638 656 2675 καὶ
666 2637 695 2676 αέὶ
706 2640 758 2684 παρδ.
769 2658 791 2666 -
814 2638 826 2673 l.
834 2639 863 2675 31.
880 2640 958 2678 Στωϊκοὶ

177 2699 219 2733 ven.
231 2696 302 2732 Στοῖνιοί
314 2698 350 2730 Bas.
363 2704 380 2730 et
392 2697 419 2731 ed.
431 2698 490 2730 Petav.
502 2696 561 2731 Colon.
572 2703 627 2741 repet.

222 2754 277 2801 Peg.
286 2754 322 2791 14.
344 2754 355 2787 l.
362 2753 378 2788 3.
390 2754 512 2797 Σωκρατείται
519 2754 561 2786 Ven.
572 2772 595 2779 -
617 2753 629 2787 l.
639 2753 656 2789 7.
667 2754 738 2798 Repone
746 2750 856 2799 Ἐπιμένης,
868 2754 894 2788 uti
902 2766 958 2801 supra.

177 2815 220 2847 llem
230 2811 242 2845 l.
251 2812 271 2845 10
283 2811 353 2844 restitue
367 2811 418 2844 codd.
429 2823 469 2843 mss.
487 2810 514 2853 (et
524 2811 576 2851 γοα.)
592 2810 692 2856 scripturam
705 2810 817 2856 Μαρκίωνες,
835 2818 854 2844 ut
865 2823 922 2856 supra.
936 2830 958 2838 -

176 2870 223 2906 1.27.
235 2869 340 2904 Μελιτιοινῶν
351 2868 385 2903 τῶν
397 2867 414 2903 ἐν
426 2867 449 2913 τῇ
460 2867 499 2911 Ali.
512 2877 539 2912 οχ.
551 2867 593 2901 Ven.
605 2885 628 2892 -
650 2867 681 2903 lin.
690 2867 718 2902 29.
730 2867 756 2914 τῷ
768 2867 824 2909 artie,
836 2874 876 2902 ante
887 2867 958 2914 πρώτῳ,

177 2927 225 2961 abest
236 2939 246 2960 a
257 2928 300 2961 Ven.
313 2945 334 2950 —
357 2925 369 2957 l.
382 2924 486 2969 antepenult.
499 2923 569 2968 εἴπαμεν
580 2924 623 2957 Ven.

224 2984 278 3031 rag.
287 2983 324 3020 16.
346 2981 358 3016 l.
365 2981 381 3015 2.
393 2982 435 3015 Post
452 2979 501 3026 ἁγίαν
518 2992 539 3014 ex
550 2980 588 3014 cod.
600 2983 643 3016 Ven.
658 2981 702 3015 adde
718 2980 792 3025 Μαρίαν.
805 3001 827 3008 -
849 2982 862 3034 l.
871 2983 887 3018 5.
900 2979 958 3026 καὶεί

177 3041 216 3086 περὶ
226 3042 274 3083 Ven„
285 3038 332 3085 quod
340 3045 425 3084 praestare
436 3038 508 3072 videtur.
521 3057 542 3062 -
559 3037 570 3071 L
581 3035 599 3072 9.
612 3038 653 3083 μιᾶς
664 3044 711 3072 extat
723 3038 773 3072 etiam
783 3038 800 3072 in
811 3039 853 3074 Ven.
866 3059 887 3065 -
910 3040 923 3074 l.
931 3039 958 3075 10.

178 3099 212 3144 τῆς
222 3104 262 3133 ante
274 3096 368 3143 καὲολικῆς
379 3096 427 3130 abest
438 3108 448 3129 a
459 3097 513 3136 Ven,
529 3094 558 3140 qui
568 3107 600 3140 pro
609 3094 686 3131 τουτέστι
695 3095 748 3130 habet
758 3095 849 3132 τουτέστιν.
864 3115 885 3123 -
908 3096 920 3131 l.
931 3096 957 3131 11.
