1988 3392
129 188 172 231 488
418 195 502 230 SANCTI
511 196 628 231 ΕΡΙΡΗΑΝΙΙ

130 281 167 321 τοῦ
180 275 272 333 άριθμοῦ
288 276 394 334 ἐμφέρεται
411 274 457 361 άγρι
471 280 506 331 τῇς
520 280 557 319 τοῦ
572 271 661 334 Χριστοῦ
675 279 791 335 παρουσίας.
822 277 863 320 Καὶ
877 274 915 335 γάρ

131 347 204 429 γενεαὶ)
214 345 401 404 παρεληλάθασιν’
391 346 433 390 απδ
452 344 543 400 Ἀδάμ”
531 364 569 398 εως
584 352 620 390 τοῦ
632 352 681 391 Νωε
695 348 755 400 δέκα,
773 344 835 390 ταδ’
823 345 863 390 απδ
879 352 915 390 τοῦ

133 414 209 459 Νῶε”
196 433 241 473 αγρι
257 420 293 458 τοῦ
310 413 399 472 Ἁβραάμ
415 414 568 468 άλλαιδέκα,’
557 434 599 460 απο
594 414 632 460 δὲ
643 435 680 461 του
671 415 781 473 Ἁβραάμ
791 414 842 501 άηρι
848 416 916 500 Λμβιδ

132 486 197 543 γενεαι
210 483 272 537 ιδ’,’
262 502 303 528 απο
298 482 337 528 δὲ
347 486 439 539 Δαβίδ”
427 502 464 536 εονς
474 490 510 540 τῆς
520 487 653 541 αἰχμαλωσίας
662 503 727 543 γενεαι
719 486 769 537 ιδ’,
785 487 818 529 καὶ
829 483 870 528 άπδ
881 489 917 539 τῆς

132 554 288 609 αἰχμαλωσίας“
276 571 314 604 εως
324 559 361 596 τοῦ
374 558 462 618 Χριστοῦ
473 555 536 610 γενεαί
549 553 582 607 ιδ,
598 573 626 604 ως
638 553 689 598 εἶναι
701 553 742 598 ἇπδ
752 572 788 597 του
779 551 885 608 ”Ἀδάμ”
872 571 917 610 αχρι
934 595 935 598 ,

98 656 101 679 ,³
134 627 223 679 Χριστοῦ
235 621 345 682 {Qum
346 621 383 665 δάο
398 620 473 678 γενεάς
503 625 587 684 Λίτινες
590 622 710 683 ξηκοντα
710 622 750 673 διά
751 622 803 686 τῇν
804 624 918 691 συντομίαν

132 691 261 761 ηραμηνται
291 692 333 733 Καὶ
349 689 387 746 γάρ
404 693 460 749 ἑντῇ
472 690 539 772 ε’ρήμω
554 691 729 775 ἓβδρμηκονταδάο
746 678 839 745 στελέγωυ
851 707 916 743 φοινι-

97 767 99 777 ³
134 765 177 803 κῶν
192 757 335 815 ὑπαρχόντων,
355 756 520 812 ἓβδομηκοντα
506 777 519 813 η
534 758 602 815 γραφῇ
616 759 713 814 ὠνόμασε.
744 760 785 801 Καὶ
797 761 825 808 εις
836 776 858 801 το
870 756 918 814 ὅρος

133 827 270 883 προςκεκλημέ
270 844 310 868 νων
326 825 475 880 ἒβδομῇκοντα,
498 826 636 881 ἕβδομῇκοντα
652 827 689 870 δύο
702 825 827 881 εὑρίσκονται
841 825 879 869 σάν
889 831 917 884 τῷ

133 893 199 947 Έλάδ,
214 896 249 937 καὶ
260 893 348 937 Μωδάδ.
379 895 421 937 Καὶ
432 894 571 949 ἑβδομήκοντα
582 894 619 938 δάο
630 894 806 953 4ἓρμηνεάσαντας
817 896 850 938 ἐπὶ
865 870 918 937 Πτά-

134 965 226 1017 λεμαίου,
247 963 281 1006 διά
291 963 313 1005 δὲ
322 961 359 1017 τῇν
371 966 481 1017 συντομίαν
493 964 594 1019 εἰώθαμεν
604 965 666 1021 λέγειν
680 969 720 1007 τῶν
732 963 870 1018 ἑβδομήκοντα
882 961 919 1018 τῇν

135 1032 246 1088 ἑρμηνείαν.
276 1030 338 1074 Ὀίίτω
347 1033 382 1075 καί
392 1036 429 1075 νῦν
439 1031 535 1088 ἑξήκοντα
546 1035 663 1087 βασίλισσαι,
679 1030 742 1088 οἶμαι,
758 1035 853 1090 εἴρηνται,
868 1033 919 1085 ἐξαι-

136 1103 237 1160 ρουμένου
248 1106 285 1146 τοῦ
296 1120 317 1146 τε
330 1100 411 1146 άνωθευ
423 1101 515 1161 άριθμοῦ
526 1104 561 1147 καὶ
572 1108 608 1147 τοῦ
619 1103 712 1148 κάτωθεν
722 1101 756 1147 διά
768 1102 791 1147 τά
803 1106 920 1159 μεσαίτατον

41 1189 75 1218 ισσ-
86 1179 124 1210 1⁰52.
137 1177 178 1216 τῶν
189 1172 284 1228 ἓξῇκοντα
296 1170 348 1229 πρδς
359 1171 436 1223 νάπους
446 1175 480 1216 καὶ
487 1172 598 1231 άναγωγῇν
607 1178 643 1229 τῆς
655 1176 728 1224 τελείας
737 1176 835 1230 θεωρίας·
851 1171 920 1228 ἔπειδῇ

136 1241 174 1300 γάρ
183 1241 209 1285 δι’
218 1244 241 1293 ἓξ
251 1241 342 1285 δεκάδων
352 1241 389 1297 τῇν
398 1246 434 1296 τῆς
445 1242 554 1300 ἒξαημὲρου
566 1247 695 1300 πληροῦσθαι
704 1245 799 1300 περίοδον
810 1245 920 1303 συμβαίνει,

138 1313 184 1362 5εἰς
199 1311 222 1354 τά
234 1311 372 1354 συνάπτεσθαι
386 1310 427 1354 άπδ
442 1310 526 1366 ἑκάστης
538 1316 605 1368 γενεάς
620 1309 682 1355 ὁσίων
694 1317 765 1368 ψυχῶν
777 1313 798 1355 ἒν
810 1315 852 1370 θεῷ
864 1314 920 1366 βασι·
938 1326 940 1328 “

136 1384 238 1423 λευουσῶν
249 1379 300 1423 κατά
310 1379 347 1436 τῇν
358 1383 428 1423 πίστιν.
453 1379 531 1424 Ἔνθεν
543 1379 581 1438 γάρ
597 1382 632 1423 καὶ
646 1383 669 1432 ἓξ
680 1379 749 1438 άδρίαι
763 1378 887 1437 εὑρίσκονται
899 1382 921 1424 ἐν

138 1453 197 1508 Κανηῖ
210 1453 246 1504 τῆς
258 1452 362 1499 Γαλιλαίας
372 1452 459 1501 λίθιναι,
475 1452 548 1500 αἳτινες
558 1452 651 1504 λείψασαι
662 1448 722 1493 πάλιν
736 1451 870 1534 ἐπληροῦντο,
885 1467 921 1505 γω-

138 1518 225 1575 ρησασαι
236 1520 258 1561 ἐν
268 1517 339 1568 αάταῖς
347 1516 387 1561 άνά
398 1518 494 1573 μετρητάς
505 1516 569 1561 δάο’1
530 1537 570 1584 η
570 1524 636 1583 τρεῖς,
652 1519 697 1573 περι
708 1523 744 1561 τοῦ
754 1520 827 1574 μέτρου
837 1523 873 1572 τῆς
884 1536 922 1584 πα-

138 1591 212 1653 λαιας
205 1604 242 1647 και
243 1587 295 1649 νέας
304 1585 405 1667 διαθῇκης
415 1604 449 1628 και
442 1581 541 1652 1τριμδος
549 1603 587 1628 του
577 1585 738 1642 πληρώματος·
754 1588 826 1635 αἰτινες
836 1585 877 1628 ιἰπδ
886 1575 922 1628 τοῦ

139 1640 244 1703 άδατος’
226 1671 254 1703 εις
266 1660 286 1696 οἰ
286 1672 322 1696 νον
334 1653 421 1709 άαρατον
436 1655 600 1708 μεταβέβληνται,
621 1659 759 1735 πληρριθεῐσαι
771 1655 800 1702 εἰς
812 1651 922 1709 εάφρασίαν

139 1715 209 1778 γάμων
220 1722 254 1764 καὶ
265 1723 316 1763 υίων
325 1725 365 1763 τῶν
376 1719 497 1776 άνθροίπωυ.
520 1718 598 1762 Ἔνθεν
609 1718 648 1776 γάρ
659 1738 681 1763 το
676 1720 824 1775 ἕξαγωνιαῑον
835 1725 922 1762 καλεῖται

139 1787 194 1844 παρά
207 1794 251 1838 τοῖς
263 1790 339 1839 ἔξωθεν
351 1787 417 1844 λόγοις
433 1786 468 1830 διά
478 1786 559 1845 τριάδος
567 1789 601 1830 καὶ
611 1787 724 1843 ἑβδομάδος
734 1790 762 1839 εἰς
772 1789 870 1831 εἰκοσιίνα
880 1788 923 1845 άρι-

139 1856 195 1912 θμάν
209 1855 391 1913 γεωμετρούμενον,
410 1851 435 1899 σά
450 1857 581 1912 ἓξαγωνιαίου
596 1860 683 1910 σημασία
698 1859 740 1900 ἐστὶ
754 1855 873 1912 πληροίσεως
887 1861 924 1900 τοῦ

140 1924 216 1976 παντὸς
226 1923 330 1983 δρωμένου
340 1923 425 1979 κάτονς,
440 1923 474 1968 διά
485 1923 507 1969 τδ
518 1930 600 1984 τετραχῆ
610 1927 671 1982 ἔχειν,
690 1924 717 1979 οδς
728 1929 802 1981 εἰπεῖν,
821 1925 844 1971 τά
857 1943 925 1983 τειρα-

139 1993 224 2054 γάνιον,
245 1994 369 2054 δποβάθραν
379 2014 399 2040 τε
412 1997 447 2040 καὶ
460 1995 497 2053 τῇυ
509 1994 589 2041 άυωθεν
600 2001 635 2053 τῇς
647 1994 769 2056 άροφάσεως
779 1998 855 2055 σκέπην
867 1999 925 2042 ἕκτον

141 2064 230 2125 άριθμάν
244 2072 310 2111 τελεῖν.

197 2205 249 2249 Ἀλλ’
259 2208 292 2249 ἵνα
307 2204 335 2261 μῇ
351 2207 379 2256 εἰς
394 2205 468 2256 πλάτος
483 2204 566 2261 μηκάυω
577 2205 613 2250 τάν
621 2204 681 2262 λόγον
686 2239 692 2258 ,
711 2204 771 2249 πάλιν
787 2209 862 2256 ἱκανάς
876 2207 926 2261 ἔχειν

141 2278 214 2330 νομίζω
227 2276 272 2331 περὶ
285 2278 326 2317 τῶν
335 2273 431 2328 ἑξήκοντα
441 2276 560 2329 βασιλισσιδν
570 2276 609 2325 ἕως
619 2279 654 2329 τῆς
664 2278 701 2316 τοῦ
715 2277 804 2330 Χριστοῦ
815 2277 926 2330 παρουσίας

141 2348 214 2401 γενεῶν
231 2342 386 2400 άριθμηθεισῶν
400 2343 425 2386 τά
441 2345 544 2399 εἰρημένα·
564 2343 613 2398 μετά
628 2344 650 2386 δὲ
666 2341 702 2385 τδν
714 2342 803 2400 Χριστὸν
821 2344 856 2386 καὶ
866 2346 926 2400 δεῦρο

142 2417 281 2468 τυγχανουσῶν
295 2410 367 2455 λοιπδυ
382 2417 454 2468 γενεοῖν
471 2411 543 2463 καθείς
559 2412 614 2471 αὐτῷ
626 2417 654 2471 τῷ
665 2414 728 2470 κυρίῳ
742 2410 925 2471 1μάνρεέγνωσταιΙ

145 2482 219 2525 Οὐκέτι
228 2480 266 2539 γάρ
277 2479 328 2525 κατά
338 2480 407 2537 γενεάν
417 2483 438 2524 οἰ
447 2480 534 2537 άριθμοὶ
544 2480 599 2538 παρά
611 2496 662 2524 τισιν
673 2478 823 2535 άνηνέχθησαν,
844 2479 858 2534 ᾖ
869 2497 925 2523 κατε-

143 2550 253 2605 τάχθησαν,
265 2549 299 2592 διά
310 2549 332 2592 τά
343 2551 501 2605 ἒπισφραγίσθαι
510 2548 545 2592 τάν
554 2547 643 2605 άριθμδν
652 2554 688 2602 τῆς
698 2547 791 2601 τοιαύτης
800 2546 926 2600 ὑποθέσεως,

143 2619 178 2660 καὶ
194 2618 349 2660 ἀποκεκλεῖσθαι
365 2616 400 2659 διά
413 2621 449 2659 τοῦ
465 2621 506 2658 τῶν
521 2619 641 2670 βασιλεσσῶν
658 2615 747 2672 άριθμοῦ
765 2617 803 2664 ἕως
817 2616 880 2658 αὐτοῦ
891 2620 927 2670 τῆς

144 2684 244 2740 ἒνσάρκου
255 2687 366 2739 παρουσίας
376 2682 522 2738 ᾖριθμημένου.
552 2683 634 2726 Λοιπάν
644 2682 682 2740 γάρ
695 2686 717 2725 οἰ
727 2683 830 2737 μετέπειτα
842 2696 926 2739 συγγρα-

144 2758 200 2806 φεῖς,
215 2750 367 2809 ᾖλογογράφοι,
383 2750 548 2808 ᾖγρονογράφοι,
564 2750 578 2807 ᾖ
590 2750 766 2809 θίστοριογράφοι,
783 2749 850 2795 οὐκέτι
859 2750 928 2808 γενεάς

143 2823 278 2879 ἀριθμοῦσιν,
299 2820 362 2876 ἀλλ’ἢ
375 2822 472 2876 βασιλέων
486 2819 522 2871 τάς
534 2820 628 2876 διαδοχάς
639 2821 673 2864 καί
684 2818 770 2877 χρόνους
781 2818 832 2862 κατά
844 2819 878 2864 τάν
888 2825 927 2865 τῶν

144 2893 194 2936 ἐτοῖν
204 2890 294 2951 άριθμδν
305 2891 389 2935 ἑκάστου
400 2890 501 2947 βασιλέως.
524 2889 581 2943 ’Ὡςά
593 2890 703 2944 ἐξάπαντος
715 2883 738 2933 εὖ
754 2888 805 2946 μάλα
823 2889 858 2935 τάν
870 2905 927 2936 σννε-

167 3009 339 3070 ίέμμηνείσαντας
354 3014 399 3046 codd
411 3014 442 3046 len.
458 3012 524 3053 Βλιεδλς.
546 3014 614 3053 princip.
632 3008 756 3056 ἐρμηιεύσαντ-
751 3013 927 3053 εςεαεμίιοιυεεεὶΡε-

145 3037 198 3094 Ροιίε.
227 3058 361 3103 ὲρμηιεύοανται
377 3061 434 3092 vitium
450 3061 472 3091 est
466 3059 524 3091 tedii.
547 3061 609 3100 λαυὶοε,
620 3055 927 3102 ιωιιυιδικεαοικεσλιυανιἑρμηνεύ-
