1988 3392
245 246 339 282 rnuauu
351 244 394 281 ma
402 248 432 280 ru.
443 248 500 282 rou.
508 249 522 282 ι.
534 246 601 281 unua.
611 242 694 281 uxxuu.
819 230 862 277 227

75 329 169 372 inductus
184 335 268 371 aeterno
285 329 323 371 deo
335 328 418 384 eiusque
434 327 505 385 spiritu
516 335 586 370 saneto
598 326 691 384 neglecto
702 326 726 367 ad
738 333 783 368 tuas
794 332 862 383 partes

77 397 162 440 transire
172 397 237 449 malit,
255 395 278 439 ac
291 397 315 439 de
326 397 395 454 genito
407 397 444 438 deo
455 397 586 454 disputantem
599 395 675 447 audiat,
692 401 714 437 ut
725 402 745 437 et
756 395 863 451 ipse-inter

77 467 149 510 stultos
159 473 286 517 numeretur,
302 474 323 506 et
332 474 441 507 creatorem
454 468 495 518 loeo
506 469 600 507 creatoris
610 469 693 507 odorare
703 466 811 513 condiscat,
828 466 864 517 qui
870 476 915 507 nom.
925 478 939 514 1,
945 476 966 506 ιι.

77 536 253 577 estbenedterusz'o
266 537 355 584 soeculo,
376 539 455 576 Aureo?
484 533 528 577 Nos
543 536 594 576 euim
608 542 697 577 creatum
713 548 754 575 uon
767 532 862 574 habemus

78 605 181 647 deomant
193 604 329 655 faetum‚'sed
340 603 458 656 increatum,
475 610 517 646 eta
529 604 582 645 nullo
594 604 707 655 conditum,
724 617 736 645 a
746 608 803 659 patre
815 615 864 643 uero

77 673 121 715 siue
135 672 192 714 initio
209 672 249 714 ullo
267 687 290 714 ao
306 680 395 729 tempore
410 673 506 728 genitum.
538 670 637 728 Quicquid
652 673 672 714 in
689 673 725 714 hac
739 670 802 727 gerriti
815 684 866 712 uoce

79 741 189 784 calumniae
201 741 301 783 struxeris
311 749 331 783 et
343 741 435 797 ambigue
445 741 555 798 usurparis,
572 755 615 783 eam
627 741 663 783 abs
675 749 694 783 te
704 741 811 782 dictione·
825 753 865 780 nou

79 810 194 862 admittam,
214 810 294 851 tametsi
311 824 337 851 ue
353 809 382 851 ita
398 809 476 865 quidem
493 810 579 865 accipias
595 817 617 851 ut
631 817 687 866 patre
702 809 786 851 inferior
801 809 866 850 factus

80 878 224 920 assedit-atur:
245 880 577 932 Nequeem'mospz'ru'soollrgoot
590 893 648 926 ocos,
670 893 730 932 oeque
746 893 772 918 aa
788 878 866 918 tribulet
889 881 948 946 {laffid-

74 948 139 1001 ficos,
163 959 229 1002 ueque
246 946 270 987 alr
288 960 312 987 eo
329 945 362 1002 qui
379 960 468 988 errorem
486 953 567 988 secutus
584 954 615 988 est
632 961 701 988 sanum
722 961 745 988 ae
765 945 866 988 sincerum
902 938 907 953 ’
934 941 938 948 '

80 1016 152 1069 dogma
162 1013 261 1070 proficisci
273 1020 346 1070 potest.
378 1013 447 1069 Quare
463 1014 554 1056 domiuus
569 1015 612 1071 ipse
624 1014 725 1056 silentium
737 1014 866 1056 daemonibus

80 1083 164 1136 indixit,
187 1085 226 1135 Ωιι·
235 1097 256 1122 se
268 1084 365 1123 Christum
377 1097 418 1123 esse
426 1083 546 1137 fatebuntur.
578 1081 637 1138 Quod
649 1091 715 1126 autem
727 1083 752 1125 ad
763 1093 962 1132 sacrarumuue.a,a1.

81 1152 182 1193 literarum
192 1151 311 1193 senteutiam
323 1159 415 1193 exactum
426 1151 472 1194 esse
483 1151 570 1193 libellum
579 1150 634 1193 illum
643 1151 727 1205 asseris,
744 1150 783 1204 dic,
797 1150 869 1192 amabo

82 1227 113 1271 te,
135 1233 231 1276 quaenam
245 1218 325 1262 divinae
339 1220 450 1276 scripturae
465 1234 511 1276 pars
523 1221 597 1262 factum
609 1221 667 1262 deum
684 1220 806 1262 adoraudum
824 1233 869 1261 esse

82 1289 180 1330 docuerit.
212 1285 271 1342 Quod
282 1288 335 1329 euim
344 1287 445 1344 ingenitus
453 1289 480 1331 sit
490 1289 548 1340 deus,
564 1288 640 1331 dubitat
650 1302 716 1330 nemo.
747 1287 780 1330 Ao
790 1288 869 1330 tarnetsi

82 1355 197 1398 nominatim
213 1356 260 1398 illud
275 1358 296 1398 iu
309 1355 414 1413 scripturis
428 1371 547 1413 expressum
560 1372 599 1398 uon
614 1358 685 1409 fuerit,
707 1355 834 1398 nihilomiuus
848 1363 870 1398 ut

83 1425 156 1466 dedeo
168 1431 285 1467 constanter
299 1425 326 1465 ita
343 1426 453 1480 cogitemus
470 1439 494 1466 ae
506 1426 645 1481 profiteamur,
667 1440 711 1466 oiim
727 1431 783 1467 reeta
798 1426 870 1481 piaque

83 1492 145 1544 ratio,
162 1498 202 1533 turn
214 1493 318 1548 prudentia
329 1493 371 1549 ipsa
382 1493 496 1549 persuadet.
528 1494 591 1535 Addis
604 1508 665 1546 vero,
688 1508 727 1549 quo
740 1493 827 1534 athletae
841 1493 869 1534 illi

84 1561 124 1613 tui,
145 1560 177 1603 vel
194 1560 270 1601 erroris
287 1562 353 1616 potius
370 1560 432 1612 socii,
461 1561 538 1602 facilius
556 1562 679 1618 intelligant,
695 1561 872 1617 >quemadmodum

84 1629 140 1671 brevi
151 1635 210 1684 atque
221 1628 315 1684 expedita
327 1629 418 1671 oratioue
429 1629 535 1685 uuicuique
545 1630 654 1671 obiectioni
665 1630 809 1685 respondeant,
825 1643 872 1670 vcr-

85 1711 142 1740 suum
155 1710 211 1738 more
223 1703 242 1737 te
252 1696 329 1751 singula
341 1697 406 1753 capita
418 1697 534 1752 digessisse.
566 1697 701 1753 Quamobrem
713 1698 762 1739 haee
771 1697 816 1753 ipsa
830 1704 871 1749 tua,

84 1772 107 1807 ut
116 1764 194 1820 quidem
208 1764 324 1817 existimas,
346 1765 471 1816 firmissima,
493 1767 528 1807 sed
546 1766 654 1822 sophistica
670 1772 799 1822 argumenta,
821 1779 872 1820 quae

85 1833 110 1874 ad
126 1833 256 1874 confutandos
274 1834 430 1888 praestantiores
446 1847 535 1889 quosque
552 1834 670 1884 elaborasti,
692 1841 714 1875 ut
730 1848 753 1875 os
768 1840 823 1874 tuum
839 1847 873 1875 su-

86 1900 147 1959 perbe
160 1907 230 1942 eontra
240 1900 346 1942 veritatem
358 1900 479 1954 extolleres,
496 1901 545 1944 lraec
557 1915 605 1954 uos,
622 1902 711 1958 inquam,
728 1902 778 1944 viles
789 1909 810 1943 et
822 1901 873 1943 idio-

86 1978 130 2023 tae,
152 1982 217 2025 ueque
234 1983 261 2011 ex
279 1969 416 2026 primariorum
434 1969 512 2012 illorum
526 1984 621 2023 numero,
642 1972 677 2012 sed
694 1971 794 2027 plerisque
806 1971 839 2027 qui
852 1971 874 2012 iu

86 2045 155 2082 saneta
165 2037 197 2079 dei
209 2037 295 2080 ecelesia
306 2046 414 2080 censentur
423 2030 542 2091 inferiores,
559 2040 659 2091 refutare,
680 2039 709 2081 uti
721 2039 821 2092 diximus,
838 2053 874 2095 ag-

85 2106 199 2164 gredimur,
220 2112 308 2149 aetnam
323 2105 377 2149 illam
388 2106 509 2149 inconditam
525 2107 720 2164 abiectissimamque
731 2108 874 2164 loquacitatem

87 2176 189 2219 refellere.
612 2232 614 2235 ι

145 2242 184 2287 lll.
196 2242 238 2288 Sed
246 2244 342 2287 adversus
353 2250 407 2287 tuum
415 2244 462 2287 illud
471 2244 593 2301 prooemium
602 2244 698 2288 hacteuus
708 2244 828 2303 disputatum
833 2251 873 2287 est.
883 2295 886 2300 ‚

88 2312 155 2358 Venio
171 2329 224 2357 nuuc
241 2314 265 2356 ad
280 2313 327 2356 illud
343 2321 422 2357 tuorum
439 2313 524 2371 capitum
540 2314 669 2372 principium,
692 2316 744 2371 quod
758 2314 791 2356 uti
803 2328 875 2372 propo-

89 2399 162 2438 suero,
183 2385 281 2427 adversus
292 2397 450 2440 unamquamque
461 2398 531 2426 vocem
543 2391 564 2426 et
574 2391 633 2440 eaput
644 2398 700 2426 suam
712 2384 852 2427 refutationem
864 2397 875 2425 e

90 2454 153 2498 sacris
163 2453 227 2496 literis
236 2467 259 2495 ac
269 2460 325 2495 recta
335 2453 413 2496 ratione
424 2454 567 2511 depromptam,
580 2453 618 2495 hoc
629 2460 660 2496 est
670 2453 778 2511 logicarum
788 2453 875 2495 omnium

90 2532 169 2568 tuarum
184 2522 321 2579 quaestionum
338 2523 488 2565 dissolutionem
504 2537 612 2580 opponam:
634 2530 656 2565 ut
668 2538 712 2566 cum
726 2524 758 2566 dei
770 2522 836 2575 servi,
853 2522 877 2563 ii-

91 2595 174 2650 demque
183 2591 275 2635 veriores
292 2592 391 2645 athletae,
412 2606 439 2635 ex
455 2593 480 2635 iis
492 2593 566 2635 uostris
578 2606 636 2648 quarn
647 2593 733 2636 absurda
745 2592 772 2635 sit
787 2591 878 2634 doctriua

91 2671 126 2706 tua
137 2661 252 2713 didicerint,
266 2659 373 2714 irrideant,
390 2668 410 2704 et
422 2662 470 2705 illud
481 2669 588 2718 usurpent:
605 2663 700 2716 Superbia
711 2664 775 2703 cordis
790 2664 820 2702 toi
829 2663 953 2708 laeetana,
965 2670 981 2698 ra

93 2733 195 2787 tibisecit:
216 2738 238 2772 ιιι
251 2732 300 2772 enim
310 2732 466 2772 dicistilroeoz'n
482 2734 653 2785 cogitationum,
674 2734 783 2772 Ascendom
799 2735 819 2772 iu
836 2746 879 2772 eoe-
912 2713 946 2742 ‘qq'

93 2805 143 2853 lom,
166 2808 186 2842 et
200 2814 260 2854 supro
271 2801 339 2841 stelles
350 2802 401 2841 coeli
411 2815 482 2854 pooom
496 2804 584 2842 thronum
600 2815 674 2841 meum:
697 2801 765 2841 sedebo
783 2803 878 2841 tormonte

118 2914 144 2950 14.
156 2915 190 2959 σῆς
200 2916 225 2948 ed
235 2916 351 2950 Peneconn.
358 2919 406 2957 repet.
415 2918 476 2952 vitiose.
523 2915 549 2951 to.
560 2915 590 2952 τοῦ
600 2917 657 2949 otttom
672 2920 695 2949 est
705 2917 741 2949 edit.
757 2916 812 2948 Petro.
825 2916 878 2948 Geton.

118 2962 144 2996 15.
157 2959 240 3007 εὐσεβῶς,
251 2962 294 3003 qnod
302 2963 350 3003 culpo
359 2963 402 2995 coest
412 2964 433 2995 ol>
442 2965 476 2996 edi·
498 2967 546 3005 repet.

49 3021 51 3027 ι
94 3008 400 3052 ιιι,τεροειιίιωιιιωᾳιιεωιιά.ιιιεε.
423 3011 476 3051 dpno-
501 3036 503 3039 Α
523 3008 669 3054 17.βραχυτῆτῡς
684 3009 777 3041 occidensa-
791 3008 881 3047 nterqneet

94 3058 123 3091 sot
134 3055 208 3088 cornera·
221 3055 273 3087 vasio
284 3052 350 3087 dedeo
361 3054 389 3098 pie
400 3052 434 3088 hoe
445 3066 476 3089 co—
499 3057 536 3089 edit.
546 3057 597 3097 petae.
621 3052 729 3098 βραχύτητος
738 3054 762 3086 ed.
773 3054 827 3086 Pelen.

95 3101 154 3149 gitare

696 3155 743 3201 15*
