1988 3392
234 234 328 269 ennanu
341 234 384 268 uro.
394 235 424 269 ur.
435 235 493 270 rom.
502 235 515 269 r.
526 233 594 268 naun.
604 233 687 267 cxxvi.
814 226 855 268 197

66 316 167 371 dicamus,
183 323 233 375 quae
247 317 271 361 ad
285 316 459 375 contemplationis
471 317 602 361 imitationem
615 315 708 373 pertinet.
740 312 810 373 Quare
821 316 855 359 ad-

65 402 137 431 versus
147 387 249 442 Arianos,
271 388 304 445 qui
316 388 347 430 dei
360 389 419 431 lilium
432 395 519 431 creatum
534 402 579 431 esse
593 394 673 445 putant,
694 385 747 430 illius
760 388 856 443 procede·

65 458 99 499 bat
110 457 169 500 ratio.
199 456 257 501 Unde
274 465 356 515 postea,
381 473 425 500 cum
438 458 462 500 ab
475 458 557 500 Arianis
572 457 621 514 ipsis
635 457 673 498 boc
686 464 717 498 est
728 455 823 499 Eudoxio
835 464 856 499 et

65 524 194 582 Menophilo,
211 540 235 567 ac
246 527 340 582 reliquis,
358 526 497 568 commuuione
509 527 597 582 privatus
609 532 676 576 esset,
693 526 774 566 eosdem
786 539 855 567 eoram

65 594 185 648 imperatore
198 594 311 651 redarguit,
333 609 428 636 asserens
439 595 490 635 idem
503 608 525 636 se
537 594 625 650 proliteri
636 608 659 634 ac
671 593 748 635 sentire
760 609 804 636 cum
815 596 855 636 illis

65 662 164 703 omuibus.
195 660 284 714 Verum,
300 664 413 719 inquiebat,
430 664 481 717 quod
492 676 553 717 penes
566 676 597 703 rnc
608 676 677 702 verum
691 669 735 711 est,
751 662 784 703 isti
797 663 855 703 dissi-

65 729 152 780 martana,
174 736 194 770 et
206 730 257 784 quod
268 745 306 786 ego
320 745 368 786 prae
379 744 410 771 mc
425 731 479 780 lero,
502 730 600 784 acpalam
614 729 722 779 confiteor,
743 729 771 771 illi
784 744 855 771 ornnes

66 811 105 839 non
118 797 235 849 diffitentur,
258 800 293 841 sed
309 800 446 840 fraudulenter
462 797 565 852 obtegunt.
597 796 677 838 Etenim
690 797 722 853 qni
739 806 779 840 turn
791 798 855 856 impe-

65 867 133 922 rabat,
156 868 180 911 ab
193 868 268 911 Ariana
287 870 319 912 illa
337 868 438 926 tragoedia
454 881 577 925 nequaqnam
595 867 728 921 abhorrebat,
749 870 784 911 sed
797 868 817 912 iu
830 884 853 912 ca

65 940 139 982 tuenda
155 939 248 996 pictatem
260 955 283 982 ac
294 940 411 996 religionem
427 939 494 980 inesse
507 937 544 979 sibi
557 945 693 995 persuaserat.
725 936 818 996 ldemque
831 941 853 982 li-

65 1009 112 1050 lium
128 1016 239 1050 creaturam
258 1024 303 1051 esse
319 1010 357 1050 dici
373 1008 476 1050 molestius
494 1008 581 1058 l'crelrat,
604 1007 725 1063 proindeque
741 1009 821 1051 Atilium
833 1010 853 1051 iu

66 1077 148 1118 exilium
165 1077 250 1131 relegari
266 1077 337 1127 iussit,
354 1085 374 1118 ut
390 1084 449 1117 antea
467 1076 601 1117 narravimus.

122 1144 175 1186 Hinc
186 1158 250 1185 novae
263 1146 352 1187 haeresis
364 1145 469 1200 primordia
482 1144 566 1185 carradata
578 1151 636 1194 sunt,
653 1151 712 1199 atque
722 1157 749 1186 ex
761 1145 798 1186 boc
810 1159 851 1187 uno
865 1156 905 1200 cap.
917 1156 945 1190 tv.

64 1219 182 1267 argumento
192 1214 317 1266 multiplicem
331 1215 354 1254 ad
366 1213 462 1254 nralorurn
474 1219 563 1266 segetem
581 1212 675 1252 baeretici
690 1212 775 1253 bortrinis
787 1214 854 1255 subla·

65 1289 96 1323 tus
106 1281 183 1322 animus
194 1288 233 1321 tam
245 1281 281 1322 sibi
293 1296 351 1335 quana
361 1280 403 1322 suis
413 1279 550 1335 gravissimam
560 1280 637 1335 plagam
648 1279 728 1320 inflixit.
760 1278 799 1335 Qui
810 1281 853 1336 qui-

64 1350 108 1392 denr
127 1363 196 1391 ornnes
214 1356 288 1392 tautam
305 1350 328 1391 ad
346 1350 462 1391 eaecitatem
479 1347 645 1404 insolentiamque
664 1349 752 1405 provecti
770 1357 817 1391 sunt
831 1357 853 1393 ut

64 1421 110 1463 illud
127 1420 187 1476 vulgo
203 1419 311 1471 iactarent,
335 1419 386 1462 Tana
405 1418 508 1477 perspicue
525 1419 581 1461 deum
599 1418 657 1468 riori,
681 1432 704 1459 ac
715 1426 788 1461 tantam
800 1420 851 1463 illius

65 1491 154 1533 notitiam
166 1504 209 1531 sum
222 1498 354 1541 consecutus,
378 1497 398 1531 ut
413 1504 438 1531 uc
450 1491 544 1544 meipsum
556 1489 633 1544 quidem
644 1488 715 1530 melius
726 1504 783 1545 quam
794 1491 851 1532 deruu

64 1559 163 1601 noverint.
201 1558 253 1601 Sunt
271 1568 291 1600 et
308 1559 346 1601 alia
367 1558 509 1615 quanrplurinra
528 1572 579 1613 quae
596 1559 620 1598 de
638 1559 708 1599 eodem
730 1560 850 1615 arrccpimus,

64 1628 226 1683 quemadmodum
238 1642 274 1682 per
283 1628 337 1668 illum
350 1627 440 1667 diabolus
452 1627 546 1666 maiorem
560 1626 579 1666 iu
592 1627 671 1666 modum
682 1627 701 1666 id
713 1628 777 1680 egerit
788 1635 809 1668 ut
818 1642 852 1668 ca·

64 1702 128 1751 ptatas
147 1694 245 1736 hominurn
262 1695 338 1736 animas
352 1696 371 1735 in
385 1695 467 1735 exitium
482 1694 576 1734 traheret.
608 1692 687 1733 Etenim
700 1694 752 1735 nulla
765 1696 815 1750 apud
828 1696 852 1736 il·

64 1764 94 1804 los
104 1776 152 1803 cura
164 1763 276 1804 sanctitatis
286 1770 328 1813 cst,
345 1769 378 1802 aut
391 1761 522 1812 ieiuniorum,
538 1769 572 1819 aut
585 1762 721 1802 mandatorum
734 1763 779 1814 dei,
797 1771 852 1804 cete-

64 1845 156 1872 rarumve
175 1844 241 1872 rerum
260 1845 310 1886 quae
328 1829 441 1871 bominibus
455 1829 522 1870 divino
539 1829 631 1870 mandato
644 1829 778 1886 praescriptae
795 1839 850 1873 sunt.

66 1899 133 1958 Atque
144 1900 167 1942 ad
181 1899 247 1942 omnia
263 1915 322 1943 unum
332 1899 352 1942 in
366 1905 456 1957 prorrrptu
467 1898 550 1941 verbum
561 1898 601 1941 illis
613 1905 651 1942 est.
683 1896 705 1941 lu
717 1914 756 1956 quo
768 1901 851 1958 perinde

64 1970 103 2013 illis
114 1970 190 2013 accedit
201 1985 224 2012 ac
238 1971 338 2027 naviganti
350 1970 420 2021 alicui,
438 1970 470 2026 qui
483 1969 582 2011 eiectione
593 1968 687 2012 mercium
699 1970 785 2013 onuriurn
799 1972 850 2014 lacta

63 2040 161 2098 quidpiam
176 2054 244 2082 eorum
260 2055 309 2097 quae
320 2040 341 2082 in
352 2054 423 2082 navem
434 2039 524 2095 imposita
537 2046 584 2080 sunt
595 2040 712 2092 retinuerit,
734 2048 780 2097 puta
791 2041 850 2084 fictile

10 2129 13 2130 ⁷
63 2110 142 2166 aliquod
153 2123 200 2161 vas,
217 2115 251 2150 aut
263 2108 345 2151 alterius
355 2109 444 2164 generis,
461 2108 518 2149 cuius
531 2107 631 2163 praesidio
644 2115 705 2150 totum
718 2123 773 2162 mare
784 2111 850 2151 nando

63 2178 167 2228 traiicere,
189 2191 213 2218 ac
226 2178 309 2219 salutem
326 2190 443 2231 comparare
459 2176 496 2217 sibi
512 2176 586 2230 possit:
607 2176 640 2229 qni
656 2175 673 2217 si
686 2175 752 2230 aliquo
763 2178 849 2218 fortasse

63 2259 111 2286 casu
128 2244 237 2295 exciderit,
261 2257 325 2299 neque
341 2257 368 2285 ex
380 2244 415 2284 illo
430 2257 479 2284 vase
491 2256 548 2298 quem
562 2242 654 2297 sperabat
665 2243 740 2285 exitum
754 2235 850 2300 consequi

64 2312 161 2370 potuerit,
184 2319 223 2353 tum
236 2326 286 2353 vcro
297 2312 388 2353 ductibus
400 2311 482 2352 haustus
494 2317 556 2352 totum
567 2310 605 2351 hoc
618 2311 719 2365 negotium
731 2326 775 2353 cum
786 2313 851 2354 salute

63 2380 206 2439 pessumdabit.
238 2377 273 2422 Sic
285 2381 355 2422 Aetius
367 2379 448 2436 eiusque
460 2386 571 2421 sectatores
583 2378 683 2420 Arromoei
696 2381 746 2435 quud
758 2382 777 2421 in
789 2395 850 2422 evan-

63 2451 116 2509 gelio
128 2451 201 2493 dictum
215 2450 317 2493 adomino
331 2449 404 2507 legitur
419 2449 526 2492 afferentes
539 2448 559 2491 iu
571 2449 670 2503 medium,
692 2449 760 2493 verbis
771 2451 850 2508 quidem

62 2522 111 2579 ipsis
127 2528 220 2572 utuntur,
242 2522 277 2563 sed
294 2535 362 2563 eorum
381 2521 422 2563 vim
440 2535 484 2562 cum
502 2522 557 2562 recte
573 2534 613 2561 uon
628 2519 750 2576 intelligant,
772 2522 850 2578 utrique

63 2592 193 2633 vehementer
211 2590 313 2632 aberrant.
327 2605 329 2607 ·
349 2587 400 2632 Cum
416 2590 468 2632 enim
485 2603 593 2631 occurrens
609 2589 634 2631 iis
651 2589 722 2645 aliquis
738 2591 850 2633 divinorum

63 2667 213 2718 praeceptorum
231 2659 350 2702 mentionem
370 2659 446 2711 iniicit,
469 2673 496 2701 ex
512 2658 565 2700 illius
584 2659 703 2700 auctoritate
720 2659 766 2701 dicti
787 2660 849 2702 subii·

63 2729 126 2779 ciunt,
143 2728 190 2769 nibil
200 2727 251 2769 aliud
261 2742 273 2768 a
284 2727 341 2769 nobis
352 2728 443 2782 flagitare
452 2728 510 2769 deum
522 2741 579 2782 quam
589 2733 610 2768 ut
620 2742 764 2782 cognoscamus
772 2730 845 2785 ipsum,

64 2796 226 2851 quemadmodum
241 2792 334 2836 Christus
345 2795 452 2836 declaravit
464 2795 494 2835 bis
505 2794 585 2836 verbis:
605 2798 636 2834 nu
648 2798 705 2848 ipsis,
724 2801 795 2848 puter!
814 2800 955 2843 lta-locuntur.

66 2865 111 2903 bere
121 2866 141 2903 r'n
151 2865 219 2916 scepsis
228 2865 299 2903 ortam:
321 2864 368 2901 haee
378 2869 408 2901 est
418 2870 480 2902 nutem
493 2866 544 2911 nitu,
561 2869 582 2901 ut
593 2870 712 2915 cognoscunt
722 2870 740 2904 te
748 2866 809 2904 solum
820 2879 852 2904 oe·

87 2954 104 2988 3.
116 2954 178 2997 μᾶλλον
190 2955 252 2986 enanis
262 2956 326 2987 inclusit
338 2954 421 2987 Petuntur.
494 2953 511 2987 7.
527 2955 599 2986 Fortasse
618 2956 682 2999 χεῖρας.
714 2956 851 2995 Quemadmodum

88 2997 105 3035 4.
117 3001 190 3041 donasse
201 2997 232 3035 ant
243 2996 268 3040 u<
279 2999 345 3040 bernala-
471 2998 515 3047 μετὰ
522 3003 581 3046 χεῖρας
590 2997 681 3047 λαμβάνειν
692 3002 734 3035 eurr
743 3003 761 3036 tn
770 3002 814 3040 beer.
822 3000 850 3039 ab.

89 3048 106 3082 5.
119 3044 172 3092 φόρου
183 3048 214 3083 τοῦ
225 3045 301 3092 ποιήσας
314 3049 360 3082 codd.
372 3057 410 3082 mss.
495 3050 512 3086 tt.
524 3049 600 3094 suspicor
611 3045 660 3093 ἔφην.

90 3092 106 3129 d.
119 3090 205 3139 νήξασθαι
216 3095 251 3131 cod.
266 3096 333 3142 Rbedr'p.
