1988 3392
116 261 120 265 .
146 239 187 281 aas
448 211 621 281 ruhsxnsrolr.

168 326 227 371 gitium
237 336 295 359 eorum
306 324 419 358 execrandum
425 325 442 359 in
451 325 525 370 profun—
572 325 621 361 eoelo
630 325 726 361 inisseeum
731 333 808 373 asserunt
815 326 857 363 ibid.
868 347 890 355 -
901 328 929 370 hic

169 383 250 417 dendoet
262 381 351 428 perdendo
363 382 427 416 semine
438 386 479 416 225.
572 391 598 417 est
613 382 631 416 in
647 383 695 417 Eden
711 382 734 417 ad
751 384 836 417 orientem
854 383 928 419 consitus

145 439 222 483 Origenis
237 439 312 473 haeresis
326 441 354 471 tt.
371 439 407 472 sive
425 439 484 473 ordine
497 451 527 473 se·
573 438 617 473 uude
629 439 662 473 fuit
674 439 749 474 deiectus
762 439 815 474 Adam
827 442 867 474 5⁷³.

168 496 252 542 ragesima
262 502 322 541 quarta
330 498 370 528 624.
381 515 403 522 -
416 495 452 530 eius
462 508 525 541 paren·
549 497 613 531 Pascha
630 508 680 542 quam
696 497 764 531 incerto
782 496 810 531 die
828 509 838 531 a
854 496 929 542 pluribus

167 560 194 587 tes
210 561 228 587 et
242 553 296 598 patria
312 559 382 598 totaque
400 552 470 587 historia
485 553 526 587 ibid.
572 554 624 588 fuerit
637 553 741 588 celebratum
752 556 792 588 421.
821 544 823 547 ⁵

169 610 221 645 -in
231 610 292 645 Christi
302 609 336 644 fide
347 610 442 645 constantia
453 612 527 645 525.-
550 611 635 646 Paschatis
649 610 737 646 celebritas
749 611 886 647 observationem
897 613 930 647 tri-
955 648 957 653 ,

169 669 244 704 eiusdem
251 669 309 715 lapsus
319 668 359 703 ibid.
367 688 389 695 -
401 668 466 704 mavult
476 668 527 704 sacri-
573 669 635 716 plicem
643 670 713 717 requirit
722 672 763 705 823.
774 691 795 697 -
819 677 860 716 post
870 671 930 717 aequi-

170 728 220 763 ficare
230 727 282 762 idolis
294 739 343 774 quam
354 735 431 774 stuprum
440 727 476 774 pati
485 725 527 760 ibid·
573 728 649 762 noctium
664 728 746 764 celebrari
761 729 824 771 debet,
841 728 889 775 quod
901 730 930 763 lu-

170 806 193 813 -
204 786 239 820 eius
249 785 355 832 poenitentia
363 785 405 820 ibid.
415 805 435 811 -
452 785 473 819 ab
485 787 527 819 hut-
573 785 809 821 daeiuonservantibid.-
827 786 890 821 Pascha
899 787 929 821 nri·

171 844 227 879 brosio
238 844 297 878 missus
310 843 429 878 commentaria
440 842 498 877 scribit
510 843 527 876 in
572 844 834 879 nime14.lunacelebrandnm
845 847 884 879 824.

171 902 271 947 scripturam
279 901 350 936 ibid-
362 901 397 935 eius
403 901 527 935 lucubrationes
551 902 657 936 Patriarchae
671 909 736 936 veteres
748 901 853 936 Christianos
870 901 931 936 adum-

171 973 191 995 ao
203 959 259 994 studia
270 959 350 994 acerrima
361 970 392 1004 per
405 961 431 993 28.
444 970 497 993 annos
510 957 527 991 in
574 959 624 993 braut
634 961 651 991 6.

171 1019 219 1064 Tyro
230 1019 302 1051 5tt.-
325 1016 408 1050 editiones
418 1028 475 1050 sacrae
485 1014 528 1048 scri·
550 1016 658 1051 Patriarchae
675 1017 727 1051 Iudae
742 1017 835 1058 historiae,
855 1024 873 1051 et
888 1028 931 1063 quae

171 1082 231 1121 pturae
242 1075 263 1109 ab
275 1086 296 1109 eo
308 1073 387 1119 proditae
397 1073 439 1108 ibid.
573 1074 592 1108 in
601 1074 666 1108 balneis
674 1074 700 1108 illi
709 1074 813 1120 contigerint
823 1077 863 1108 tat.
871 1081 889 1109 et
899 1074 932 1110 de-

149 1132 226 1178 Origenis
244 1131 327 1166 editiones
347 1138 364 1164 et
384 1130 469 1166 volumina
486 1140 529 1175 quae
574 1131 638 1178 inceps.

171 1189 249 1236 flexapla
258 1189 337 1223 dicuutur
347 1191 386 1222 526·
394 1207 417 1214 -
429 1188 451 1221 ob
460 1186 529 1220 nimiam
552 1190 650 1224 Patriarcha
660 1189 761 1224 ludaeorum
771 1201 820 1224 sacro
830 1189 932 1235 baptismate

172 1248 258 1281 literarum
268 1246 334 1291 copiam
344 1244 405 1279 incidit
414 1244 431 1277 in
440 1243 529 1284 haeresim,
575 1246 651 1281 initiatus
663 1249 702 1280 128,

172 1304 217 1339 unde
228 1303 332 1349 Origenistae
341 1302 383 1345 ibid.
390 1322 412 1328 -
424 1301 453 1335 alii
463 1314 474 1335 a
483 1300 530 1346 prio-
552 1304 660 1338 Patriarohae
666 1302 838 1338 duodecimalacobo
845 1303 931 1349 genitiltl.

171 1363 217 1397 ribus
234 1361 262 1407 qui
279 1360 321 1395 dicti
337 1366 378 1393 sunt
395 1358 443 1393 foedi
455 1360 494 1391 52⁷.
507 1376 529 1383 -·
552 1361 606 1394 Patris
626 1373 699 1406 persona
717 1372 752 1394 non
772 1360 813 1394 satis
833 1360 932 1405 exprimitur

172 1419 247 1464 seipsum
262 1416 352 1456 castravit,
369 1415 392 1449 ad
402 1414 490 1449 illecebras
502 1414 529 1447 vi-
564 1417 628 1451 -verho
640 1417 714 1462 lngeniti
731 1419 769 1450 866.
781 1435 805 1442 -
829 1417 873 1451 circa
890 1417 933 1451 haec

172 1476 243 1516 tendas,
260 1481 278 1508 et
290 1473 415 1507 medicamento
431 1470 530 1504 memoriam
575 1473 700 1508 haereticorum
710 1473 749 1507 lona
762 1473 845 1518 quaedam
857 1476 897 1507 868,
910 1493 932 1501 .-

172 1531 253 1566 excitavit
263 1530 305 1564 ibid.

540 1543 542 1553 ¹
576 1530 590 1563 si
601 1530 638 1575 quis
645 1522 697 1563 lilium
706 1529 778 1563 similem
787 1530 833 1575 patri
842 1530 933 1564 voluntate

150 1588 246 1635 Origeniani
256 1594 305 1621 erant
313 1586 389 1631 plerique
401 1583 479 1618 monachi
489 1582 530 1616 ibid·
540 1588 543 1641 l
576 1595 593 1621 et
604 1586 699 1621 substantia
710 1585 808 1620 dissimilem
818 1586 881 1620 dixerit
890 1597 932 1620 aua-

173 1666 196 1674 -
207 1646 229 1680 ab
235 1644 268 1678 illis
275 1644 323 1678 Arius
329 1649 347 1677 et
355 1641 411 1675 Ariani
417 1639 459 1673 ibid
467 1658 489 1666 -
501 1651 530 1672 er-

174 1715 221 1738 rores
226 1700 374 1747 Origenisihitl.-
385 1696 484 1731 testimonia
490 1696 530 1729 scri·

174 1769 233 1807 pturae
247 1759 268 1793 ab
279 1770 299 1792 eo
310 1756 377 1803 prolata
388 1757 428 1790 528.
440 1763 473 1781 -·
486 1752 531 1787 unde

174 1829 235 1865 corpus
251 1816 306 1862 δέμας
324 1822 342 1849 et
358 1811 416 1861 ψυχήν
433 1811 507 1847 animam
520 1822 531 1846 a

175 1876 244 1914 Graecis
255 1875 317 1910 dictant
327 1880 376 1920 putet
385 1871 426 1907 ibid.
434 1890 453 1898 ω
465 1870 531 1905 infinita

175 1947 229 1983 prope
239 1933 306 1980 scripsit
315 1934 354 1967 529.
365 1952 388 1959 -
405 1930 441 1965 eius
454 1929 488 1964 vita
499 1941 531 1963 au·

175 2003 226 2039 stera,
237 2000 255 2027 et
263 1998 357 2027 ascetarum
366 1988 456 2024 consimilis
462 1986 532 2022 ibid.-

175 2054 215 2087 fons
225 2051 261 2085 eius
272 2060 348 2084 errorum
358 2047 400 2083 ibid.

576 1644 633 1678 thema
648 1643 671 1677 sit
685 1646 725 1678 869.
738 1663 764 1672 -.
784 1643 842 1677 sedin
856 1642 933 1677 omnibus

576 1700 621 1746 patri
631 1699 689 1733 similis
700 1700 776 1734 estfilius
786 1700 827 1734 ibid.
836 1719 859 1727 -
871 1700 934 1735 Valen-

576 1757 598 1791 tis
610 1765 628 1791 et
637 1757 694 1791 Basilii
706 1758 792 1805 episcopi,
805 1758 847 1792 item
857 1757 935 1793 Marcelli

577 1819 654 1863 Ancyrae
666 1815 750 1863 episcopi,
769 1816 827 1864 quales
839 1829 890 1863 super
900 1816 935 1851 hoc

577 1875 641 1910 fuerint
658 1875 778 1910 attestationes
797 1878 837 1910 869.
853 1895 876 1902 -
906 1873 935 1922 qui

577 1933 652 1979 episcopi
667 1934 706 1969 huic
719 1934 815 1969 sententiae
829 1934 935 1980 subscripse-

577 1992 612 2025 rint
630 1994 669 2028 870.
686 2012 708 2018 —
738 1992 820 2028 dissensio
836 1991 935 2026 interillos

576 2049 673 2084 haereticos
682 2050 723 2084 ibid.
732 2069 754 2076 -
767 2050 876 2085 Constantius
882 2050 935 2096 impe-

153 2113 255 2145 Ossenorum
268 2107 342 2141 haeresis
356 2116 399 2152 quae
409 2110 436 2138 est
445 2110 493 2137 sexta
502 2102 533 2136 tu-'
556 2119 557 2122 ¹
578 2114 626 2141 rator
636 2107 671 2142 ittig
682 2108 752 2142 favebat
762 2107 803 2142 Μ

118 2173 120 2175 “
176 2168 257 2203 dacorum
268 2168 324 2200 39.—
348 2163 393 2197 uude
404 2161 486 2206 originem
495 2166 532 2193 tra-
556 2165 602 2199 Pauli
613 2165 661 2199 locus
671 2177 692 2199 er
703 2166 775 2211 epistola
785 2166 867 2201 autom.
879 2165 935 2212 expli-

176 2226 202 2260 uit
210 2228 239 2259 tu.
248 2243 270 2250 -
287 2222 331 2256 unde
340 2221 359 2254 id
370 2231 432 2254 nomen
441 2217 533 2252 deductum
579 2231 625 2258 carus
638 2223 693 2269 rapite
704 2224 777 2270 septimo
790 2226 831 2258 ⁵76.

177 2283 247 2318 ibid—
260 2280 374 2315 adorientem
386 2275 533 2322 negtfltatlorass·
556 2281 616 2315 Paulus
633 2281 706 2316 Graecus
721 2282 808 2316 Tarsensis
824 2281 858 2315 fuit
876 2287 936 2326 postes

177 2342 218 2375 dum
228 2351 276 2379 esse,
288 2336 319 2371 sed
329 2347 387 2370 versus
397 2332 533 2378 Hierosolymam
578 2339 675 2384 proselytus
688 2341 727 2373 149,

177 2397 319 2432 adooeasumtn.
331 2412 351 2419 -
367 2390 448 2425 sacrificia
455 2389 534 2423 reiiciunt
556 2396 616 2430 paulus
635 2396 724 2442 apostolus
741 2396 816 2441 gentium
837 2408 858 2430 30
874 2406 935 2441 pram

177 2455 246 2489 ibid—
257 2452 373 2496 iidemignem
379 2445 505 2483 dafflssflfltlbld·
513 2464 533 2471 ··
579 2456 643 2487 Lucam
654 2454 735 2487 comitem
747 2452 837 2499 assumpsit
850 2454 878 2486 50.
891 2454 918 2486 61.

178 2523 238 2558 aquarn
248 2510 322 2556 probant
336 2507 413 2541 ibid-
442 2503 533 2538 wulfidem
558 2511 616 2544 Paulus
627 2510 722 2556 linguarum
733 2510 766 2544 fuit
776 2509 886 2556 peritissimus
897 2511 936 2543 ast.

178 2568 244 2605 somnia
250 2568 272 2602 de
278 2563 392 2601 Christolbffl·
400 2582 420 2588 -
433 2572 492 2595 essfflm
497 2572 534 2593 ⁰¹³·
558 2569 617 2602 Paulus
634 2567 705 2602 obscure
720 2566 751 2601 sed
764 2575 811 2601 recte
825 2567 882 2602 omnia
892 2565 935 2612 pro·

178 2629 203 2662 tio
215 2625 256 2660 ibid.
267 2645 289 2650 —
306 2620 424 2667 interpretatio
433 2618 534 2662 singularum
581 2625 665 2659 nuntiavit
677 2627 716 2659 552⁸

178 2695 240 2721 vocum
251 2685 279 2716 43.
558 2683 635 2716 Paulinus
657 2681 773 2716 Antiochenus
796 2682 899 2716 catholicum
916 2691 935 2714 se

157 2743 197 2777 Ovis
204 2739 272 2776 victima
280 2737 384 2775 ludaeorum,
396 2744 445 2767 ovem
457 2731 475 2765 in
486 2742 535 2765 cruce
580 2739 671 2784 profitetur
682 2740 733 2771 1015,
745 2758 766 2764 ...
787 2738 883 2783 exemplum
892 2736 937 2770 filiu,

179 2805 270 2834 mactatam
281 2792 380 2838 designabat
393 2793 420 2824 20.
581 2795 692 2841 professionis
702 2795 743 2830 ibid.

157 2852 225 2895 Ου’σῑας
234 2863 296 2888 ”Omen
306 2845 535 2884 Guflfl‘llllssssffiifflffl‘
558 2852 605 2887 Pauli
621 2852 727 2886 samosateni
744 2851 818 2886 haeresis
834 2855 862 2885 45.
879 2851 938 2886 ordine

180 2913 252 2961 gitatum
264 2911 304 2942 859.
582 2912 610 2943 65.
628 2912 667 2943 aot.
680 2929 701 2935 -
725 2909 793 2954 quaudo
809 2915 828 2943 et
845 2909 873 2943 uhi
888 2915 938 2943 natos

581 2967 623 3002 ibid.
636 2987 658 2993 —
681 2967 716 3001 cius
728 2966 786 3012 opinio
797 2979 829 3012 qua
840 2965 936 3001 Artemonis

337 3012 355 3047 P·
582 3024 664 3059 haeresim
679 3023 820 3071 renovavit608.
833 3044 854 3051 -
878 3022 937 3071 quibus

157 3087 246 3126 Patalis&
265 3082 349 3119 leffesffls
364 3078 400 3126 ‘1⁰3⁵
415 3084 432 3111 ‘t
444 3075 473 3110 ”bl
484 3072 537 3109 suelli
583 3083 653 3120 exlocis
663 3083 756 3129 scripturae
765 3095 812 3117 suum
824 3082 886 3130 dogma
895 3092 938 3116 cou-

182 3151 221 3184 stt.
238 3166 260 3174 -·
290 3142 386 3180 refutantur
404 3135 432 3183 qui
448 3134 466 3169 itt
483 3132 536 3168 t⁶f1l0
582 3141 687 3181 firmetibid.
700 3162 721 3170 -
734 3141 768 3177 eins
778 3141 860 3177 refutatio
870 3139 939 3176 ibid.-
