1988 3392
190 256 283 290 PnNARu
294 255 338 289 Lte.
346 256 376 289 ΙΙΙ.
392 256 448 290 ΤΟΜ.
456 257 478 292 ΙΙ.
496 256 632 291 expostum.
645 255 741 290 CATHOL.
817 246 858 289 531

75 335 178 393 sequentis
196 335 307 378 dominicae
324 334 445 390 gallicinium
460 337 504 379 sine
519 336 564 379 cibo
577 336 722 379 transmittunt.
751 333 862 391 Pervigilia

77 414 125 448 uero
138 418 175 446 sex
189 404 271 457 obeunt,
288 418 311 446 ae
324 403 405 445 totidem
418 418 515 460 synaxes,
533 420 582 461 quae
593 412 635 447 tota
647 403 805 460 Quadragesima
816 410 861 460 post

76 475 144 517 boram
163 487 235 515 nouam
252 475 276 515 ad
293 485 397 529 vesperam
417 487 480 529 usquc
499 474 632 516 celebrantur.
663 473 692 515 At
707 473 823 528 quibusdam
839 473 861 514 iu

76 541 125 585 lueis
136 542 156 583 iu
169 556 192 583 ea
204 542 267 584 solum
281 547 351 594 noete,
368 554 418 597 quae
429 541 517 596 quintam
529 543 598 584 leriam
609 543 712 599 sequitur,
729 541 779 582 etin
791 540 861 582 leriam

76 619 154 654 sextam
166 610 249 661 desinit,
266 617 325 665 atque
336 610 357 651 iu
368 624 392 651 ea
405 623 456 664 quae
467 609 584 651 dominicam
598 611 708 661 antecedit,
733 609 860 666 pervigilant.

76 678 128 722 Aliis
144 678 162 720 in
179 679 228 720 loeis
240 677 307 733 quinta
320 677 369 719 leria
383 678 444 720 divini
458 677 548 734 mysterii
561 679 625 721 cultus
638 679 686 720 bora
701 679 760 721 tertia
773 677 863 719 celebra·

76 756 121 799 tur,
138 754 197 801 atque
209 747 236 788 ita
247 746 316 788 missio
326 747 392 802 populi
404 747 426 787 lit
437 753 457 787 ut
469 747 489 787 iu
500 748 600 788 aridorum
611 762 647 789 usu
661 747 776 803 persistant.
807 745 864 787 Alibi

76 829 125 858 vero
140 815 201 856 divini
219 814 309 871 mysterii
322 814 387 856 cultus
399 828 439 856 non
452 815 508 870 prius
518 815 612 856 indicitur
624 830 682 871 quam
696 815 807 857 dominicus
819 813 863 854 dies

76 884 165 926 illuxerit
181 897 225 924 cum
242 882 278 924 sub
293 883 390 937 gallorum
407 890 485 924 cautum
504 883 608 924 dimittitur
623 883 716 939 populus,
737 884 758 925 iu
774 881 819 938 ipsc
829 895 862 923 re·

77 951 207 995 surrectionis
224 952 275 992 leste
292 964 316 992 ac
332 949 410 992 solenni
426 949 596 1005 celeberrimoque
608 949 712 992 Paschatis
726 951 769 1002 die,
793 963 862 1004 quem-

76 1019 178 1061 admodum
196 1018 337 1074 praescriptum
357 1025 395 1059 cst.
434 1015 493 1071 Quod
509 1019 533 1059 ad
550 1018 589 1059 alia
604 1019 701 1074 mysteria
719 1018 817 1074 pertinet,
840 1023 863 1059 ut

76 1086 168 1144 baptismi
179 1093 200 1128 et
209 1100 260 1142 quae
271 1084 368 1127 interiora
380 1093 437 1137 sunt,
454 1099 478 1127 ea
489 1086 559 1128 ritibus
570 1085 610 1129 illis
621 1101 645 1128 ac
656 1085 776 1129 ceremoniis
788 1085 863 1128 obeun-

77 1163 120 1207 tur,
142 1169 192 1210 quae
207 1168 235 1196 ex
255 1154 361 1210 evangelio
380 1161 401 1195 et
421 1154 556 1210 apostolorum
574 1155 693 1197 auctoritate
713 1168 737 1196 ac
757 1153 863 1195 traditione

76 1223 178 1282 profectae
193 1229 247 1265 sunt.

134 1289 175 1334 lam
192 1306 241 1333 vero
257 1291 309 1347 quod
320 1292 345 1333 ad
357 1298 446 1334 mortuos
457 1299 547 1348 spectat,
569 1291 685 1334 nominatim
695 1291 776 1333 illorum
787 1291 863 1332 mentio
897 1293 938 1338 cap.

76 1361 105 1414 lit,
122 1375 146 1403 ae
154 1374 225 1417 preces
235 1367 255 1403 et
265 1360 364 1402 sacrificia
372 1361 508 1417 mysteriaque
519 1362 678 1417 frequentantur.
709 1358 822 1402 blatutinae
832 1359 863 1401 in·
884 1340 939 1373 xxii

77 1443 137 1486 super
146 1430 215 1471 laudes
224 1428 245 1471 in
256 1428 339 1470 eeclesia
352 1428 456 1481 catholiea,
473 1429 621 1484 matutinaeque
633 1443 705 1485 preces
717 1428 797 1470 assidue
811 1428 863 1470 cele-

76 1492 170 1551 brantur,
191 1497 304 1539 lucernales
318 1496 365 1539 item
379 1497 450 1553 psalmi
461 1505 481 1539 et
498 1497 609 1540 orationes.
640 1496 706 1540 Porro
720 1498 863 1539 mornacbcrum

76 1566 109 1609 alii
118 1566 140 1608 in
151 1566 233 1609 urbibus
244 1567 330 1622 degunt,
353 1565 387 1608 alii
398 1566 418 1608 iu
434 1567 561 1608 monasteriis
573 1567 673 1620 habitant,
696 1573 716 1608 et
727 1566 751 1608 ab
762 1566 864 1607 bominum

77 1635 188 1692 frequentia
204 1635 283 1691 lougius
301 1635 418 1678 abscedunt.
449 1634 558 1678 Nonnullis
578 1650 627 1678 vero
640 1636 738 1692 prolixior
750 1649 805 1677 coma
822 1634 864 1694 pla-

78 1706 129 1758 cuit,
151 1704 257 1747 saneticris
270 1704 363 1746 videlicet
373 1703 458 1747 instituti
469 1719 553 1757 caussa,
575 1705 595 1746 id
606 1706 658 1762 quod
669 1712 740 1762 suapte
751 1704 863 1758 voluntate,

78 1773 120 1817 sive
141 1773 239 1830 evangelii
259 1781 379 1830 praecepto,
403 1781 437 1816 aut
457 1775 592 1831 apostolorum
613 1775 757 1831 approbatione
780 1774 863 1815 faciunt.

78 1842 131 1886 Nam
140 1841 322 1901 apostulusPaulus
334 1845 416 1885 formam
426 1843 523 1886 eiusmodi
534 1851 592 1899 atque
603 1844 676 1885 cultum
687 1843 794 1886 abdicavit.
811 1840 864 1885 Sunt

79 1920 99 1954 et
109 1913 147 1954 alia
158 1913 178 1954 in
189 1913 258 1954 eadem
275 1911 371 1954 catholica
383 1913 468 1954 ccclesia
480 1912 570 1954 instituta
583 1912 665 1954 vivendi
677 1912 810 1969 praestantia,
833 1912 864 1953 ui-

79 1982 149 2024 uiirum
164 1983 215 2037 quod
232 1981 266 2023 alii
281 1981 374 2023 carnibus
390 1996 473 2038 prorsus
489 1980 613 2034 abstineant,
635 1989 674 2023 tam
686 1981 834 2038 quadrupedum
845 1987 865 2022 et

80 2052 145 2093 avium
158 2064 214 2107 quam
225 2049 320 2106 piscium,
343 2064 380 2091 nec
393 2065 432 2092 uon
445 2051 489 2092 ovis
502 2064 525 2092 ae
539 2064 607 2092 caseo.
638 2048 689 2092 Tum
702 2051 741 2092 alia
753 2058 800 2093 sunt
812 2050 865 2092 vitae

80 2134 162 2174 genera,
178 2126 283 2176 propterca
294 2119 345 2174 quod
357 2123 486 2174 unresqmtqee
497 2122 599 2160 seeundum
608 2122 708 2173 proprium
719 2120 803 2160 laborem
814 2133 864 2160 mer·
870 2128 941 2166 acme,
946 2130 961 2159 e.

80 2191 141 2230 eedem
153 2191 240 2242 accipiet.
272 2185 337 2243 Igitur
349 2195 396 2230 sunt
407 2188 440 2245 qui
453 2188 492 2230 illis
507 2188 599 2230 omnibus
610 2188 722 2231 abstineant
734 2188 767 2230 alii
780 2189 866 2244 quadru-

81 2258 162 2314 pedibus
176 2258 285 2309 duntaxat,
307 2257 342 2298 sed
358 2257 429 2299 avibus
444 2257 553 2299 acceteris
566 2264 683 2299 vescuntur.
712 2256 754 2299 Alii
767 2257 825 2299 etiam
841 2256 865 2299 ab

81 2326 150 2369 aribus
159 2332 278 2382 temperant,
295 2338 333 2368 ova
344 2332 364 2366 et
373 2326 438 2382 pisces
448 2326 548 2368 adhibent.
576 2326 618 2368 Alii
630 2326 687 2368 etiam
700 2341 738 2368 uva
747 2326 865 2382 repudiant;

81 2403 127 2437 sunt
144 2396 176 2452 qui
191 2394 245 2437 solos
263 2394 328 2451 pisces
344 2394 451 2437 retineant.
483 2393 560 2450 Quibus
577 2394 665 2436 nonnulli
681 2395 740 2437 etiam
752 2394 865 2448 abstinent,

82 2464 114 2519 qui
135 2471 200 2506 tamen
221 2477 301 2505 caseum
320 2463 358 2505 sibi
377 2464 504 2520 permittunt3
525 2463 559 2506 alii
573 2477 623 2504 vero
639 2477 698 2506 caseo
714 2478 754 2506 uon
774 2471 865 2506 utuntur.

82 2530 190 2575 Praeterea
208 2532 311 2588 quidnma
327 2546 378 2589 pauc
390 2533 502 2587 abstineut,
523 2532 600 2589 quidam
618 2532 643 2574 ab
659 2533 752 2575 arborum
771 2532 867 2576 fructibus

83 2609 103 2643 et
114 2602 176 2644 coetis
189 2600 291 2653 omnibus,
313 2600 402 2658 plerique
417 2602 469 2644 bumi
487 2602 581 2644 cubitant.
612 2601 654 2643 Alii
670 2602 728 2644 nudis
743 2603 826 2659 pedibus
844 2617 867 2645 ac

82 2670 125 2713 sine
137 2670 277 2714 calceamentis
292 2668 395 2713 incedunt.
426 2670 467 2713 Alii
483 2670 581 2713 oecultum
598 2670 684 2713 cilicium
702 2672 780 2724 ferunt,
803 2671 868 2728 quiid

83 2737 218 2793 laudabiliter,
234 2738 313 2781 virtutis
324 2739 413 2792 scilieet,
433 2746 467 2782 aut
479 2739 613 2795 poeniteutiae
625 2753 696 2783 caussa
708 2742 783 2783 lerunt.
813 2739 867 2782 Nam

84 2807 167 2851 cilicium
178 2809 241 2866 palam
253 2822 277 2850 ae
287 2820 335 2864 prae
350 2821 372 2850 se
384 2808 438 2850 ferre
453 2809 519 2850 minus
531 2808 624 2850 decorum
636 2808 727 2861 videtur,
748 2810 800 2865 quod
810 2808 867 2850 insti-

85 2877 140 2919 tulere
152 2876 249 2920 nonnulli.
279 2874 351 2932 Neque
363 2876 407 2932 plus
418 2877 497 2919 decoris
511 2877 581 2929 babet,
597 2883 620 2919 ut
631 2877 732 2930 diximus,
753 2878 805 2933 quod
817 2891 868 2919 non·

84 2944 142 2987 nullis
156 2946 222 2989 visum
237 2953 280 2998 est,
300 2959 345 2988 cum
361 2944 446 2988 vinculis
462 2946 513 2988 cello
528 2945 596 2988 inditis
608 2945 710 2988 incedere.
743 2944 784 2988 Sed
799 2960 869 3001 quam-

84 3012 163 3068 plurimi
172 3015 253 3058 balneas
265 3028 363 3071 nunquam
374 3013 449 3057 vident.
479 3013 576 3057 Nonnulli
587 3014 668 3056 saeculo
680 3016 707 3056 ita
719 3015 867 3067 renuntiarunt,

85 3082 204 3127 utleviores
221 3084 315 3140 quasdam
330 3090 384 3126 artes
401 3097 425 3125 ac
442 3083 506 3126 miuus
523 3083 637 3139 negotiosas
648 3083 687 3125 sibi
704 3082 753 3139 ipsis
765 3085 870 3140 excogita·

677 3152 730 3196 34*
