<?xml version="1.0" encoding="UTF-8"?>
<!DOCTYPE html PUBLIC "-//W3C//DTD XHTML 1.0 Transitional//EN"
    "http://www.w3.org/TR/xhtml1/DTD/xhtml1-transitional.dtd">
<html xmlns="http://www.w3.org/1999/xhtml" xml:lang="en" lang="en">
 <head>
  <title>
</title>
<meta http-equiv="Content-Type" content="text/html;charset=utf-8" />
  <meta name='ocr-system' content='tesseract 3.04.00' />
  <meta name='ocr-capabilities' content='ocr_page ocr_carea ocr_par ocr_line ocrx_word'/>
</head>
<body>
  <div class='ocr_page' id='page_1' title='image "./MN41650ucmf_1/MN41650ucmf_1_0141.png"; bbox 0 0 1988 3392; ppageno 0'>
   <div class='ocr_carea' id='block_1_1' title="bbox 234 207 854 251">
    <p class='ocr_par' dir='ltr' id='par_1_1' title="bbox 234 207 854 251">
     <span class='ocr_line' id='line_1_1' title="bbox 234 207 854 251; baseline -0.003 -1"><span class='ocrx_word' id='word_1_1' title='bbox 234 214 328 250; x_wconf 82' lang='lat' dir='ltr'><strong>ruuaau</strong></span> <span class='ocrx_word' id='word_1_2' title='bbox 339 215 383 251; x_wconf 80' lang='lat' dir='ltr'><strong>cru.</strong></span> <span class='ocrx_word' id='word_1_3' title='bbox 390 217 420 251; x_wconf 89' lang='lat' dir='ltr'><strong>ur.</strong></span> <span class='ocrx_word' id='word_1_4' title='bbox 433 216 489 251; x_wconf 84' lang='lat' dir='ltr'><strong>rou.</strong></span> <span class='ocrx_word' id='word_1_5' title='bbox 497 216 511 251; x_wconf 88' lang='lat'><strong>1.</strong></span> <span class='ocrx_word' id='word_1_6' title='bbox 520 215 590 251; x_wconf 77' lang='lat' dir='ltr'><strong>unua.</strong></span> <span class='ocrx_word' id='word_1_7' title='bbox 601 215 684 249; x_wconf 80' lang='lat' dir='ltr'><strong>Lxxur.</strong></span> <span class='ocrx_word' id='word_1_8' title='bbox 813 207 854 248; x_wconf 77' lang='lat'><strong>119</strong></span> 
     </span>
    </p>
   </div>
   <div class='ocr_carea' id='block_1_2' title="bbox 63 295 926 768">
    <p class='ocr_par' dir='ltr' id='par_1_2' title="bbox 63 295 870 686">
     <span class='ocr_line' id='line_1_2' title="bbox 63 295 870 355; baseline -0.001 -16"><span class='ocrx_word' id='word_1_9' title='bbox 63 296 97 339; x_wconf 89' lang='lat' dir='ltr'><strong>illa</strong></span> <span class='ocrx_word' id='word_1_10' title='bbox 110 296 232 353; x_wconf 87' lang='lat' dir='ltr'><strong>praedicant.</strong></span> <span class='ocrx_word' id='word_1_11' title='bbox 263 295 337 340; x_wconf 92' lang='lat' dir='ltr'><strong>Nullus</strong></span> <span class='ocrx_word' id='word_1_12' title='bbox 348 297 400 340; x_wconf 91' lang='lat' dir='ltr'><strong>enim</strong></span> <span class='ocrx_word' id='word_1_13' title='bbox 414 298 452 346; x_wconf 84' lang='lat' dir='ltr'><strong>iam</strong></span> <span class='ocrx_word' id='word_1_14' title='bbox 464 298 510 341; x_wconf 92' lang='lat' dir='ltr'><strong>illos</strong></span> <span class='ocrx_word' id='word_1_15' title='bbox 521 298 585 355; x_wconf 87' lang='lat' dir='ltr'><strong>pudor</strong></span> <span class='ocrx_word' id='word_1_16' title='bbox 598 296 698 346; x_wconf 87' lang='lat' dir='ltr'><strong>retardat,</strong></span> <span class='ocrx_word' id='word_1_17' title='bbox 721 309 786 353; x_wconf 91' lang='lat' dir='ltr'><strong>neque</strong></span> <span class='ocrx_word' id='word_1_18' title='bbox 798 310 854 338; x_wconf 88' lang='lat' dir='ltr'><strong>man·</strong></span> <span class='ocrx_word' id='word_1_19' title='bbox 868 315 870 317; x_wconf 96' lang='lat'>·</span> 
     </span>
     <span class='ocr_line' id='line_1_3' title="bbox 64 365 854 424; baseline 0.001 -17"><span class='ocrx_word' id='word_1_20' title='bbox 64 367 111 407; x_wconf 91' lang='lat' dir='ltr'><strong>dato</strong></span> <span class='ocrx_word' id='word_1_21' title='bbox 126 365 166 407; x_wconf 92' lang='lat' dir='ltr'><strong>ullo</strong></span> <span class='ocrx_word' id='word_1_22' title='bbox 182 366 264 409; x_wconf 69' lang='lat' dir='ltr'><strong>coerciti</strong></span> <span class='ocrx_word' id='word_1_23' title='bbox 281 366 427 409; x_wconf 71' lang='lat' dir='ltr'><strong>simulationem</strong></span> <span class='ocrx_word' id='word_1_24' title='bbox 445 367 542 424; x_wconf 88' lang='lat' dir='ltr'><strong>quandam</strong></span> <span class='ocrx_word' id='word_1_25' title='bbox 560 381 583 409; x_wconf 87' lang='lat' dir='ltr'><strong>ae</strong></span> <span class='ocrx_word' id='word_1_26' title='bbox 599 366 686 422; x_wconf 88' lang='lat' dir='ltr'><strong>speeiem</strong></span> <span class='ocrx_word' id='word_1_27' title='bbox 702 379 750 422; x_wconf 89' lang='lat' dir='ltr'><strong>prae</strong></span> <span class='ocrx_word' id='word_1_28' title='bbox 765 366 854 408; x_wconf 85' lang='lat' dir='ltr'><strong>selerne</strong></span> 
     </span>
     <span class='ocr_line' id='line_1_4' title="bbox 65 432 854 492; baseline 0 -15"><span class='ocrx_word' id='word_1_29' title='bbox 65 441 176 491; x_wconf 80' lang='lat' dir='ltr'><strong>coguntur,</strong></span> <span class='ocrx_word' id='word_1_30' title='bbox 198 449 223 477; x_wconf 91' lang='lat' dir='ltr'><strong>ne</strong></span> <span class='ocrx_word' id='word_1_31' title='bbox 234 449 286 478; x_wconf 89' lang='lat' dir='ltr'><strong>nova</strong></span> <span class='ocrx_word' id='word_1_32' title='bbox 298 443 318 478; x_wconf 88' lang='lat' dir='ltr'><strong>et</strong></span> <span class='ocrx_word' id='word_1_33' title='bbox 329 436 423 478; x_wconf 87' lang='lat' dir='ltr'><strong>inusitata</strong></span> <span class='ocrx_word' id='word_1_34' title='bbox 435 437 531 492; x_wconf 81' lang='lat' dir='ltr'>quaedam</span> <span class='ocrx_word' id='word_1_35' title='bbox 542 437 619 492; x_wconf 83' lang='lat' dir='ltr'><strong>agitare</strong></span> <span class='ocrx_word' id='word_1_36' title='bbox 630 433 745 476; x_wconf 87' lang='lat' dir='ltr'><strong>videantur.</strong></span> <span class='ocrx_word' id='word_1_37' title='bbox 777 432 818 477; x_wconf 90' lang='lat' dir='ltr'><strong>Sed</strong></span> <span class='ocrx_word' id='word_1_38' title='bbox 830 435 854 477; x_wconf 92' lang='lat' dir='ltr'><strong>il-</strong></span> 
     </span>
     <span class='ocr_line' id='line_1_5' title="bbox 64 499 856 561; baseline 0.003 -15"><span class='ocrx_word' id='word_1_39' title='bbox 64 505 103 547; x_wconf 90' lang='lat' dir='ltr'><strong>lam</strong></span> <span class='ocrx_word' id='word_1_40' title='bbox 121 504 300 557; x_wconf 73' lang='lat' dir='ltr'><strong>uociferantem,</strong></span> <span class='ocrx_word' id='word_1_41' title='bbox 324 520 381 561; x_wconf 86' lang='lat' dir='ltr'><strong>quarn</strong></span> <span class='ocrx_word' id='word_1_42' title='bbox 397 504 485 547; x_wconf 83' lang='lat' dir='ltr'><strong>Aeacius</strong></span> <span class='ocrx_word' id='word_1_43' title='bbox 502 519 545 548; x_wconf 84' lang='lat' dir='ltr'><strong>curn</strong></span> <span class='ocrx_word' id='word_1_44' title='bbox 562 504 605 548; x_wconf 90' lang='lat' dir='ltr'><strong>suis</strong></span> <span class='ocrx_word' id='word_1_45' title='bbox 621 503 663 546; x_wconf 91' lang='lat' dir='ltr'><strong>illic</strong></span> <span class='ocrx_word' id='word_1_46' title='bbox 679 499 793 560; x_wconf 72' lang='lat' dir='ltr'><strong>proposuit,</strong></span> <span class='ocrx_word' id='word_1_47' title='bbox 818 520 856 548; x_wconf 89' lang='lat' dir='ltr'><strong>una</strong></span> 
     </span>
     <span class='ocr_line' id='line_1_6' title="bbox 65 572 857 631; baseline 0 -15"><span class='ocrx_word' id='word_1_48' title='bbox 65 587 110 616; x_wconf 89' lang='lat' dir='ltr'><strong>cum</strong></span> <span class='ocrx_word' id='word_1_49' title='bbox 122 587 191 616; x_wconf 87' lang='lat' dir='ltr'><strong>eorum</strong></span> <span class='ocrx_word' id='word_1_50' title='bbox 206 572 239 628; x_wconf 93' lang='lat' dir='ltr'><strong>qui</strong></span> <span class='ocrx_word' id='word_1_51' title='bbox 251 573 269 615; x_wconf 87' lang='lat' dir='ltr'><strong>ei</strong></span> <span class='ocrx_word' id='word_1_52' title='bbox 280 574 358 630; x_wconf 88' lang='lat' dir='ltr'><strong>synodo</strong></span> <span class='ocrx_word' id='word_1_53' title='bbox 368 575 504 617; x_wconf 86' lang='lat' dir='ltr'><strong>interlucrunt</strong></span> <span class='ocrx_word' id='word_1_54' title='bbox 514 573 661 631; x_wconf 83' lang='lat' dir='ltr'><strong>subscriptione</strong></span> <span class='ocrx_word' id='word_1_55' title='bbox 674 572 723 614; x_wconf 88' lang='lat' dir='ltr'><strong>libet</strong></span> <span class='ocrx_word' id='word_1_56' title='bbox 737 573 769 615; x_wconf 83' lang='lat' dir='ltr'><strong>uie</strong></span> <span class='ocrx_word' id='word_1_57' title='bbox 780 574 857 616; x_wconf 87' lang='lat' dir='ltr'><strong>adscri-</strong></span> 
     </span>
     <span class='ocr_line' id='line_1_7' title="bbox 65 639 352 686; baseline 0.003 -2"><span class='ocrx_word' id='word_1_58' title='bbox 65 642 122 684; x_wconf 79' lang='lat' dir='ltr'><strong>bere,</strong></span> <span class='ocrx_word' id='word_1_59' title='bbox 153 639 184 683; x_wconf 78' lang='lat' dir='ltr'><strong>lla</strong></span> <span class='ocrx_word' id='word_1_60' title='bbox 200 647 232 683; x_wconf 91' lang='lat' dir='ltr'><strong>est</strong></span> <span class='ocrx_word' id='word_1_61' title='bbox 247 641 352 686; x_wconf 86' lang='lat' dir='ltr'><strong>eiusmodi.</strong></span> 
     </span>
    </p>

    <p class='ocr_par' dir='ltr' id='par_1_3' title="bbox 122 708 926 768">
     <span class='ocr_line' id='line_1_8' title="bbox 122 708 926 768; baseline -0.001 -16"><span class='ocrx_word' id='word_1_62' title='bbox 122 709 162 766; x_wconf 74' lang='lat' dir='ltr'><strong>Qui</strong></span> <span class='ocrx_word' id='word_1_63' title='bbox 179 709 241 752; x_wconf 81' lang='lat' dir='ltr'><strong>vanis</strong></span> <span class='ocrx_word' id='word_1_64' title='bbox 258 724 270 751; x_wconf 89' lang='lat' dir='ltr'><strong>e</strong></span> <span class='ocrx_word' id='word_1_65' title='bbox 288 712 396 767; x_wconf 85' lang='lat' dir='ltr'><strong>provinciis</strong></span> <span class='ocrx_word' id='word_1_66' title='bbox 417 711 562 768; x_wconf 77' lang='lat' dir='ltr'><strong>religiosissimi</strong></span> <span class='ocrx_word' id='word_1_67' title='bbox 579 711 708 768; x_wconf 88' lang='lat' dir='ltr'><strong>imperatoris</strong></span> <span class='ocrx_word' id='word_1_68' title='bbox 723 710 788 753; x_wconf 88' lang='lat' dir='ltr'><strong>nostri</strong></span> <span class='ocrx_word' id='word_1_69' title='bbox 800 708 856 753; x_wconf 85' lang='lat' dir='ltr'><strong>Con·</strong></span> <span class='ocrx_word' id='word_1_70' title='bbox 884 719 926 764; x_wconf 80' lang='lat' dir='ltr'><strong>cap.</strong></span> 
     </span>
    </p>
   </div>
   <div class='ocr_carea' id='block_1_3' title="bbox 64 766 937 838">
    <p class='ocr_par' dir='ltr' id='par_1_4' title="bbox 64 766 937 838">
     <span class='ocr_line' id='line_1_9' title="bbox 64 766 937 838; baseline 0.001 -17"><span class='ocrx_word' id='word_1_71' title='bbox 64 780 131 822; x_wconf 87' lang='lat' dir='ltr'><strong>stantii</strong></span> <span class='ocrx_word' id='word_1_72' title='bbox 142 784 235 826; x_wconf 86' lang='lat' dir='ltr'><strong>mandato</strong></span> <span class='ocrx_word' id='word_1_73' title='bbox 245 781 351 826; x_wconf 79' lang='lat' dir='ltr'><strong>Seleuciae</strong></span> <span class='ocrx_word' id='word_1_74' title='bbox 362 781 382 823; x_wconf 91' lang='lat' dir='ltr'><strong>in</strong></span> <span class='ocrx_word' id='word_1_75' title='bbox 394 779 472 823; x_wconf 79' lang='lat' dir='ltr'><strong>Isauria</strong></span> <span class='ocrx_word' id='word_1_76' title='bbox 484 780 614 823; x_wconf 85' lang='lat' dir='ltr'><strong>convenimus</strong></span> <span class='ocrx_word' id='word_1_77' title='bbox 625 780 724 837; x_wconf 89' lang='lat' dir='ltr'><strong>episcopi,</strong></span> <span class='ocrx_word' id='word_1_78' title='bbox 741 780 791 823; x_wconf 87' lang='lat' dir='ltr'><strong>hacc</strong></span> <span class='ocrx_word' id='word_1_79' title='bbox 801 794 856 823; x_wconf 90' lang='lat' dir='ltr'><strong>com·</strong></span> <span class='ocrx_word' id='word_1_80' title='bbox 878 766 937 838; x_wconf 44' lang='lat' dir='ltr'><strong>{effi</strong></span> 
     </span>
    </p>
   </div>
   <div class='ocr_carea' id='block_1_4' title="bbox 63 844 946 908">
    <p class='ocr_par' dir='ltr' id='par_1_5' title="bbox 63 844 946 908">
     <span class='ocr_line' id='line_1_10' title="bbox 63 844 946 908; baseline 0.012 -18"><span class='ocrx_word' id='word_1_81' title='bbox 63 849 118 891; x_wconf 89' lang='lat' dir='ltr'><strong>muni</strong></span> <span class='ocrx_word' id='word_1_82' title='bbox 133 864 234 893; x_wconf 87' lang='lat' dir='ltr'><strong>consensu</strong></span> <span class='ocrx_word' id='word_1_83' title='bbox 249 849 386 893; x_wconf 70' lang='lat' dir='ltr'><strong>decrevimusz</strong></span> <span class='ocrx_word' id='word_1_84' title='bbox 862 844 946 908; x_wconf 55' lang='lat' dir='ltr'><strong>lffiss‘lsnl</strong></span> 
     </span>
    </p>
   </div>
   <div class='ocr_carea' id='block_1_5' title="bbox 858 913 948 977">
    <p class='ocr_par' dir='ltr' id='par_1_6' title="bbox 858 913 948 977">
     <span class='ocr_line' id='line_1_11' title="bbox 858 913 948 977; baseline -0.011 0"><span class='ocrx_word' id='word_1_85' title='bbox 858 913 948 977; x_wconf 58' lang='lat' dir='ltr'><strong>„tutta</strong></span> 
     </span>
    </p>
   </div>
   <div class='ocr_carea' id='block_1_6' title="bbox 32 982 950 2767">
    <p class='ocr_par' dir='ltr' id='par_1_7' title="bbox 32 982 950 2128">
     <span class='ocr_line' id='line_1_12' title="bbox 122 982 950 1046; baseline 0.002 -18"><span class='ocrx_word' id='word_1_86' title='bbox 122 985 223 1030; x_wconf 88' lang='lat' dir='ltr'><strong>Hesterna</strong></span> <span class='ocrx_word' id='word_1_87' title='bbox 233 987 277 1039; x_wconf 89' lang='lat' dir='ltr'><strong>die,</strong></span> <span class='ocrx_word' id='word_1_88' title='bbox 301 1001 352 1043; x_wconf 89' lang='lat' dir='ltr'><strong>quae</strong></span> <span class='ocrx_word' id='word_1_89' title='bbox 365 993 409 1028; x_wconf 89' lang='lat' dir='ltr'><strong>erat</strong></span> <span class='ocrx_word' id='word_1_90' title='bbox 421 984 449 1028; x_wconf 88' lang='grc' dir='ltr'><strong>Α.</strong></span> <span class='ocrx_word' id='word_1_91' title='bbox 463 984 491 1027; x_wconf 85' lang='grc' dir='ltr'><strong>Ι).</strong></span> <span class='ocrx_word' id='word_1_92' title='bbox 505 983 532 1026; x_wconf 74' lang='grc' dir='ltr'><strong>ν.</strong></span> <span class='ocrx_word' id='word_1_93' title='bbox 547 982 593 1027; x_wconf 84' lang='lat' dir='ltr'><strong>Cal.</strong></span> <span class='ocrx_word' id='word_1_94' title='bbox 607 982 670 1038; x_wconf 80' lang='lat' dir='ltr'><strong>uec,</strong></span> <span class='ocrx_word' id='word_1_95' title='bbox 689 986 743 1027; x_wconf 76' lang='lat' dir='ltr'><strong>omrai</strong></span> <span class='ocrx_word' id='word_1_96' title='bbox 753 987 819 1029; x_wconf 88' lang='lat' dir='ltr'><strong>studio</strong></span> <span class='ocrx_word' id='word_1_97' title='bbox 831 1001 855 1030; x_wconf 88' lang='lat' dir='ltr'><strong>ao</strong></span> <span class='ocrx_word' id='word_1_98' title='bbox 873 982 950 1046; x_wconf 51' lang='lat' dir='ltr'><strong>{fnlffsll</strong></span> 
     </span>
     <span class='ocr_line' id='line_1_13' title="bbox 65 1052 941 1109; baseline 0.001 -12"><span class='ocrx_word' id='word_1_99' title='bbox 65 1055 201 1098; x_wconf 89' lang='lat' dir='ltr'><strong>moderatione</strong></span> <span class='ocrx_word' id='word_1_100' title='bbox 216 1055 237 1097; x_wconf 91' lang='lat' dir='ltr'><strong>in</strong></span> <span class='ocrx_word' id='word_1_101' title='bbox 253 1055 273 1097; x_wconf 90' lang='lat' dir='ltr'><strong>id</strong></span> <span class='ocrx_word' id='word_1_102' title='bbox 291 1055 417 1097; x_wconf 85' lang='lat' dir='ltr'><strong>incubuimus</strong></span> <span class='ocrx_word' id='word_1_103' title='bbox 435 1061 457 1095; x_wconf 91' lang='lat' dir='ltr'><strong>ut</strong></span> <span class='ocrx_word' id='word_1_104' title='bbox 472 1067 541 1109; x_wconf 88' lang='lat' dir='ltr'><strong>pacem</strong></span> <span class='ocrx_word' id='word_1_105' title='bbox 557 1054 655 1095; x_wconf 86' lang='lat' dir='ltr'><strong>ecclesiae</strong></span> <span class='ocrx_word' id='word_1_106' title='bbox 670 1054 806 1106; x_wconf 77' lang='lat' dir='ltr'><strong>sanciremus,</strong></span> <span class='ocrx_word' id='word_1_107' title='bbox 830 1070 854 1098; x_wconf 88' lang='lat' dir='ltr'><strong>ac</strong></span> <span class='ocrx_word' id='word_1_108' title='bbox 871 1052 941 1082; x_wconf 60' lang='lat' dir='ltr'><strong>Em</strong></span> 
     </span>
     <span class='ocr_line' id='line_1_14' title="bbox 64 1120 855 1179; baseline 0 -13"><span class='ocrx_word' id='word_1_109' title='bbox 64 1131 189 1166; x_wconf 87' lang='lat' dir='ltr'><strong>constantem</strong></span> <span class='ocrx_word' id='word_1_110' title='bbox 203 1130 224 1166; x_wconf 88' lang='lat' dir='ltr'><strong>et</strong></span> <span class='ocrx_word' id='word_1_111' title='bbox 236 1123 319 1166; x_wconf 89' lang='lat' dir='ltr'><strong>solidam</strong></span> <span class='ocrx_word' id='word_1_112' title='bbox 335 1123 380 1165; x_wconf 85' lang='lat' dir='ltr'><strong>lidei</strong></span> <span class='ocrx_word' id='word_1_113' title='bbox 397 1122 488 1179; x_wconf 82' lang='lat' dir='ltr'><strong>regulam</strong></span> <span class='ocrx_word' id='word_1_114' title='bbox 500 1120 681 1175; x_wconf 70' lang='lat' dir='ltr'><strong>constitueremus,</strong></span> <span class='ocrx_word' id='word_1_115' title='bbox 702 1136 738 1179; x_wconf 91' lang='lat' dir='ltr'><strong>pro</strong></span> <span class='ocrx_word' id='word_1_116' title='bbox 752 1136 777 1164; x_wconf 83' lang='lat' dir='ltr'><strong>eo</strong></span> <span class='ocrx_word' id='word_1_117' title='bbox 789 1138 813 1165; x_wconf 87' lang='lat' dir='ltr'><strong>ac</strong></span> <span class='ocrx_word' id='word_1_118' title='bbox 823 1124 855 1166; x_wconf 90' lang='lat' dir='ltr'><strong>dci</strong></span> 
     </span>
     <span class='ocr_line' id='line_1_15' title="bbox 65 1188 855 1249; baseline 0 -15"><span class='ocrx_word' id='word_1_119' title='bbox 65 1191 212 1234; x_wconf 87' lang='lat' dir='ltr'><strong>amantissimus</strong></span> <span class='ocrx_word' id='word_1_120' title='bbox 228 1192 337 1249; x_wconf 84' lang='lat' dir='ltr'><strong>imperator</strong></span> <span class='ocrx_word' id='word_1_121' title='bbox 353 1198 423 1234; x_wconf 87' lang='lat' dir='ltr'><strong>noster</strong></span> <span class='ocrx_word' id='word_1_122' title='bbox 436 1188 568 1233; x_wconf 82' lang='lat' dir='ltr'><strong>Constantius</strong></span> <span class='ocrx_word' id='word_1_123' title='bbox 584 1190 653 1243; x_wconf 87' lang='lat' dir='ltr'><strong>iussit,</strong></span> <span class='ocrx_word' id='word_1_124' title='bbox 676 1205 703 1233; x_wconf 84' lang='lat' dir='ltr'><strong>ex</strong></span> <span class='ocrx_word' id='word_1_125' title='bbox 715 1191 855 1247; x_wconf 87' lang='lat' dir='ltr'><strong>prophetarum</strong></span> 
     </span>
     <span class='ocr_line' id='line_1_16' title="bbox 64 1259 856 1317; baseline 0 -15"><span class='ocrx_word' id='word_1_126' title='bbox 64 1260 163 1313; x_wconf 78' lang='lat' dir='ltr'><strong>oraculis3</strong></span> <span class='ocrx_word' id='word_1_127' title='bbox 185 1259 215 1302; x_wconf 91' lang='lat' dir='ltr'><strong>sic</strong></span> <span class='ocrx_word' id='word_1_128' title='bbox 227 1268 248 1303; x_wconf 89' lang='lat' dir='ltr'><strong>ut</strong></span> <span class='ocrx_word' id='word_1_129' title='bbox 259 1260 307 1303; x_wconf 85' lang='lat' dir='ltr'><strong>nilnil</strong></span> <span class='ocrx_word' id='word_1_130' title='bbox 319 1267 399 1317; x_wconf 88' lang='lat' dir='ltr'><strong>praeter</strong></span> <span class='ocrx_word' id='word_1_131' title='bbox 410 1274 512 1302; x_wconf 87' lang='lat' dir='ltr'><strong>sacrarum</strong></span> <span class='ocrx_word' id='word_1_132' title='bbox 523 1259 625 1301; x_wconf 87' lang='lat' dir='ltr'><strong>literarum</strong></span> <span class='ocrx_word' id='word_1_133' title='bbox 637 1260 777 1302; x_wconf 84' lang='lat' dir='ltr'><strong>auctoritatem</strong></span> <span class='ocrx_word' id='word_1_134' title='bbox 789 1261 811 1302; x_wconf 93' lang='lat' dir='ltr'><strong>iu</strong></span> <span class='ocrx_word' id='word_1_135' title='bbox 822 1275 856 1303; x_wconf 90' lang='lat' dir='ltr'><strong>cc-</strong></span> 
     </span>
     <span class='ocr_line' id='line_1_17' title="bbox 64 1325 856 1384; baseline 0.003 -15"><span class='ocrx_word' id='word_1_136' title='bbox 64 1328 196 1370; x_wconf 86' lang='lat' dir='ltr'><strong>clesiasticam</strong></span> <span class='ocrx_word' id='word_1_137' title='bbox 215 1329 272 1371; x_wconf 86' lang='lat' dir='ltr'><strong>tidem</strong></span> <span class='ocrx_word' id='word_1_138' title='bbox 289 1328 438 1370; x_wconf 85' lang='lat' dir='ltr'><strong>inveheremus.</strong></span> <span class='ocrx_word' id='word_1_139' title='bbox 470 1325 511 1370; x_wconf 90' lang='lat' dir='ltr'><strong>Sed</strong></span> <span class='ocrx_word' id='word_1_140' title='bbox 528 1327 620 1382; x_wconf 85' lang='lat' dir='ltr'><strong>quonium</strong></span> <span class='ocrx_word' id='word_1_141' title='bbox 635 1327 656 1369; x_wconf 93' lang='lat' dir='ltr'><strong>in</strong></span> <span class='ocrx_word' id='word_1_142' title='bbox 671 1328 749 1384; x_wconf 84' lang='lat' dir='ltr'><strong>syuodo</strong></span> <span class='ocrx_word' id='word_1_143' title='bbox 765 1329 856 1371; x_wconf 91' lang='lat' dir='ltr'><strong>nonnulli</strong></span> 
     </span>
     <span class='ocr_line' id='line_1_18' title="bbox 65 1395 856 1448; baseline 0.001 -10"><span class='ocrx_word' id='word_1_144' title='bbox 65 1395 114 1439; x_wconf 91' lang='lat' dir='ltr'><strong>alios</strong></span> <span class='ocrx_word' id='word_1_145' title='bbox 127 1411 138 1438; x_wconf 91' lang='lat' dir='ltr'><strong>e</strong></span> <span class='ocrx_word' id='word_1_146' title='bbox 151 1397 225 1439; x_wconf 90' lang='lat' dir='ltr'><strong>uostris</strong></span> <span class='ocrx_word' id='word_1_147' title='bbox 237 1397 362 1439; x_wconf 89' lang='lat' dir='ltr'><strong>contumeliis</strong></span> <span class='ocrx_word' id='word_1_148' title='bbox 374 1397 492 1448; x_wconf 82' lang='lat' dir='ltr'><strong>affecerunt,</strong></span> <span class='ocrx_word' id='word_1_149' title='bbox 509 1395 554 1438; x_wconf 91' lang='lat' dir='ltr'><strong>aliis</strong></span> <span class='ocrx_word' id='word_1_150' title='bbox 566 1395 666 1437; x_wconf 88' lang='lat' dir='ltr'><strong>silentium</strong></span> <span class='ocrx_word' id='word_1_151' title='bbox 678 1396 801 1446; x_wconf 82' lang='lat' dir='ltr'><strong>indixerunt,</strong></span> <span class='ocrx_word' id='word_1_152' title='bbox 817 1411 856 1439; x_wconf 89' lang='lat' dir='ltr'><strong>uec</strong></span> 
     </span>
     <span class='ocr_line' id='line_1_19' title="bbox 32 1464 854 1521; baseline 0.001 -14"><span class='ocrx_word' id='word_1_153' title='bbox 32 1466 34 1469; x_wconf 76' lang='grc'>’</span> <span class='ocrx_word' id='word_1_154' title='bbox 65 1478 116 1521; x_wconf 89' lang='lat' dir='ltr'><strong>quae</strong></span> <span class='ocrx_word' id='word_1_155' title='bbox 128 1465 204 1507; x_wconf 88' lang='lat' dir='ltr'><strong>vellent</strong></span> <span class='ocrx_word' id='word_1_156' title='bbox 215 1465 281 1521; x_wconf 88' lang='lat' dir='ltr'><strong>eloqui</strong></span> <span class='ocrx_word' id='word_1_157' title='bbox 295 1465 432 1521; x_wconf 76' lang='lat' dir='ltr'><strong>permiserint,</strong></span> <span class='ocrx_word' id='word_1_158' title='bbox 454 1464 742 1517; x_wconf 76' lang='lat' dir='ltr'><strong>aliosinvitosencluserunt,</strong></span> <span class='ocrx_word' id='word_1_159' title='bbox 764 1473 805 1507; x_wconf 89' lang='lat' dir='ltr'><strong>tum</strong></span> <span class='ocrx_word' id='word_1_160' title='bbox 818 1479 854 1508; x_wconf 91' lang='lat' dir='ltr'><strong>eos</strong></span> 
     </span>
     <span class='ocr_line' id='line_1_20' title="bbox 65 1531 855 1591; baseline 0 -15"><span class='ocrx_word' id='word_1_161' title='bbox 65 1533 97 1590; x_wconf 92' lang='lat' dir='ltr'><strong>qui</strong></span> <span class='ocrx_word' id='word_1_162' title='bbox 115 1533 199 1591; x_wconf 81' lang='lat' dir='ltr'><strong>depositi</strong></span> <span class='ocrx_word' id='word_1_163' title='bbox 216 1540 274 1576; x_wconf 89' lang='lat' dir='ltr'><strong>erant</strong></span> <span class='ocrx_word' id='word_1_164' title='bbox 292 1533 354 1575; x_wconf 90' lang='lat' dir='ltr'><strong>variis</strong></span> <span class='ocrx_word' id='word_1_165' title='bbox 373 1547 384 1575; x_wconf 89' lang='lat' dir='ltr'><strong>e</strong></span> <span class='ocrx_word' id='word_1_166' title='bbox 401 1532 510 1589; x_wconf 87' lang='lat' dir='ltr'><strong>provinciis</strong></span> <span class='ocrx_word' id='word_1_167' title='bbox 524 1531 669 1585; x_wconf 88' lang='lat' dir='ltr'><strong>adhibuerunt,</strong></span> <span class='ocrx_word' id='word_1_168' title='bbox 693 1534 789 1589; x_wconf 91' lang='lat' dir='ltr'><strong>quosdam</strong></span> <span class='ocrx_word' id='word_1_169' title='bbox 804 1547 855 1576; x_wconf 87' lang='lat' dir='ltr'><strong>vero</strong></span> 
     </span>
     <span class='ocr_line' id='line_1_21' title="bbox 66 1602 856 1658; baseline 0.001 -16"><span class='ocrx_word' id='word_1_170' title='bbox 66 1609 147 1658; x_wconf 85' lang='lat' dir='ltr'><strong>praeter</strong></span> <span class='ocrx_word' id='word_1_171' title='bbox 163 1616 259 1644; x_wconf 91' lang='lat' dir='ltr'><strong>canonem</strong></span> <span class='ocrx_word' id='word_1_172' title='bbox 273 1616 341 1644; x_wconf 90' lang='lat' dir='ltr'><strong>secum</strong></span> <span class='ocrx_word' id='word_1_173' title='bbox 358 1603 497 1654; x_wconf 86' lang='lat' dir='ltr'><strong>adduxeruut,</strong></span> <span class='ocrx_word' id='word_1_174' title='bbox 519 1608 541 1644; x_wconf 89' lang='lat' dir='ltr'><strong>ut</strong></span> <span class='ocrx_word' id='word_1_175' title='bbox 555 1602 693 1658; x_wconf 87' lang='lat' dir='ltr'><strong>undecumque</strong></span> <span class='ocrx_word' id='word_1_176' title='bbox 709 1602 856 1645; x_wconf 84' lang='lat' dir='ltr'><strong>turbulentissi-</strong></span> 
     </span>
     <span class='ocr_line' id='line_1_22' title="bbox 65 1669 854 1726; baseline 0 -14"><span class='ocrx_word' id='word_1_177' title='bbox 65 1684 108 1712; x_wconf 89' lang='lat' dir='ltr'><strong>mus</strong></span> <span class='ocrx_word' id='word_1_178' title='bbox 119 1677 174 1712; x_wconf 85' lang='lat' dir='ltr'><strong>esset</strong></span> <span class='ocrx_word' id='word_1_179' title='bbox 184 1670 217 1713; x_wconf 91' lang='lat' dir='ltr'><strong>ille</strong></span> <span class='ocrx_word' id='word_1_180' title='bbox 230 1684 350 1723; x_wconf 89' lang='lat' dir='ltr'><strong>consessus,</strong></span> <span class='ocrx_word' id='word_1_181' title='bbox 374 1670 537 1726; x_wconf 87' lang='lat' dir='ltr'><strong>quemadmodum</strong></span> <span class='ocrx_word' id='word_1_182' title='bbox 550 1670 673 1712; x_wconf 87' lang='lat' dir='ltr'><strong>clarissimus</strong></span> <span class='ocrx_word' id='word_1_183' title='bbox 685 1684 752 1713; x_wconf 86' lang='lat' dir='ltr'><strong>comes</strong></span> <span class='ocrx_word' id='word_1_184' title='bbox 763 1669 854 1724; x_wconf 87' lang='lat' dir='ltr'><strong>Leonas,</strong></span> 
     </span>
     <span class='ocr_line' id='line_1_23' title="bbox 64 1737 853 1796; baseline 0.001 -15"><span class='ocrx_word' id='word_1_185' title='bbox 64 1746 85 1781; x_wconf 90' lang='lat' dir='ltr'><strong>et</strong></span> <span class='ocrx_word' id='word_1_186' title='bbox 97 1738 220 1782; x_wconf 89' lang='lat' dir='ltr'><strong>clarissimus</strong></span> <span class='ocrx_word' id='word_1_187' title='bbox 235 1739 351 1796; x_wconf 87' lang='lat' dir='ltr'><strong>provinciae</strong></span> <span class='ocrx_word' id='word_1_188' title='bbox 367 1739 481 1796; x_wconf 84' lang='lat' dir='ltr'><strong>praelectus</strong></span> <span class='ocrx_word' id='word_1_189' title='bbox 494 1737 602 1782; x_wconf 90' lang='lat' dir='ltr'><strong>Lauricius</strong></span> <span class='ocrx_word' id='word_1_190' title='bbox 617 1739 681 1782; x_wconf 90' lang='lat' dir='ltr'><strong>oculis</strong></span> <span class='ocrx_word' id='word_1_191' title='bbox 692 1740 735 1782; x_wconf 87' lang='lat' dir='ltr'><strong>suis</strong></span> <span class='ocrx_word' id='word_1_192' title='bbox 748 1739 853 1783; x_wconf 84' lang='lat' dir='ltr'><strong>viderunt:</strong></span> 
     </span>
     <span class='ocr_line' id='line_1_24' title="bbox 63 1808 854 1866; baseline 0.001 -16"><span class='ocrx_word' id='word_1_193' title='bbox 63 1822 107 1850; x_wconf 84' lang='lat' dir='ltr'><strong>earn</strong></span> <span class='ocrx_word' id='word_1_194' title='bbox 121 1808 146 1850; x_wconf 91' lang='lat' dir='ltr'><strong>ob</strong></span> <span class='ocrx_word' id='word_1_195' title='bbox 157 1822 249 1851; x_wconf 88' lang='lat' dir='ltr'><strong>caussam</strong></span> <span class='ocrx_word' id='word_1_196' title='bbox 262 1808 326 1865; x_wconf 87' lang='lat' dir='ltr'><strong>palam</strong></span> <span class='ocrx_word' id='word_1_197' title='bbox 338 1808 458 1866; x_wconf 80' lang='lat' dir='ltr'><strong>profitemur</strong></span> <span class='ocrx_word' id='word_1_198' title='bbox 472 1808 520 1851; x_wconf 86' lang='lat' dir='ltr'><strong>nihil</strong></span> <span class='ocrx_word' id='word_1_199' title='bbox 532 1821 569 1850; x_wconf 91' lang='lat' dir='ltr'><strong>nos</strong></span> <span class='ocrx_word' id='word_1_200' title='bbox 581 1808 734 1865; x_wconf 81' lang='lat' dir='ltr'><strong>subterfugere,</strong></span> <span class='ocrx_word' id='word_1_201' title='bbox 750 1816 771 1851; x_wconf 88' lang='lat' dir='ltr'><strong>et</strong></span> <span class='ocrx_word' id='word_1_202' title='bbox 781 1809 854 1866; x_wconf 90' lang='lat' dir='ltr'><strong>prima-</strong></span> 
     </span>
     <span class='ocr_line' id='line_1_25' title="bbox 63 1877 854 1934; baseline 0.003 -15"><span class='ocrx_word' id='word_1_203' title='bbox 63 1877 112 1920; x_wconf 84' lang='lat' dir='ltr'><strong>riam</strong></span> <span class='ocrx_word' id='word_1_204' title='bbox 125 1877 179 1920; x_wconf 91' lang='lat' dir='ltr'><strong>illam</strong></span> <span class='ocrx_word' id='word_1_205' title='bbox 191 1878 237 1920; x_wconf 86' lang='lat' dir='ltr'><strong>lidei</strong></span> <span class='ocrx_word' id='word_1_206' title='bbox 248 1878 360 1932; x_wconf 78' lang='lat' dir='ltr'><strong>termulam,</strong></span> <span class='ocrx_word' id='word_1_207' title='bbox 378 1891 428 1934; x_wconf 90' lang='lat' dir='ltr'><strong>quae</strong></span> <span class='ocrx_word' id='word_1_208' title='bbox 439 1877 460 1920; x_wconf 96' lang='lat' dir='ltr'><strong>in</strong></span> <span class='ocrx_word' id='word_1_209' title='bbox 470 1877 610 1921; x_wconf 83' lang='lat' dir='ltr'><strong>Antiochenae</strong></span> <span class='ocrx_word' id='word_1_210' title='bbox 621 1877 720 1921; x_wconf 87' lang='lat' dir='ltr'><strong>ecclcsiae</strong></span> <span class='ocrx_word' id='word_1_211' title='bbox 729 1878 854 1921; x_wconf 76' lang='lat' dir='ltr'><strong>dedicatione</strong></span> 
     </span>
     <span class='ocr_line' id='line_1_26' title="bbox 63 1944 855 2006; baseline 0.001 -17"><span class='ocrx_word' id='word_1_212' title='bbox 63 1946 164 2006; x_wconf 86' lang='lat' dir='ltr'><strong>proposita</strong></span> <span class='ocrx_word' id='word_1_213' title='bbox 177 1954 220 2000; x_wconf 91' lang='lat' dir='ltr'><strong>est,</strong></span> <span class='ocrx_word' id='word_1_214' title='bbox 236 1947 257 1989; x_wconf 96' lang='lat' dir='ltr'><strong>iu</strong></span> <span class='ocrx_word' id='word_1_215' title='bbox 268 1948 353 1990; x_wconf 85' lang='lat' dir='ltr'><strong>medium</strong></span> <span class='ocrx_word' id='word_1_216' title='bbox 364 1949 463 2005; x_wconf 88' lang='lat' dir='ltr'><strong>prolerre.</strong></span> <span class='ocrx_word' id='word_1_217' title='bbox 496 1944 559 1990; x_wconf 84' lang='lat' dir='ltr'><strong>Cuius</strong></span> <span class='ocrx_word' id='word_1_218' title='bbox 569 1954 664 1990; x_wconf 85' lang='lat' dir='ltr'><strong>auctores</strong></span> <span class='ocrx_word' id='word_1_219' title='bbox 673 1954 741 2005; x_wconf 89' lang='lat' dir='ltr'><strong>patres</strong></span> <span class='ocrx_word' id='word_1_220' title='bbox 751 1948 779 1990; x_wconf 91' lang='lat' dir='ltr'><strong>illi</strong></span> <span class='ocrx_word' id='word_1_221' title='bbox 789 1947 855 1990; x_wconf 85' lang='lat' dir='ltr'><strong>nostri</strong></span> 
     </span>
     <span class='ocr_line' id='line_1_27' title="bbox 58 2015 853 2076; baseline 0.001 -17"><span class='ocrx_word' id='word_1_222' title='bbox 58 2017 87 2060; x_wconf 62' lang='lat' dir='ltr'><strong>*ad</strong></span> <span class='ocrx_word' id='word_1_223' title='bbox 100 2015 198 2059; x_wconf 88' lang='lat' dir='ltr'><strong>eiusmodi</strong></span> <span class='ocrx_word' id='word_1_224' title='bbox 214 2017 352 2076; x_wconf 89' lang='lat' dir='ltr'><strong>quaestionem</strong></span> <span class='ocrx_word' id='word_1_225' title='bbox 366 2016 514 2074; x_wconf 84' lang='lat' dir='ltr'><strong>disceptandam</strong></span> <span class='ocrx_word' id='word_1_226' title='bbox 531 2030 567 2074; x_wconf 87' lang='lat' dir='ltr'><strong>per</strong></span> <span class='ocrx_word' id='word_1_227' title='bbox 582 2017 630 2059; x_wconf 93' lang='lat' dir='ltr'><strong>illud</strong></span> <span class='ocrx_word' id='word_1_228' title='bbox 647 2024 725 2074; x_wconf 89' lang='lat' dir='ltr'><strong>tempus</strong></span> <span class='ocrx_word' id='word_1_229' title='bbox 741 2025 853 2061; x_wconf 82' lang='lat' dir='ltr'><strong>conventus</strong></span> 
     </span>
     <span class='ocr_line' id='line_1_28' title="bbox 63 2086 182 2128; baseline -0.008 0"><span class='ocrx_word' id='word_1_230' title='bbox 63 2086 182 2128; x_wconf 84' lang='lat' dir='ltr'><strong>habuerunt.</strong></span> 
     </span>
    </p>

    <p class='ocr_par' dir='ltr' id='par_1_8' title="bbox 63 2152 947 2767">
     <span class='ocr_line' id='line_1_29' title="bbox 121 2152 852 2211; baseline 0.003 -15"><span class='ocrx_word' id='word_1_231' title='bbox 121 2152 172 2197; x_wconf 80' lang='lat' dir='ltr'><strong>Cum</strong></span> <span class='ocrx_word' id='word_1_232' title='bbox 184 2154 281 2197; x_wconf 88' lang='lat' dir='ltr'><strong>haetenus</strong></span> <span class='ocrx_word' id='word_1_233' title='bbox 292 2153 398 2197; x_wconf 88' lang='lat' dir='ltr'><strong>Homousii</strong></span> <span class='ocrx_word' id='word_1_234' title='bbox 413 2161 433 2196; x_wconf 90' lang='lat' dir='ltr'><strong>et</strong></span> <span class='ocrx_word' id='word_1_235' title='bbox 445 2153 575 2197; x_wconf 87' lang='lat' dir='ltr'><strong>Homoeousii</strong></span> <span class='ocrx_word' id='word_1_236' title='bbox 593 2153 691 2197; x_wconf 82' lang='lat' dir='ltr'><strong>vocabula</strong></span> <span class='ocrx_word' id='word_1_237' title='bbox 706 2154 812 2211; x_wconf 86' lang='lat' dir='ltr'><strong>plerosque</strong></span> <span class='ocrx_word' id='word_1_238' title='bbox 827 2157 852 2198; x_wconf 91' lang='lat' dir='ltr'><strong>ad</strong></span> 
     </span>
     <span class='ocr_line' id='line_1_30' title="bbox 65 2224 852 2282; baseline -0.001 -15"><span class='ocrx_word' id='word_1_239' title='bbox 65 2224 181 2267; x_wconf 82' lang='lat' dir='ltr'><strong>hodiernum</strong></span> <span class='ocrx_word' id='word_1_240' title='bbox 195 2231 272 2282; x_wconf 89' lang='lat' dir='ltr'><strong>tempus</strong></span> <span class='ocrx_word' id='word_1_241' title='bbox 284 2238 347 2282; x_wconf 87' lang='lat' dir='ltr'><strong>usque</strong></span> <span class='ocrx_word' id='word_1_242' title='bbox 361 2224 506 2281; x_wconf 79' lang='lat' dir='ltr'><strong>perturbarint,</strong></span> <span class='ocrx_word' id='word_1_243' title='bbox 531 2231 551 2266; x_wconf 89' lang='lat' dir='ltr'><strong>et</strong></span> <span class='ocrx_word' id='word_1_244' title='bbox 563 2239 574 2267; x_wconf 89' lang='lat' dir='ltr'><strong>a</strong></span> <span class='ocrx_word' id='word_1_245' title='bbox 586 2224 687 2266; x_wconf 90' lang='lat' dir='ltr'><strong>nonnullis</strong></span> <span class='ocrx_word' id='word_1_246' title='bbox 703 2224 809 2266; x_wconf 89' lang='lat' dir='ltr'><strong>etiamnum</strong></span> <span class='ocrx_word' id='word_1_247' title='bbox 821 2225 852 2267; x_wconf 91' lang='lat' dir='ltr'><strong>in-</strong></span> 
     </span>
     <span class='ocr_line' id='line_1_31' title="bbox 63 2293 853 2351; baseline 0.001 -15"><span class='ocrx_word' id='word_1_248' title='bbox 63 2293 135 2336; x_wconf 89' lang='lat' dir='ltr'><strong>novari</strong></span> <span class='ocrx_word' id='word_1_249' title='bbox 147 2293 199 2336; x_wconf 90' lang='lat' dir='ltr'><strong>istud</strong></span> <span class='ocrx_word' id='word_1_250' title='bbox 212 2295 286 2343; x_wconf 85' lang='lat' dir='ltr'><strong>lerant,</strong></span> <span class='ocrx_word' id='word_1_251' title='bbox 303 2301 324 2336; x_wconf 90' lang='lat' dir='ltr'><strong>ut</strong></span> <span class='ocrx_word' id='word_1_252' title='bbox 337 2293 438 2336; x_wconf 89' lang='lat' dir='ltr'><strong>dissimilis</strong></span> <span class='ocrx_word' id='word_1_253' title='bbox 449 2294 500 2351; x_wconf 89' lang='lat' dir='ltr'><strong>patri</strong></span> <span class='ocrx_word' id='word_1_254' title='bbox 513 2293 567 2335; x_wconf 88' lang='lat' dir='ltr'><strong>lilius</strong></span> <span class='ocrx_word' id='word_1_255' title='bbox 580 2307 626 2336; x_wconf 89' lang='lat' dir='ltr'><strong>esse</strong></span> <span class='ocrx_word' id='word_1_256' title='bbox 635 2294 724 2346; x_wconf 88' lang='lat' dir='ltr'><strong>dicatur,</strong></span> <span class='ocrx_word' id='word_1_257' title='bbox 747 2295 772 2336; x_wconf 88' lang='lat' dir='ltr'><strong>ob</strong></span> <span class='ocrx_word' id='word_1_258' title='bbox 783 2295 802 2337; x_wconf 91' lang='lat' dir='ltr'><strong>id</strong></span> <span class='ocrx_word' id='word_1_259' title='bbox 812 2298 853 2337; x_wconf 86' lang='lat' dir='ltr'><strong>Ho-</strong></span> 
     </span>
     <span class='ocr_line' id='line_1_32' title="bbox 64 2362 853 2421; baseline 0.003 -17"><span class='ocrx_word' id='word_1_260' title='bbox 64 2365 143 2412; x_wconf 72' lang='lat' dir='ltr'><strong>norati,</strong></span> <span class='ocrx_word' id='word_1_261' title='bbox 160 2362 198 2405; x_wconf 86' lang='lat' dir='ltr'><strong>hoc</strong></span> <span class='ocrx_word' id='word_1_262' title='bbox 208 2369 240 2405; x_wconf 90' lang='lat' dir='ltr'><strong>est</strong></span> <span class='ocrx_word' id='word_1_263' title='bbox 252 2364 425 2405; x_wconf 78' lang='lat' dir='ltr'><strong>Consotstonuutis</strong></span> <span class='ocrx_word' id='word_1_264' title='bbox 436 2377 506 2405; x_wconf 86' lang='lat' dir='ltr'><strong>vocem</strong></span> <span class='ocrx_word' id='word_1_265' title='bbox 520 2369 613 2420; x_wconf 91' lang='lat' dir='ltr'><strong>tanquam</strong></span> <span class='ocrx_word' id='word_1_266' title='bbox 624 2377 635 2405; x_wconf 87' lang='lat' dir='ltr'><strong>a</strong></span> <span class='ocrx_word' id='word_1_267' title='bbox 646 2363 710 2406; x_wconf 84' lang='lat' dir='ltr'><strong>sacris</strong></span> <span class='ocrx_word' id='word_1_268' title='bbox 721 2363 785 2406; x_wconf 89' lang='lat' dir='ltr'><strong>literis</strong></span> <span class='ocrx_word' id='word_1_269' title='bbox 796 2378 853 2421; x_wconf 89' lang='lat' dir='ltr'><strong>pere-</strong></span> 
     </span>
     <span class='ocr_line' id='line_1_33' title="bbox 63 2431 853 2488; baseline 0.001 -14"><span class='ocrx_word' id='word_1_270' title='bbox 63 2431 140 2488; x_wconf 84' lang='lat' dir='ltr'><strong>grinam</strong></span> <span class='ocrx_word' id='word_1_271' title='bbox 158 2431 271 2484; x_wconf 87' lang='lat' dir='ltr'><strong>reiicimus,</strong></span> <span class='ocrx_word' id='word_1_272' title='bbox 292 2435 410 2473; x_wconf 84' lang='lat' dir='ltr'><strong>Anemoeum</strong></span> <span class='ocrx_word' id='word_1_273' title='bbox 426 2445 487 2485; x_wconf 83' lang='lat' dir='ltr'><strong>vero,</strong></span> <span class='ocrx_word' id='word_1_274' title='bbox 509 2432 547 2474; x_wconf 84' lang='lat' dir='ltr'><strong>lroc</strong></span> <span class='ocrx_word' id='word_1_275' title='bbox 560 2440 591 2475; x_wconf 89' lang='lat' dir='ltr'><strong>est</strong></span> <span class='ocrx_word' id='word_1_276' title='bbox 601 2435 710 2483; x_wconf 80' lang='lat' dir='ltr'><strong>Dz&#39;ssr&#39;rnile,</strong></span> <span class='ocrx_word' id='word_1_277' title='bbox 732 2434 853 2476; x_wconf 88' lang='lat' dir='ltr'><strong>condemna-</strong></span> 
     </span>
     <span class='ocr_line' id='line_1_34' title="bbox 64 2501 852 2558; baseline 0.003 -14"><span class='ocrx_word' id='word_1_278' title='bbox 64 2516 116 2552; x_wconf 90' lang='lat' dir='ltr'><strong>mus,</strong></span> <span class='ocrx_word' id='word_1_279' title='bbox 133 2509 154 2543; x_wconf 87' lang='lat' dir='ltr'><strong>et</strong></span> <span class='ocrx_word' id='word_1_280' title='bbox 165 2501 283 2558; x_wconf 87' lang='lat' dir='ltr'><strong>quicumque</strong></span> <span class='ocrx_word' id='word_1_281' title='bbox 294 2501 390 2544; x_wconf 87' lang='lat' dir='ltr'><strong>eiusmodi</strong></span> <span class='ocrx_word' id='word_1_282' title='bbox 401 2501 483 2543; x_wconf 92' lang='lat' dir='ltr'><strong>suntab</strong></span> <span class='ocrx_word' id='word_1_283' title='bbox 494 2501 579 2544; x_wconf 89' lang='lat' dir='ltr'><strong>eeclesia</strong></span> <span class='ocrx_word' id='word_1_284' title='bbox 593 2502 670 2544; x_wconf 90' lang='lat' dir='ltr'><strong>alienos</strong></span> <span class='ocrx_word' id='word_1_285' title='bbox 681 2516 727 2544; x_wconf 86' lang='lat' dir='ltr'><strong>esse</strong></span> <span class='ocrx_word' id='word_1_286' title='bbox 737 2516 852 2546; x_wconf 90' lang='lat' dir='ltr'><strong>censemus.</strong></span> 
     </span>
     <span class='ocr_line' id='line_1_35' title="bbox 65 2569 852 2628; baseline 0.003 -15"><span class='ocrx_word' id='word_1_287' title='bbox 65 2569 155 2614; x_wconf 85' lang='lat' dir='ltr'><strong>Similem</strong></span> <span class='ocrx_word' id='word_1_288' title='bbox 167 2584 216 2612; x_wconf 89' lang='lat' dir='ltr'><strong>vero</strong></span> <span class='ocrx_word' id='word_1_289' title='bbox 229 2570 290 2628; x_wconf 90' lang='lat' dir='ltr'><strong>patris</strong></span> <span class='ocrx_word' id='word_1_290' title='bbox 303 2584 348 2612; x_wconf 88' lang='lat' dir='ltr'><strong>esse</strong></span> <span class='ocrx_word' id='word_1_291' title='bbox 364 2570 425 2612; x_wconf 84' lang='lat' dir='ltr'><strong>filiunt</strong></span> <span class='ocrx_word' id='word_1_292' title='bbox 441 2578 510 2628; x_wconf 84' lang='lat' dir='ltr'><strong>aperte</strong></span> <span class='ocrx_word' id='word_1_293' title='bbox 526 2572 654 2627; x_wconf 75' lang='lat' dir='ltr'><strong>profitemur,</strong></span> <span class='ocrx_word' id='word_1_294' title='bbox 675 2579 696 2614; x_wconf 88' lang='lat' dir='ltr'><strong>et</strong></span> <span class='ocrx_word' id='word_1_295' title='bbox 709 2573 820 2628; x_wconf 84' lang='lat' dir='ltr'><strong>apostolum</strong></span> <span class='ocrx_word' id='word_1_296' title='bbox 831 2573 852 2616; x_wconf 92' lang='lat' dir='ltr'><strong>iu</strong></span> 
     </span>
     <span class='ocr_line' id='line_1_36' title="bbox 64 2639 947 2697; baseline 0.003 -16"><span class='ocrx_word' id='word_1_297' title='bbox 64 2653 88 2681; x_wconf 89' lang='lat' dir='ltr'><strong>eu</strong></span> <span class='ocrx_word' id='word_1_298' title='bbox 101 2640 213 2696; x_wconf 88' lang='lat' dir='ltr'><strong>sequimur,</strong></span> <span class='ocrx_word' id='word_1_299' title='bbox 234 2639 267 2695; x_wconf 93' lang='lat' dir='ltr'><strong>qui</strong></span> <span class='ocrx_word' id='word_1_300' title='bbox 280 2641 304 2681; x_wconf 92' lang='lat' dir='ltr'><strong>de</strong></span> <span class='ocrx_word' id='word_1_301' title='bbox 315 2640 357 2682; x_wconf 81' lang='lat' dir='ltr'><strong>tilio</strong></span> <span class='ocrx_word' id='word_1_302' title='bbox 371 2640 467 2696; x_wconf 89' lang='lat' dir='ltr'><strong>loquens,</strong></span> <span class='ocrx_word' id='word_1_303' title='bbox 485 2643 571 2693; x_wconf 66' lang='lat' dir='ltr'><strong>(ineest,</strong></span> <span class='ocrx_word' id='word_1_304' title='bbox 587 2640 664 2697; x_wconf 87' lang='lat' dir='ltr'><strong>iuquit,</strong></span> <span class='ocrx_word' id='word_1_305' title='bbox 686 2644 749 2695; x_wconf 71' lang='lat' dir='ltr'><strong>aurugo</strong></span> <span class='ocrx_word' id='word_1_306' title='bbox 761 2645 794 2683; x_wconf 79' lang='lat' dir='ltr'><strong>dei</strong></span> <span class='ocrx_word' id='word_1_307' title='bbox 803 2646 852 2684; x_wconf 72' lang='lat' dir='ltr'><strong>anut—</strong></span> <span class='ocrx_word' id='word_1_308' title='bbox 863 2648 897 2679; x_wconf 81' lang='lat'>⁰⁰1·</span> <span class='ocrx_word' id='word_1_309' title='bbox 903 2649 917 2687; x_wconf 88' lang='lat'><strong>1,</strong></span> <span class='ocrx_word' id='word_1_310' title='bbox 925 2650 947 2680; x_wconf 63' lang='lat' dir='ltr'><strong>lt</strong></span> 
     </span>
     <span class='ocr_line' id='line_1_37' title="bbox 63 2706 852 2767; baseline 0.005 -18"><span class='ocrx_word' id='word_1_311' title='bbox 63 2710 132 2749; x_wconf 77' lang='lat' dir='ltr'><strong>sibilis.</strong></span> <span class='ocrx_word' id='word_1_312' title='bbox 164 2706 291 2752; x_wconf 78' lang='lat' dir='ltr'><strong>confitemur</strong></span> <span class='ocrx_word' id='word_1_313' title='bbox 301 2715 367 2764; x_wconf 82' lang='lat' dir='ltr'><strong>autem</strong></span> <span class='ocrx_word' id='word_1_314' title='bbox 378 2715 399 2750; x_wconf 87' lang='lat' dir='ltr'><strong>et</strong></span> <span class='ocrx_word' id='word_1_315' title='bbox 410 2709 510 2752; x_wconf 89' lang='lat' dir='ltr'><strong>credimus</strong></span> <span class='ocrx_word' id='word_1_316' title='bbox 521 2710 542 2751; x_wconf 94' lang='lat' dir='ltr'><strong>in</strong></span> <span class='ocrx_word' id='word_1_317' title='bbox 555 2724 615 2752; x_wconf 90' lang='lat' dir='ltr'><strong>unum</strong></span> <span class='ocrx_word' id='word_1_318' title='bbox 631 2710 701 2763; x_wconf 86' lang='lat' dir='ltr'><strong>deum,</strong></span> <span class='ocrx_word' id='word_1_319' title='bbox 722 2712 773 2767; x_wconf 88' lang='lat' dir='ltr'><strong>patri</strong></span> <span class='ocrx_word' id='word_1_320' title='bbox 789 2711 852 2754; x_wconf 89' lang='lat' dir='ltr'><strong>omni-</strong></span> 
     </span>
    </p>
   </div>
   <div class='ocr_carea' id='block_1_7' title="bbox 63 2840 852 3107">
    <p class='ocr_par' dir='ltr' id='par_1_9' title="bbox 63 2840 852 3107">
     <span class='ocr_line' id='line_1_38' title="bbox 86 2840 852 2893; baseline 0.008 -14"><span class='ocrx_word' id='word_1_321' title='bbox 86 2845 104 2879; x_wconf 76' lang='lat'><strong>2.</strong></span> <span class='ocrx_word' id='word_1_322' title='bbox 120 2847 146 2880; x_wconf 83' lang='lat' dir='ltr'><strong>lta</strong></span> <span class='ocrx_word' id='word_1_323' title='bbox 162 2847 198 2879; x_wconf 75' lang='lat' dir='ltr'><strong>tun</strong></span> <span class='ocrx_word' id='word_1_324' title='bbox 214 2855 272 2880; x_wconf 86' lang='lat' dir='ltr'><strong>omues.</strong></span> <span class='ocrx_word' id='word_1_325' title='bbox 295 2846 372 2881; x_wconf 77' lang='lat' dir='ltr'><strong>Petreius</strong></span> <span class='ocrx_word' id='word_1_326' title='bbox 385 2848 448 2888; x_wconf 77' lang='lat' dir='ltr'><strong>supplet</strong></span> <span class='ocrx_word' id='word_1_327' title='bbox 492 2846 509 2881; x_wconf 85' lang='lat'><strong>3.</strong></span> <span class='ocrx_word' id='word_1_328' title='bbox 522 2844 581 2890; x_wconf 66' lang='lat' dir='ltr'><strong>otton</strong></span> <span class='ocrx_word' id='word_1_329' title='bbox 604 2840 784 2893; x_wconf 65' lang='lat' dir='ltr'><strong>qlPetuur&#39;uscolebct.</strong></span> <span class='ocrx_word' id='word_1_330' title='bbox 807 2851 852 2885; x_wconf 65' lang='lat' dir='ltr'><strong>Lr‘ori</strong></span> 
     </span>
     <span class='ocr_line' id='line_1_39' title="bbox 63 2889 852 2935; baseline 0.005 -9"><span class='ocrx_word' id='word_1_331' title='bbox 63 2889 86 2926; x_wconf 83' lang='grc' dir='ltr'><strong>τὰ</strong></span> <span class='ocrx_word' id='word_1_332' title='bbox 96 2890 133 2935; x_wconf 82' lang='grc' dir='ltr'>τῆς.</span> <span class='ocrx_word' id='word_1_333' title='bbox 156 2893 263 2934; x_wconf 62' lang='lat' dir='ltr'><strong>deonorum</strong></span> <span class='ocrx_word' id='word_1_334' title='bbox 274 2891 360 2935; x_wconf 82' lang='grc' dir='ltr'>περὶτῆς.</span> <span class='ocrx_word' id='word_1_335' title='bbox 376 2894 447 2927; x_wconf 72' lang='lat' dir='ltr'><strong>troum-</strong></span> <span class='ocrx_word' id='word_1_336' title='bbox 470 2894 527 2927; x_wconf 77' lang='lat' dir='ltr'><strong>notent</strong></span> <span class='ocrx_word' id='word_1_337' title='bbox 542 2893 562 2928; x_wconf 81' lang='grc' dir='ltr'><strong>οἱ.</strong></span> <span class='ocrx_word' id='word_1_338' title='bbox 591 2895 665 2928; x_wconf 68' lang='lat' dir='ltr'><strong>comant</strong></span> <span class='ocrx_word' id='word_1_339' title='bbox 678 2898 740 2929; x_wconf 82' lang='lat' dir='ltr'><strong>versic:</strong></span> <span class='ocrx_word' id='word_1_340' title='bbox 757 2895 785 2928; x_wconf 91' lang='lat' dir='ltr'><strong>ubi</strong></span> <span class='ocrx_word' id='word_1_341' title='bbox 801 2897 852 2930; x_wconf 86' lang='lat' dir='ltr'><strong>etiam</strong></span> 
     </span>
     <span class='ocr_line' id='line_1_40' title="bbox 64 2936 852 2986; baseline 0.006 -14"><span class='ocrx_word' id='word_1_342' title='bbox 64 2936 156 2982; x_wconf 71' lang='grc' dir='ltr'><strong>λαμβάνειν</strong></span> <span class='ocrx_word' id='word_1_343' title='bbox 167 2937 206 2980; x_wconf 84' lang='grc' dir='ltr'>περί</span> <span class='ocrx_word' id='word_1_344' title='bbox 215 2949 259 2977; x_wconf 79' lang='grc' dir='ltr'>τινος</span> <span class='ocrx_word' id='word_1_345' title='bbox 270 2939 354 2971; x_wconf 79' lang='lat' dir='ltr'><strong>habuimus</strong></span> <span class='ocrx_word' id='word_1_346' title='bbox 367 2939 410 2971; x_wconf 80' lang='lat' dir='ltr'><strong>tuor.</strong></span> <span class='ocrx_word' id='word_1_347' title='bbox 419 2938 447 2979; x_wconf 73' lang='lat' dir='ltr'><strong>st,</strong></span> <span class='ocrx_word' id='word_1_348' title='bbox 470 2939 542 2972; x_wconf 79' lang='lat' dir='ltr'><strong>maxime</strong></span> <span class='ocrx_word' id='word_1_349' title='bbox 553 2945 610 2982; x_wconf 84' lang='lat' dir='ltr'><strong>patres</strong></span> <span class='ocrx_word' id='word_1_350' title='bbox 627 2940 682 2973; x_wconf 88' lang='lat' dir='ltr'><strong>nostri</strong></span> <span class='ocrx_word' id='word_1_351' title='bbox 696 2940 727 2974; x_wconf 90' lang='lat' dir='ltr'><strong>illo</strong></span> <span class='ocrx_word' id='word_1_352' title='bbox 739 2948 818 2986; x_wconf 86' lang='lat' dir='ltr'><strong>tempore</strong></span> <span class='ocrx_word' id='word_1_353' title='bbox 830 2943 852 2978; x_wconf 88' lang='lat' dir='ltr'><strong>ad</strong></span> 
     </span>
     <span class='ocr_line' id='line_1_41' title="bbox 64 2980 829 3029; baseline 0.009 -13"><span class='ocrx_word' id='word_1_354' title='bbox 64 2980 157 3023; x_wconf 51' lang='lat' dir='ltr'><strong>duffii.</strong></span> <span class='ocrx_word' id='word_1_355' title='bbox 170 2982 234 3024; x_wconf 63' lang='lat' dir='ltr'><strong>oute.</strong></span> <span class='ocrx_word' id='word_1_356' title='bbox 247 2983 323 3024; x_wconf 63' lang='lat' dir='ltr'><strong>taut,</strong></span> <span class='ocrx_word' id='word_1_357' title='bbox 340 2985 383 3016; x_wconf 77' lang='lat' dir='ltr'><strong>attur.</strong></span> <span class='ocrx_word' id='word_1_358' title='bbox 409 2985 448 3016; x_wconf 85' lang='lat' dir='ltr'><strong>Gur·</strong></span> <span class='ocrx_word' id='word_1_359' title='bbox 470 2984 563 3018; x_wconf 83' lang='lat' dir='ltr'><strong>subiectam</strong></span> <span class='ocrx_word' id='word_1_360' title='bbox 574 2986 690 3029; x_wconf 88' lang='lat' dir='ltr'><strong>quaestionem</strong></span> <span class='ocrx_word' id='word_1_361' title='bbox 702 2995 829 3028; x_wconf 79' lang='lat' dir='ltr'><strong>concurrerunt,</strong></span> 
     </span>
     <span class='ocr_line' id='line_1_42' title="bbox 64 3027 718 3075; baseline 0.011 -14"><span class='ocrx_word' id='word_1_362' title='bbox 64 3031 120 3061; x_wconf 68' lang='lat' dir='ltr'><strong>numos</strong></span> <span class='ocrx_word' id='word_1_363' title='bbox 130 3030 177 3061; x_wconf 78' lang='lat' dir='ltr'><strong>uertit</strong></span> <span class='ocrx_word' id='word_1_364' title='bbox 186 3034 204 3061; x_wconf 86' lang='lat' dir='ltr'><strong>et</strong></span> <span class='ocrx_word' id='word_1_365' title='bbox 214 3027 265 3062; x_wconf 86' lang='lat' dir='ltr'><strong>fidem</strong></span> <span class='ocrx_word' id='word_1_366' title='bbox 275 3028 345 3062; x_wconf 83' lang='lat' dir='ltr'><strong>firmiter</strong></span> <span class='ocrx_word' id='word_1_367' title='bbox 355 3027 447 3072; x_wconf 85' lang='lat' dir='ltr'><strong>distingue·</strong></span> <span class='ocrx_word' id='word_1_368' title='bbox 493 3028 510 3063; x_wconf 79' lang='lat' dir='ltr'><strong>lt.</strong></span> <span class='ocrx_word' id='word_1_369' title='bbox 523 3028 612 3075; x_wconf 68' lang='lat' dir='ltr'><strong>decorietur</strong></span> <span class='ocrx_word' id='word_1_370' title='bbox 623 3034 670 3066; x_wconf 80' lang='lat' dir='ltr'><strong>codd.</strong></span> <span class='ocrx_word' id='word_1_371' title='bbox 681 3042 718 3069; x_wconf 76' lang='lat' dir='ltr'><strong>mss</strong></span> 
     </span>
     <span class='ocr_line' id='line_1_43' title="bbox 64 3083 125 3107; baseline 0.016 -1"><span class='ocrx_word' id='word_1_372' title='bbox 64 3083 125 3107; x_wconf 63' lang='lat' dir='ltr'><strong>remus-</strong></span> 
     </span>
    </p>
   </div>
   <div class='ocr_carea' id='block_1_8' title="bbox 0 0 998 3392">
    <p class='ocr_par' dir='ltr' id='par_1_10' title="bbox 0 0 998 3392">
     <span class='ocr_line' id='line_1_44' title="bbox 0 0 998 3392; baseline 0 0"><span class='ocrx_word' id='word_1_373' title='bbox 0 0 998 3392; x_wconf 95' lang='lat' dir='ltr'><strong> </strong></span> 
     </span>
    </p>
   </div>
  </div>
 </body>
</html>
