1988 3392
229 232 321 267 romanu
332 233 375 267 uto.
385 232 415 266 nn.
427 233 483 267 rom.
493 234 506 267 r.
517 231 585 266 naon.
594 231 659 265 uxxn.
815 220 843 261 43

57 317 101 359 bum
113 312 185 355 reterri
196 320 290 370 oportere
301 312 406 354 indicaret.
436 311 490 354 Nom
503 313 534 355 tris
545 311 624 364 verbis,
641 315 743 353 Fnez‘nmns
752 314 844 352 temenem
853 327 893 357 eeu,
903 329 917 363 ι,
925 327 948 355 κ,

57 386 82 425 nd
91 384 192 434 imaginem
204 390 289 423 noemam
302 389 323 422 et
333 383 360 421 nd
373 382 526 430 similitudinem,
549 380 633 422 uerbum
650 394 707 422 suum
723 387 780 436 pater
795 379 844 420 aiio-

57 450 130 508 qnitur.
161 447 214 504 Quid
224 449 298 504 igitur?
327 447 389 499 Erat,
407 448 482 504 iuquit,
499 449 518 491 in
532 456 588 506 patre
599 448 695 500 verbum,
711 448 746 489 sed
757 446 844 489 nondum

57 517 170 563 eratfilius.
203 515 265 569 item,
288 519 557 568 Plnitdomnnnsndommo,
580 517 632 573 quod
650 516 670 558 in
687 523 742 574 patre
758 514 842 558 verbum

58 593 118 631 essm.
156 583 193 641 Et,
210 589 265 636 letti,
288 586 364 642 iuquit,
387 589 528 628 descendentem
541 601 601 640 snpra
616 587 686 635 naides,
708 588 766 640 quusi
774 585 842 638 filium
850 578 948 651 ffiffq}

57 658 148 704 hominis,
176 655 228 710 quod
244 655 299 698 velut
315 663 361 697 ente
376 655 495 697 denuntians
510 656 573 708 dixit3
594 655 694 711 nonquod
709 654 773 696 adhue
792 652 843 695 titius

58 725 166 775 existeret,
187 724 221 764 sed
234 723 297 780 ipsum
309 725 384 775 sotum,
408 724 438 765 eui
451 724 484 765 fini
497 739 569 766 nomer·
581 731 626 765 erat
638 723 743 779 aliquando
755 721 844 764 tribuen-

58 794 116 844 dum,
138 799 183 849 post
199 790 284 835 Mariam
302 792 407 844 videlieet,
428 793 557 848 quodqueex
574 806 634 833 cartre
650 792 774 849 proditurum
790 797 842 841 emt,

59 860 152 905 Christus
169 860 261 904 nimirum
273 862 297 904 de
309 861 380 918 spiritu
393 868 463 902 saneto
477 859 582 918 Marioque
594 861 684 916 genitus,
705 862 725 904 in
743 874 801 917 quem
814 858 844 901 sie

59 938 150 987 tanquam
171 929 313 987 anticipatione
329 931 412 987 quadam
433 930 528 972 universa
544 931 683 972 eorriernutur.
719 929 843 986 Quamquam

59 1000 144 1043 noudum
165 999 221 1056 ipse,
243 1000 406 1057 quemadmodum
426 1006 446 1041 et
464 1000 547 1043 verbum
562 999 621 1050 iilud,
644 1000 696 1055 quod
716 999 736 1041 in
753 1013 784 1041 me
803 1005 843 1040 est.

59 1068 103 1111 Hoe
117 1076 184 1111 autem
202 1069 260 1126 paulo
276 1077 323 1111 ante
338 1069 462 1121 monuimus,
482 1066 589 1111 Photinum
607 1082 635 1110 ex
647 1066 704 1110 Pauli
717 1066 845 1110 Samosateni

60 1137 145 1180 fautione
162 1151 220 1190 esse,
242 1139 350 1194 eademque
368 1138 458 1180 eumiiio
472 1138 591 1190 defendere,
613 1137 691 1179 tametsi
712 1136 844 1193 idemipsum

61 1207 117 1249 novis
133 1206 236 1249 erroribus
251 1200 378 1265 inventisque
393 1207 502 1264 superavit.

117 1274 193 1318 Verum
208 1276 335 1318 nihilominus
351 1283 371 1317 et
382 1276 424 1332 ipse
439 1276 551 1328 rotellum,
573 1274 638 1330 quiin
651 1282 762 1317 extremam
774 1273 844 1330 impie·
852 1278 894 1324 cap.
906 1279 935 1312 111.

61 1352 129 1398 tatem,
145 1358 169 1386 ae
180 1344 241 1386 divini
254 1345 340 1387 numinis
350 1344 501 1400 abnegationem
514 1345 627 1402 prolapsus,
643 1352 664 1385 et
675 1344 739 1386 aliena
751 1358 762 1385 a
773 1342 846 1399 sempi-

61 1422 117 1457 terna
135 1413 176 1457 vita
191 1421 303 1456 commenta
320 1421 401 1456 seuutus
418 1420 456 1456 est.
485 1412 538 1456 Nam
550 1412 566 1456 si
580 1426 652 1455 reeens
667 1414 717 1455 adeo
728 1420 772 1463 est,
793 1412 845 1468 quod

61 1483 85 1525 ad
96 1482 219 1525 divinitatem
237 1483 320 1534 attinet,
343 1482 375 1525 dei
387 1481 450 1534 utus,
469 1495 596 1541 consequeus
611 1489 643 1523 est
658 1496 698 1523 non
712 1482 771 1523 modo
784 1479 846 1522 navi-

61 1552 105 1593 dem
118 1551 152 1593 iilo
163 1551 284 1593 anteriorem
297 1565 354 1602 esse,
371 1551 406 1593 sed
419 1558 439 1592 et
451 1550 515 1592 eidem
527 1549 625 1593 conditori
635 1564 673 1592 suo
684 1550 845 1607 praeferendum⁴

61 1619 127 1676 Atque
145 1619 194 1661 haee
206 1619 284 1675 quidem
301 1618 396 1662 haeretiei
408 1619 460 1661 itlius
474 1620 541 1676 opinio
553 1619 600 1670 fuit,
617 1619 649 1675 qui
663 1633 765 1661 sacrarum
779 1618 847 1659 litera·

60 1688 233 1731 runrnuetoritate
245 1695 357 1745 contempta
373 1688 417 1729 eius
437 1688 552 1730 testimonio
571 1702 675 1744 perperam
695 1687 797 1729 intellecto
817 1685 847 1726 sie
914 1694 918 1699 ”

61 1757 155 1800 abutitur.
193 1756 313 1813 Apostolus,
334 1756 410 1812 iuquit,
431 1758 457 1798 ita
473 1757 570 1813 loquitur:
592 1759 737 1797 Prementemo
753 1758 949 1810 detemu1,u.„‚1³‚47,

61 1834 159 1874 terrenus,
180 1828 275 1866 sectandus
289 1828 312 1866 de
327 1828 386 1867 noel.
419 1825 480 1881 Atqui
495 1826 561 1867 statim
580 1825 607 1867 iili
625 1826 717 1867 veritatis
733 1826 847 1880 refragatur

61 1895 137 1946 oratio,
159 1908 182 1936 ae
199 1893 345 1935 tenebricosam
359 1893 412 1935 iliius
427 1902 513 1935 urentem
528 1894 638 1949 redarguit.
668 1894 778 1950 Apostolus
793 1893 847 1935 euim

61 1963 143 2020 dupiieis
154 1962 239 2004 hominis
250 1963 371 2004 mentionem
383 1963 435 2018 agit,
457 1976 541 2018 quorum
554 1963 639 2019 priorem
658 1966 754 2004 Adnnmm
769 1979 780 2003 e
794 1971 847 2003 terro

62 2040 168 2081 terrenum,
191 2031 275 2073 aiterum
290 2045 302 2073 e
317 2031 374 2073 coeio
392 2031 496 2072 deductum
514 2032 604 2073 affirmat.
635 2031 667 2073 Au
683 2031 729 2073 lieet
748 2032 847 2073 homiuem

61 2101 156 2157 appellet,
179 2114 219 2141 non
237 2107 302 2141 tamen
317 2114 327 2141 e
340 2099 396 2141 eoeio
410 2113 458 2140 earo
475 2099 518 2155 ipsa
534 2099 649 2151 deseendit,
671 2100 706 2141 sed
723 2100 755 2142 vet
772 2101 847 2141 fatente

61 2168 104 2225 ipso
115 2166 203 2211 eMnria
217 2175 309 2223 suscepta
325 2175 363 2210 est.
396 2166 426 2209 De
443 2168 500 2209 eueiu
515 2181 565 2209 vero
580 2182 619 2209 uon
631 2167 694 2209 abusu
708 2169 793 2223 quodum
804 2182 848 2209 ser-

62 2238 126 2279 monis
138 2251 219 2279 earuem
231 2238 259 2278 ait
270 2251 316 2279 esse
327 2237 435 2292 delapsam,
452 2236 486 2277 sed
499 2237 607 2278 seeundum
622 2237 721 2278 homiuem
736 2238 846 2289 duntaxat3

62 2319 88 2347 ex
99 2320 138 2362 quo
149 2305 232 2347 verbum
244 2319 256 2347 e
267 2306 325 2347 eurio
336 2305 450 2357 deseendit,
470 2312 490 2345 et
500 2306 594 2345 nubitom't
604 2308 623 2346 tn
634 2307 699 2355 nohis,
721 2306 849 2361 quemadmo-
859 2316 912 2346 tuane.
919 2317 952 2355 aa.

62 2374 107 2416 dum
121 2374 215 2430 seriptum
226 2381 265 2416 est.
296 2373 432 2429 eranrobrem
441 2380 462 2414 et
472 2380 519 2415 oute
530 2373 620 2415 dominns
634 2374 746 2425 existebat,
767 2382 788 2415 et
802 2375 849 2417 sub·

62 2441 108 2484 iude
119 2442 189 2493 attuit,
207 2445 247 2495 ραι·
255 2445 328 2483 inuenit
336 2457 410 2483 ornnem
421 2445 470 2482 enirm
482 2445 579 2482 seneenne.
610 2440 708 2484 Extitisse
720 2457 770 2485 vero
780 2443 913 2485 divinanarum.

63 2512 161 2568 scriptura
169 2525 211 2552 -nou
223 2511 306 2553 dubitat.
338 2508 453 2565 Numquae
465 2518 575 2566 sequuntur
584 2517 631 2551 onte
644 2511 698 2552 iilum
709 2513 803 2553 extitisse
815 2513 849 2553 de·
866 2490 881 2526 δ’
889 2490 911 2519 ³²

63 2579 147 2621 oiaraut.
179 2577 241 2621 Veiut
255 2582 306 2633 qnod
321 2594 392 2620 omnnem
403 2582 453 2619 oium
465 2582 556 2619 see'enn'ue
566 2582 661 2631 reperisse
673 2580 761 2632 dicatur,
778 2581 849 2621 deinde

63 2649 83 2688 in
97 2656 150 2688 terro
162 2651 214 2688 orsus
226 2662 277 2696 esse,
299 2661 350 2702 quae
363 2649 448 2689 futurem
462 2647 632 2698 incarnationem,
655 2650 773 2704 quandoque
788 2648 850 2703 signi·

64 2715 156 2758 iieabant.
188 2714 229 2757 iam
242 2729 291 2756 vero
306 2717 358 2771 quod
373 2729 384 2756 e
400 2715 457 2756 corio
472 2729 539 2757 seeum
555 2714 654 2757 hominem
670 2717 766 2759 detrdisse
781 2724 851 2772 pntnnt

64 2782 173 2835 haeretiei,
194 2798 234 2825 nou
253 2784 290 2825 hoe
305 2783 407 2840 apostolus
424 2783 482 2834 dicit,
505 2797 573 2825 verum
591 2783 616 2824 ob
634 2784 738 2826 hermonem
760 2791 849 2826 eruturum

65 2864 108 2894 euru
124 2852 191 2894 diviua
207 2852 340 2893 consociatam
353 2851 452 2892 horisiuem
462 2850 517 2893 ilium
529 2851 625 2907 appellnt,
647 2860 707 2908 atque
721 2854 779 2894 etiam
792 2853 817 2893 ob
827 2852 851 2894 il·

64 2919 96 2962 lud
112 2927 190 2976 tempus
206 2920 257 2976 qnod
272 2921 370 2962 Adamum
388 2919 441 2961 iuter
453 2927 473 2961 et
489 2920 647 2962 inonruntiouem
665 2922 789 2962 interieetom
805 2928 848 2973 est;

65 3000 104 3028 non
117 2988 181 3043 quod,
198 2995 219 3029 ut
235 2988 268 3029 itte
278 2988 315 3030 sibi
328 2989 446 3044 persuadet,
467 2988 571 3029 verbuma
587 2995 642 3044 patre
652 2989 781 3045 processerit,
798 2996 819 3030 et
830 2989 850 3031 iu
