<?xml version="1.0" encoding="UTF-8"?>
<!DOCTYPE html PUBLIC "-//W3C//DTD XHTML 1.0 Transitional//EN"
    "http://www.w3.org/TR/xhtml1/DTD/xhtml1-transitional.dtd">
<html xmlns="http://www.w3.org/1999/xhtml" xml:lang="en" lang="en">
 <head>
  <title>
</title>
<meta http-equiv="Content-Type" content="text/html;charset=utf-8" />
  <meta name='ocr-system' content='tesseract 3.04.00' />
  <meta name='ocr-capabilities' content='ocr_page ocr_carea ocr_par ocr_line ocrx_word'/>
</head>
<body>
  <div class='ocr_page' id='page_1' title='image "./MN41650ucmf_1/MN41650ucmf_1_0246.png"; bbox 0 0 1988 3392; ppageno 0'>
   <div class='ocr_carea' id='block_1_1' title="bbox 142 214 642 259">
    <p class='ocr_par' dir='ltr' id='par_1_1' title="bbox 142 214 642 259">
     <span class='ocr_line' id='line_1_1' title="bbox 142 214 642 259; baseline 0.002 -2"><span class='ocrx_word' id='word_1_1' title='bbox 142 214 185 258; x_wconf 77' lang='lat'><em>224</em></span> <span class='ocrx_word' id='word_1_2' title='bbox 429 224 642 259; x_wconf 74' lang='grc' dir='ltr'><em>εκαοτιτοιοακαιι</em></span> 
     </span>
    </p>
   </div>
   <div class='ocr_carea' id='block_1_2' title="bbox 142 297 979 1051">
    <p class='ocr_par' dir='ltr' id='par_1_2' title="bbox 142 297 979 1051">
     <span class='ocr_line' id='line_1_2' title="bbox 143 297 923 360; baseline 0.003 -15"><span class='ocrx_word' id='word_1_3' title='bbox 143 301 258 347; x_wconf 81' lang='grc' dir='ltr'><em>ἀκόλουθον</em></span> <span class='ocrx_word' id='word_1_4' title='bbox 269 300 391 358; x_wconf 84' lang='grc' dir='ltr'><em>ἀμείψαντες</em></span> <span class='ocrx_word' id='word_1_5' title='bbox 400 300 491 360; x_wconf 86' lang='grc' dir='ltr'><em>ἀγωγην,</em></span> <span class='ocrx_word' id='word_1_6' title='bbox 510 297 561 357; x_wconf 70' lang='grc' dir='ltr'><em>ἦλθε</em></span> <span class='ocrx_word' id='word_1_7' title='bbox 572 303 593 347; x_wconf 84' lang='grc' dir='ltr'><em>δὲ</em></span> <span class='ocrx_word' id='word_1_8' title='bbox 603 303 651 359; x_wconf 81' lang='grc' dir='ltr'><em>μετά</em></span> <span class='ocrx_word' id='word_1_9' title='bbox 663 308 725 346; x_wconf 90' lang='grc' dir='ltr'><em>ταῦτα</em></span> <span class='ocrx_word' id='word_1_10' title='bbox 738 307 813 347; x_wconf 75' lang='grc' dir='ltr'><em>3τοῦτο</em></span> <span class='ocrx_word' id='word_1_11' title='bbox 825 300 878 353; x_wconf 64' lang='grc' dir='ltr'><em>εἶς’</em></span> <span class='ocrx_word' id='word_1_12' title='bbox 863 309 923 359; x_wconf 78' lang='grc' dir='ltr'><em>ημᾶς,</em></span> 
     </span>
     <span class='ocr_line' id='line_1_3' title="bbox 142 369 925 456; baseline 0 -40"><span class='ocrx_word' id='word_1_13' title='bbox 142 371 196 422; x_wconf 79' lang='grc' dir='ltr'><em>τινάς</em></span> <span class='ocrx_word' id='word_1_14' title='bbox 213 376 254 414; x_wconf 75' lang='grc' dir='ltr'><em>τῶν</em></span> <span class='ocrx_word' id='word_1_15' title='bbox 270 369 414 415; x_wconf 76' lang='grc' dir='ltr'><strong><em>σπουδαίων</em></strong></span> <span class='ocrx_word' id='word_1_16' title='bbox 400 376 448 426; x_wconf 87' lang='grc' dir='ltr'><em>ημῖν</em></span> <span class='ocrx_word' id='word_1_17' title='bbox 462 370 512 415; x_wconf 82' lang='grc' dir='ltr'><em>αάτδ</em></span> <span class='ocrx_word' id='word_1_18' title='bbox 529 372 721 457; x_wconf 82' lang='grc' dir='ltr'><em>προςκτκομικύτρς,</em></span> <span class='ocrx_word' id='word_1_19' title='bbox 743 370 882 456; x_wconf 74' lang='grc' dir='ltr'><em>ἠναγκάσθην</em></span> <span class='ocrx_word' id='word_1_20' title='bbox 892 370 925 416; x_wconf 83' lang='grc' dir='ltr'><em>οἷα</em></span> 
     </span>
     <span class='ocr_line' id='line_1_4' title="bbox 142 435 979 499; baseline 0 -15"><span class='ocrx_word' id='word_1_21' title='bbox 142 459 207 497; x_wconf 84' lang='grc' dir='ltr'><em>πατηρ</em></span> <span class='ocrx_word' id='word_1_22' title='bbox 224 435 287 492; x_wconf 72' lang='grc' dir='ltr'><em>αὖθις</em></span> <span class='ocrx_word' id='word_1_23' title='bbox 304 439 432 497; x_wconf 87' lang='grc' dir='ltr'><em>διακαθάρας</em></span> <span class='ocrx_word' id='word_1_24' title='bbox 449 442 552 496; x_wconf 77' lang='grc' dir='ltr'><strong><em>ἐκπέμψαι</em></strong></span> <span class='ocrx_word' id='word_1_25' title='bbox 569 439 617 496; x_wconf 83' lang='grc' dir='ltr'><em>ύμῖν</em></span> <span class='ocrx_word' id='word_1_26' title='bbox 631 440 655 485; x_wconf 85' lang='grc' dir='ltr'><em>τδ</em></span> <span class='ocrx_word' id='word_1_27' title='bbox 670 440 802 499; x_wconf 88' lang='grc' dir='ltr'><em>σύγγραμμα,</em></span> <span class='ocrx_word' id='word_1_28' title='bbox 825 443 841 483; x_wconf 84' lang='grc' dir='ltr'><strong><em>ὠ</em></strong></span> <span class='ocrx_word' id='word_1_29' title='bbox 853 439 926 492; x_wconf 86' lang='grc' dir='ltr'><em>πάντες</em></span> <span class='ocrx_word' id='word_1_30' title='bbox 977 435 979 439; x_wconf 39' lang='lat'><strong><em>⁴</em></strong></span> 
     </span>
     <span class='ocr_line' id='line_1_5' title="bbox 143 507 925 568; baseline 0.001 -16"><span class='ocrx_word' id='word_1_31' title='bbox 143 508 261 565; x_wconf 72' lang='grc' dir='ltr'><em>4εύσεβείας</em></span> <span class='ocrx_word' id='word_1_32' title='bbox 277 509 362 564; x_wconf 87' lang='grc' dir='ltr'><em>ἀθληταί</em></span> <span class='ocrx_word' id='word_1_33' title='bbox 378 510 448 552; x_wconf 78' lang='grc' dir='ltr'><em>τεκαὶ</em></span> <span class='ocrx_word' id='word_1_34' title='bbox 463 507 614 568; x_wconf 76' lang='grc' dir='ltr'><em>ἀθλήτριαι,“</em></span> <span class='ocrx_word' id='word_1_35' title='bbox 602 528 658 560; x_wconf 87' lang='grc' dir='ltr'><em>οπως</em></span> <span class='ocrx_word' id='word_1_36' title='bbox 675 508 702 554; x_wconf 79' lang='grc' dir='ltr'><em>ἀν</em></span> <span class='ocrx_word' id='word_1_37' title='bbox 717 511 817 554; x_wconf 86' lang='grc' dir='ltr'><em>είδέναι”</em></span> <span class='ocrx_word' id='word_1_38' title='bbox 805 526 868 565; x_wconf 88' lang='grc' dir='ltr'><em>εχοιτε</em></span> <span class='ocrx_word' id='word_1_39' title='bbox 883 509 925 553; x_wconf 86' lang='grc' dir='ltr'><em>κατ’</em></span> 
     </span>
     <span class='ocr_line' id='line_1_6' title="bbox 142 573 926 636; baseline 0 -14"><span class='ocrx_word' id='word_1_40' title='bbox 142 580 221 623; x_wconf 81' lang='grc' dir='ltr'><em>έννοιαν</em></span> <span class='ocrx_word' id='word_1_41' title='bbox 230 582 270 622; x_wconf 69' lang='grc' dir='ltr'><em>τοῖν</em></span> <span class='ocrx_word' id='word_1_42' title='bbox 280 576 341 634; x_wconf 86' lang='grc' dir='ltr'><em>άγίων</em></span> <span class='ocrx_word' id='word_1_43' title='bbox 349 582 433 635; x_wconf 79' lang='grc' dir='ltr'><em>γραφῶν</em></span> <span class='ocrx_word' id='word_1_44' title='bbox 444 580 538 635; x_wconf 83' lang='grc' dir='ltr'><em>εἰρησθαι</em></span> <span class='ocrx_word' id='word_1_45' title='bbox 548 577 606 634; x_wconf 73' lang='grc' dir='ltr'><em>ἡμῶν</em></span> <span class='ocrx_word' id='word_1_46' title='bbox 618 578 641 622; x_wconf 88' lang='grc' dir='ltr'><em>τδ</em></span> <span class='ocrx_word' id='word_1_47' title='bbox 656 581 769 636; x_wconf 68' lang='grc' dir='ltr'><em>5λογίδιον,</em></span> <span class='ocrx_word' id='word_1_48' title='bbox 785 575 812 622; x_wconf 83' lang='grc' dir='ltr'><em>δι’</em></span> <span class='ocrx_word' id='word_1_49' title='bbox 823 573 849 622; x_wconf 73' lang='grc' dir='ltr'><em>οὗ</em></span> <span class='ocrx_word' id='word_1_50' title='bbox 860 577 926 622; x_wconf 87' lang='grc' dir='ltr'><em>πάντα</em></span> 
     </span>
     <span class='ocr_line' id='line_1_7' title="bbox 142 645 927 706; baseline 0 -15"><span class='ocrx_word' id='word_1_51' title='bbox 142 646 254 706; x_wconf 82' lang='grc' dir='ltr'><em>ἀνθρωπον</em></span> <span class='ocrx_word' id='word_1_52' title='bbox 268 647 374 704; x_wconf 75' lang='grc' dir='ltr'><em>ἀντιλέγειν</em></span> <span class='ocrx_word' id='word_1_53' title='bbox 386 645 434 702; x_wconf 82' lang='grc' dir='ltr'><em>ύμῖν</em></span> <span class='ocrx_word' id='word_1_54' title='bbox 449 649 585 705; x_wconf 77' lang='grc' dir='ltr'><em>ἐπιχειροῦντα</em></span> <span class='ocrx_word' id='word_1_55' title='bbox 596 649 640 704; x_wconf 86' lang='grc' dir='ltr'><em>περί</em></span> <span class='ocrx_word' id='word_1_56' title='bbox 653 646 762 704; x_wconf 78' lang='grc' dir='ltr'><em>ἀγεννήτον</em></span> <span class='ocrx_word' id='word_1_57' title='bbox 773 652 825 691; x_wconf 83' lang='grc' dir='ltr'><em>θεοῦ</em></span> <span class='ocrx_word' id='word_1_58' title='bbox 837 648 873 691; x_wconf 89' lang='grc' dir='ltr'><em>καί</em></span> <span class='ocrx_word' id='word_1_59' title='bbox 884 665 927 705; x_wconf 88' lang='grc' dir='ltr'><em>γεν-</em></span> 
     </span>
     <span class='ocr_line' id='line_1_8' title="bbox 142 715 925 774; baseline -0.001 -14"><span class='ocrx_word' id='word_1_60' title='bbox 142 722 205 772; x_wconf 86' lang='grc' dir='ltr'><em>νητοῦ</em></span> <span class='ocrx_word' id='word_1_61' title='bbox 217 715 288 759; x_wconf 79' lang='grc' dir='ltr'><em>παύειν</em></span> <span class='ocrx_word' id='word_1_62' title='bbox 299 715 436 771; x_wconf 73' lang='grc' dir='ltr'><em>ἀναισχυντεῖν</em></span> <span class='ocrx_word' id='word_1_63' title='bbox 453 716 561 771; x_wconf 79' lang='grc' dir='ltr'><em>συντόμως</em></span> <span class='ocrx_word' id='word_1_64' title='bbox 573 721 719 774; x_wconf 82' lang='grc' dir='ltr'><em>6περιτροπαῖς</em></span> <span class='ocrx_word' id='word_1_65' title='bbox 733 715 854 772; x_wconf 77' lang='grc' dir='ltr'><em>δυνήσεσθε,</em></span> <span class='ocrx_word' id='word_1_66' title='bbox 876 716 925 760; x_wconf 48' lang='grc' dir='ltr'><em>πάν,</em></span> 
     </span>
     <span class='ocr_line' id='line_1_9' title="bbox 143 784 926 843; baseline 0.001 -15"><span class='ocrx_word' id='word_1_67' title='bbox 143 804 183 830; x_wconf 86' lang='grc' dir='ltr'><em>των</em></span> <span class='ocrx_word' id='word_1_68' title='bbox 195 786 217 828; x_wconf 81' lang='grc' dir='ltr'><em>δὲ</em></span> <span class='ocrx_word' id='word_1_69' title='bbox 229 789 320 840; x_wconf 79' lang='grc' dir='ltr'><em>7μάλλον</em></span> <span class='ocrx_word' id='word_1_70' title='bbox 336 784 384 836; x_wconf 83' lang='grc' dir='ltr'><em>τούς</em></span> <span class='ocrx_word' id='word_1_71' title='bbox 395 787 553 843; x_wconf 77' lang='grc' dir='ltr'><em>προειρημένους</em></span> <span class='ocrx_word' id='word_1_72' title='bbox 566 789 666 842; x_wconf 86' lang='grc' dir='ltr'><em>χρονίτας·</em></span> <span class='ocrx_word' id='word_1_73' title='bbox 686 787 707 829; x_wconf 84' lang='grc' dir='ltr'><em>ἒν</em></span> <span class='ocrx_word' id='word_1_74' title='bbox 719 788 767 830; x_wconf 86' lang='grc' dir='ltr'><em>ε’ίδει</em></span> <span class='ocrx_word' id='word_1_75' title='bbox 778 790 819 830; x_wconf 76' lang='grc' dir='ltr'><em>τῶν</em></span> <span class='ocrx_word' id='word_1_76' title='bbox 829 790 926 843; x_wconf 82' lang='grc' dir='ltr'><em>στιχηρῶν</em></span> 
     </span>
     <span class='ocr_line' id='line_1_10' title="bbox 146 853 927 913; baseline 0.001 -15"><span class='ocrx_word' id='word_1_77' title='bbox 146 853 287 912; x_wconf 79' lang='grc' dir='ltr'><em>8ε’παπάρησιν</em></span> <span class='ocrx_word' id='word_1_78' title='bbox 297 853 416 911; x_wconf 68' lang='grc' dir='ltr'><em>ἀπορήσειας</em></span> <span class='ocrx_word' id='word_1_79' title='bbox 427 854 545 910; x_wconf 81' lang='grc' dir='ltr'><em>διαστήσας,</em></span> <span class='ocrx_word' id='word_1_80' title='bbox 560 856 594 898; x_wconf 84' lang='grc' dir='ltr'><em>καί</em></span> <span class='ocrx_word' id='word_1_81' title='bbox 604 854 661 899; x_wconf 87' lang='grc' dir='ltr'><em>λύσιν</em></span> <span class='ocrx_word' id='word_1_82' title='bbox 670 853 755 909; x_wconf 85' lang='grc' dir='ltr'><em>λύσεως,</em></span> <span class='ocrx_word' id='word_1_83' title='bbox 771 853 804 899; x_wconf 84' lang='grc' dir='ltr'><em>διά</em></span> <span class='ocrx_word' id='word_1_84' title='bbox 815 854 837 899; x_wconf 83' lang='grc' dir='ltr'><em>τά</em></span> <span class='ocrx_word' id='word_1_85' title='bbox 849 854 927 913; x_wconf 75' lang='grc' dir='ltr'><em>εὐπερί-</em></span> 
     </span>
     <span class='ocr_line' id='line_1_11' title="bbox 143 922 927 983; baseline 0.001 -16"><span class='ocrx_word' id='word_1_86' title='bbox 143 927 230 980; x_wconf 86' lang='grc' dir='ltr'><em>δρακτον</em></span> <span class='ocrx_word' id='word_1_87' title='bbox 243 924 277 967; x_wconf 83' lang='grc' dir='ltr'><em>καί</em></span> <span class='ocrx_word' id='word_1_88' title='bbox 294 923 358 977; x_wconf 76' lang='grc' dir='ltr'><em>σαφές</em></span> <span class='ocrx_word' id='word_1_89' title='bbox 371 928 411 967; x_wconf 80' lang='grc' dir='ltr'><em>νῦν</em></span> <span class='ocrx_word' id='word_1_90' title='bbox 427 923 585 983; x_wconf 78' lang='grc' dir='ltr'><em>ἐπιχειρημάτων</em></span> <span class='ocrx_word' id='word_1_91' title='bbox 589 960 595 980; x_wconf 86' lang='grc'><em>,</em></span> <span class='ocrx_word' id='word_1_92' title='bbox 615 922 750 980; x_wconf 75' lang='grc' dir='ltr'><em>ποιησάμενος</em></span> <span class='ocrx_word' id='word_1_93' title='bbox 760 923 796 980; x_wconf 76' lang='grc' dir='ltr'><em>τήν</em></span> <span class='ocrx_word' id='word_1_94' title='bbox 807 923 870 982; x_wconf 75' lang='grc' dir='ltr'><em>ἀρχὴν</em></span> <span class='ocrx_word' id='word_1_95' title='bbox 881 926 927 982; x_wconf 86' lang='grc' dir='ltr'><em>περί</em></span> 
     </span>
     <span class='ocr_line' id='line_1_12' title="bbox 143 992 325 1051; baseline -0.005 -15"><span class='ocrx_word' id='word_1_96' title='bbox 143 992 253 1051; x_wconf 77' lang='grc' dir='ltr'><em>ἀγεννητου</em></span> <span class='ocrx_word' id='word_1_97' title='bbox 267 997 325 1036; x_wconf 83' lang='grc' dir='ltr'><em>θεοῦ.</em></span> 
     </span>
    </p>
   </div>
   <div class='ocr_carea' id='block_1_3' title="bbox 62 1198 974 2634">
    <p class='ocr_par' dir='ltr' id='par_1_3' title="bbox 62 1198 974 2634">
     <span class='ocr_line' id='line_1_13' title="bbox 199 1198 927 1258; baseline 0.001 -15"><span class='ocrx_word' id='word_1_98' title='bbox 199 1198 320 1258; x_wconf 79' lang='grc' dir='ltr'><em>Ἀνατροπη.</em></span> <span class='ocrx_word' id='word_1_99' title='bbox 346 1199 403 1243; x_wconf 83' lang='grc' dir='ltr'><em>Κανά</em></span> <span class='ocrx_word' id='word_1_100' title='bbox 412 1200 463 1251; x_wconf 83' lang='grc' dir='ltr'><em>λέξιν</em></span> <span class='ocrx_word' id='word_1_101' title='bbox 474 1205 511 1255; x_wconf 77' lang='grc' dir='ltr'><em>τῆς</em></span> <span class='ocrx_word' id='word_1_102' title='bbox 521 1202 645 1256; x_wconf 73' lang='grc' dir='ltr'><em>διαλεκτικῆς</em></span> <span class='ocrx_word' id='word_1_103' title='bbox 656 1214 694 1245; x_wconf 90' lang='grc' dir='ltr'><em>σου</em></span> <span class='ocrx_word' id='word_1_104' title='bbox 703 1203 797 1257; x_wconf 86' lang='grc' dir='ltr'><em>κομπίας,</em></span> <span class='ocrx_word' id='word_1_105' title='bbox 813 1200 848 1244; x_wconf 86' lang='grc' dir='ltr'><em>καὶ</em></span> <span class='ocrx_word' id='word_1_106' title='bbox 860 1205 927 1244; x_wconf 87' lang='grc' dir='ltr'><em>συλλο-</em></span> 
     </span>
     <span class='ocr_line' id='line_1_14' title="bbox 62 1267 928 1327; baseline 0.002 -16"><span class='ocrx_word' id='word_1_107' title='bbox 62 1291 97 1322; x_wconf 73' lang='lat' dir='ltr'><em>pag.</em></span> <span class='ocrx_word' id='word_1_108' title='bbox 104 1283 135 1313; x_wconf 75' lang='grc' dir='ltr'><em>νοτ.</em></span> <span class='ocrx_word' id='word_1_109' title='bbox 144 1274 233 1327; x_wconf 80' lang='grc' dir='ltr'><em>γιστικῆς</em></span> <span class='ocrx_word' id='word_1_110' title='bbox 245 1271 389 1325; x_wconf 85' lang='grc' dir='ltr'><em>ματαιοπονίας</em></span> <span class='ocrx_word' id='word_1_111' title='bbox 398 1268 435 1324; x_wconf 79' lang='grc' dir='ltr'><em>την</em></span> <span class='ocrx_word' id='word_1_112' title='bbox 444 1267 561 1326; x_wconf 74' lang='grc' dir='ltr'><em>ἀνατροπὴν</em></span> <span class='ocrx_word' id='word_1_113' title='bbox 571 1269 688 1325; x_wconf 75' lang='grc' dir='ltr'><em>ποιήσομαι,</em></span> <span class='ocrx_word' id='word_1_114' title='bbox 697 1268 724 1325; x_wconf 75' lang='grc' dir='ltr'><em>μὴ</em></span> <span class='ocrx_word' id='word_1_115' title='bbox 734 1268 868 1327; x_wconf 68' lang='grc' dir='ltr'><em>ὑπερβαίνων,</em></span> <span class='ocrx_word' id='word_1_116' title='bbox 878 1270 928 1325; x_wconf 81' lang='grc' dir='ltr'><em>μηδὲ</em></span> 
     </span>
     <span class='ocr_line' id='line_1_15' title="bbox 145 1337 927 1397; baseline 0 -15"><span class='ocrx_word' id='word_1_117' title='bbox 145 1341 167 1382; x_wconf 83' lang='grc' dir='ltr'><em>ἐν</em></span> <span class='ocrx_word' id='word_1_118' title='bbox 176 1339 262 1397; x_wconf 76' lang='grc' dir='ltr'><em>δευτέρῳ</em></span> <span class='ocrx_word' id='word_1_119' title='bbox 272 1338 377 1393; x_wconf 79' lang='grc' dir='ltr'><em>τιθέμενος</em></span> <span class='ocrx_word' id='word_1_120' title='bbox 385 1342 426 1381; x_wconf 78' lang='grc' dir='ltr'><em>τῶν</em></span> <span class='ocrx_word' id='word_1_121' title='bbox 434 1341 538 1382; x_wconf 79' lang='grc' dir='ltr'><em>δοκουσῶν</em></span> <span class='ocrx_word' id='word_1_122' title='bbox 548 1352 581 1382; x_wconf 86' lang='grc' dir='ltr'><em>σοι</em></span> <span class='ocrx_word' id='word_1_123' title='bbox 589 1338 684 1394; x_wconf 84' lang='grc' dir='ltr'><em>μειζόνων</em></span> <span class='ocrx_word' id='word_1_124' title='bbox 693 1337 708 1395; x_wconf 73' lang='grc' dir='ltr'><strong><em>ἢ</em></strong></span> <span class='ocrx_word' id='word_1_125' title='bbox 717 1339 752 1382; x_wconf 84' lang='grc' dir='ltr'><em>καὶ</em></span> <span class='ocrx_word' id='word_1_126' title='bbox 760 1340 850 1397; x_wconf 86' lang='grc' dir='ltr'><em>βραχέων</em></span> <span class='ocrx_word' id='word_1_127' title='bbox 856 1339 927 1391; x_wconf 78' lang='grc' dir='ltr'><em>λέξεων</em></span> 
     </span>
     <span class='ocr_line' id='line_1_16' title="bbox 119 1405 974 1468; baseline 0 -17"><span class='ocrx_word' id='word_1_128' title='bbox 119 1464 121 1468; x_wconf 92' lang='lat'>.</span> <span class='ocrx_word' id='word_1_129' title='bbox 145 1407 169 1451; x_wconf 85' lang='grc' dir='ltr'><em>νδ</em></span> <span class='ocrx_word' id='word_1_130' title='bbox 177 1406 289 1463; x_wconf 85' lang='grc' dir='ltr'><em>ἀμύθητον.</em></span> <span class='ocrx_word' id='word_1_131' title='bbox 312 1408 353 1450; x_wconf 86' lang='grc' dir='ltr'><em>Καὶ</em></span> <span class='ocrx_word' id='word_1_132' title='bbox 364 1411 444 1464; x_wconf 74' lang='grc' dir='ltr'><em>πρῶτον</em></span> <span class='ocrx_word' id='word_1_133' title='bbox 454 1408 490 1463; x_wconf 85' lang='grc' dir='ltr'><em>μέν</em></span> <span class='ocrx_word' id='word_1_134' title='bbox 500 1408 542 1451; x_wconf 77' lang='grc' dir='ltr'><em>ἐπεὶ</em></span> <span class='ocrx_word' id='word_1_135' title='bbox 553 1406 595 1451; x_wconf 84' lang='grc' dir='ltr'><em>ἀνω</em></span> <span class='ocrx_word' id='word_1_136' title='bbox 608 1405 693 1465; x_wconf 86' lang='grc' dir='ltr'><em>γράφων</em></span> <span class='ocrx_word' id='word_1_137' title='bbox 702 1413 746 1459; x_wconf 86' lang='grc' dir='ltr'><em>τοῖς</em></span> <span class='ocrx_word' id='word_1_138' title='bbox 755 1412 793 1452; x_wconf 87' lang='grc' dir='ltr'><em>τοῦ</em></span> <span class='ocrx_word' id='word_1_139' title='bbox 801 1412 840 1452; x_wconf 88' lang='grc' dir='ltr'><em>σοῦ</em></span> <span class='ocrx_word' id='word_1_140' title='bbox 849 1405 928 1464; x_wconf 84' lang='grc' dir='ltr'><em>πληρύ·</em></span> <span class='ocrx_word' id='word_1_141' title='bbox 973 1460 974 1463; x_wconf 13' lang='lat'>¹</span> 
     </span>
     <span class='ocr_line' id='line_1_17' title="bbox 146 1474 928 1535; baseline -0.001 -15"><span class='ocrx_word' id='word_1_142' title='bbox 146 1495 207 1533; x_wconf 88' lang='grc' dir='ltr'><em>ματος</em></span> <span class='ocrx_word' id='word_1_143' title='bbox 217 1474 314 1531; x_wconf 77' lang='grc' dir='ltr'><em>ἀθληταῖς</em></span> <span class='ocrx_word' id='word_1_144' title='bbox 322 1477 357 1519; x_wconf 81' lang='grc' dir='ltr'><em>καί</em></span> <span class='ocrx_word' id='word_1_145' title='bbox 367 1474 484 1533; x_wconf 79' lang='grc' dir='ltr'><em>ἀθλητρίαις</em></span> <span class='ocrx_word' id='word_1_146' title='bbox 492 1477 575 1532; x_wconf 82' lang='grc' dir='ltr'><em>έφησθα</em></span> <span class='ocrx_word' id='word_1_147' title='bbox 583 1479 674 1534; x_wconf 85' lang='grc' dir='ltr'><em>χρονίτας</em></span> <span class='ocrx_word' id='word_1_148' title='bbox 683 1475 739 1528; x_wconf 85' lang='grc' dir='ltr'><em>τινάς</em></span> <span class='ocrx_word' id='word_1_149' title='bbox 749 1477 928 1535; x_wconf 86' lang='grc' dir='ltr'><em>σφετερισαμένους</em></span> 
     </span>
     <span class='ocr_line' id='line_1_18' title="bbox 146 1542 928 1604; baseline -0.003 -13"><span class='ocrx_word' id='word_1_150' title='bbox 146 1545 198 1603; x_wconf 81' lang='grc' dir='ltr'><em>άπερ</em></span> <span class='ocrx_word' id='word_1_151' title='bbox 213 1543 262 1601; x_wconf 83' lang='grc' dir='ltr'><em>μετά</em></span> <span class='ocrx_word' id='word_1_152' title='bbox 276 1550 342 1602; x_wconf 87' lang='grc' dir='ltr'><em>χεῖρας</em></span> <span class='ocrx_word' id='word_1_153' title='bbox 358 1542 407 1600; x_wconf 81' lang='grc' dir='ltr'><em>εἶχες</em></span> <span class='ocrx_word' id='word_1_154' title='bbox 418 1549 454 1588; x_wconf 89' lang='grc' dir='ltr'><em>τοῦ</em></span> <span class='ocrx_word' id='word_1_155' title='bbox 465 1548 602 1601; x_wconf 84' lang='grc' dir='ltr'><em>πονηματίον,</em></span> <span class='ocrx_word' id='word_1_156' title='bbox 618 1547 769 1603; x_wconf 57' lang='grc' dir='ltr'><em>θέρωτηθείσης</em></span> <span class='ocrx_word' id='word_1_157' title='bbox 779 1550 816 1601; x_wconf 79' lang='grc' dir='ltr'><em>τῆς</em></span> <span class='ocrx_word' id='word_1_158' title='bbox 828 1544 884 1604; x_wconf 82' lang='grc' dir='ltr'><em>παρά</em></span> <span class='ocrx_word' id='word_1_159' title='bbox 896 1546 928 1589; x_wconf 81' lang='grc' dir='ltr'><em>σοὶ</em></span> 
     </span>
     <span class='ocr_line' id='line_1_19' title="bbox 146 1612 926 1670; baseline -0.004 -11"><span class='ocrx_word' id='word_1_160' title='bbox 146 1617 216 1667; x_wconf 81' lang='grc' dir='ltr'><em>λέξεως</em></span> <span class='ocrx_word' id='word_1_161' title='bbox 226 1615 247 1658; x_wconf 81' lang='grc' dir='ltr'><em>σὲ</em></span> <span class='ocrx_word' id='word_1_162' title='bbox 258 1619 330 1670; x_wconf 79' lang='grc' dir='ltr'><em>μᾶλλον</em></span> <span class='ocrx_word' id='word_1_163' title='bbox 340 1618 399 1657; x_wconf 89' lang='grc' dir='ltr'><em>τοῦτο</em></span> <span class='ocrx_word' id='word_1_164' title='bbox 412 1612 434 1657; x_wconf 87' lang='grc' dir='ltr'><em>τδ</em></span> <span class='ocrx_word' id='word_1_165' title='bbox 446 1612 510 1670; x_wconf 83' lang='grc' dir='ltr'><em>ῦνομα</em></span> <span class='ocrx_word' id='word_1_166' title='bbox 519 1614 646 1670; x_wconf 78' lang='grc' dir='ltr'><em>κεκτημένον,</em></span> <span class='ocrx_word' id='word_1_167' title='bbox 661 1616 695 1658; x_wconf 82' lang='grc' dir='ltr'><em>καὶ</em></span> <span class='ocrx_word' id='word_1_168' title='bbox 704 1613 753 1665; x_wconf 86' lang='grc' dir='ltr'><em>τούς</em></span> <span class='ocrx_word' id='word_1_169' title='bbox 763 1612 804 1659; x_wconf 85' lang='grc' dir='ltr'><em>ἀπύ</em></span> <span class='ocrx_word' id='word_1_170' title='bbox 817 1619 854 1658; x_wconf 80' lang='grc' dir='ltr'><em>σοῖ</em></span> <span class='ocrx_word' id='word_1_171' title='bbox 866 1631 926 1669; x_wconf 85' lang='grc' dir='ltr'><em>μεμα-</em></span> 
     </span>
     <span class='ocr_line' id='line_1_20' title="bbox 145 1681 928 1741; baseline -0.003 -13"><span class='ocrx_word' id='word_1_172' title='bbox 145 1684 293 1740; x_wconf 82' lang='grc' dir='ltr'><em>θητενμένους,</em></span> <span class='ocrx_word' id='word_1_173' title='bbox 314 1684 348 1726; x_wconf 78' lang='grc' dir='ltr'><em>ἵνα</em></span> <span class='ocrx_word' id='word_1_174' title='bbox 364 1681 392 1738; x_wconf 74' lang='grc' dir='ltr'><em>μη</em></span> <span class='ocrx_word' id='word_1_175' title='bbox 406 1684 457 1726; x_wconf 84' lang='grc' dir='ltr'><em>είπω</em></span> <span class='ocrx_word' id='word_1_176' title='bbox 469 1684 644 1740; x_wconf 85' lang='grc' dir='ltr'><em>πεπλανημένους,</em></span> <span class='ocrx_word' id='word_1_177' title='bbox 664 1684 782 1741; x_wconf 84' lang='grc' dir='ltr'><em>διελέγξετεν.</em></span> <span class='ocrx_word' id='word_1_178' title='bbox 808 1681 879 1738; x_wconf 77' lang='grc' dir='ltr'><em>Ἡμέν</em></span> <span class='ocrx_word' id='word_1_179' title='bbox 890 1681 928 1741; x_wconf 80' lang='grc' dir='ltr'><em>γάρ</em></span> 
     </span>
     <span class='ocr_line' id='line_1_21' title="bbox 147 1747 929 1810; baseline -0.004 -13"><span class='ocrx_word' id='word_1_180' title='bbox 147 1757 198 1797; x_wconf 83' lang='grc' dir='ltr'><em>θεοῦ</em></span> <span class='ocrx_word' id='word_1_181' title='bbox 209 1750 256 1809; x_wconf 79' lang='grc' dir='ltr'><em>ἀγλα</em></span> <span class='ocrx_word' id='word_1_182' title='bbox 267 1754 331 1802; x_wconf 88' lang='grc' dir='ltr'><em>πίστις</em></span> <span class='ocrx_word' id='word_1_183' title='bbox 338 1749 429 1808; x_wconf 83' lang='grc' dir='ltr'><em>ἀπαρχῆς</em></span> <span class='ocrx_word' id='word_1_184' title='bbox 438 1747 499 1805; x_wconf 82' lang='grc' dir='ltr'><em>οῦσα,</em></span> <span class='ocrx_word' id='word_1_185' title='bbox 514 1753 549 1795; x_wconf 88' lang='grc' dir='ltr'><em>καί</em></span> <span class='ocrx_word' id='word_1_186' title='bbox 560 1750 601 1806; x_wconf 79' lang='grc' dir='ltr'><em>ἀεὶ,</em></span> <span class='ocrx_word' id='word_1_187' title='bbox 622 1750 753 1810; x_wconf 75' lang='grc' dir='ltr'><em>άρχαλζουσα,</em></span> <span class='ocrx_word' id='word_1_188' title='bbox 774 1753 808 1796; x_wconf 82' lang='grc' dir='ltr'><em>καὶ</em></span> <span class='ocrx_word' id='word_1_189' title='bbox 819 1750 847 1807; x_wconf 80' lang='grc' dir='ltr'><em>μη</em></span> <span class='ocrx_word' id='word_1_190' title='bbox 858 1756 929 1795; x_wconf 88' lang='grc' dir='ltr'><em>παλαι-</em></span> 
     </span>
     <span class='ocr_line' id='line_1_22' title="bbox 148 1818 929 1877; baseline -0.003 -12"><span class='ocrx_word' id='word_1_191' title='bbox 148 1823 235 1877; x_wconf 89' lang='grc' dir='ltr'><em>ουμένη,</em></span> <span class='ocrx_word' id='word_1_192' title='bbox 254 1822 306 1864; x_wconf 70' lang='grc' dir='ltr'><em>ἔστιν</em></span> <span class='ocrx_word' id='word_1_193' title='bbox 323 1819 364 1874; x_wconf 86' lang='grc' dir='ltr'><em>ἀεί,</em></span> <span class='ocrx_word' id='word_1_194' title='bbox 383 1821 418 1863; x_wconf 84' lang='grc' dir='ltr'><em>καί</em></span> <span class='ocrx_word' id='word_1_195' title='bbox 433 1818 544 1877; x_wconf 74' lang='grc' dir='ltr'><em>ἡδραίωται</em></span> <span class='ocrx_word' id='word_1_196' title='bbox 558 1820 632 1877; x_wconf 78' lang='grc' dir='ltr'><em>ταύτης</em></span> <span class='ocrx_word' id='word_1_197' title='bbox 644 1819 656 1864; x_wconf 86' lang='grc' dir='ltr'><em>δ</em></span> <span class='ocrx_word' id='word_1_198' title='bbox 667 1822 771 1876; x_wconf 87' lang='grc' dir='ltr'><em>θεμέλιος,</em></span> <span class='ocrx_word' id='word_1_199' title='bbox 791 1822 827 1865; x_wconf 87' lang='grc' dir='ltr'><em>καί</em></span> <span class='ocrx_word' id='word_1_200' title='bbox 838 1818 929 1877; x_wconf 77' lang='grc' dir='ltr'><em>ἀπάρχει,</em></span> 
     </span>
     <span class='ocr_line' id='line_1_23' title="bbox 148 1885 930 1948; baseline -0.005 -14"><span class='ocrx_word' id='word_1_201' title='bbox 148 1893 220 1947; x_wconf 81' lang='grc' dir='ltr'><em>έχουσα</em></span> <span class='ocrx_word' id='word_1_202' title='bbox 230 1888 266 1934; x_wconf 86' lang='grc' dir='ltr'><em>τδν</em></span> <span class='ocrx_word' id='word_1_203' title='bbox 275 1887 337 1944; x_wconf 79' lang='grc' dir='ltr'><em>αύτῆς</em></span> <span class='ocrx_word' id='word_1_204' title='bbox 347 1887 446 1943; x_wconf 80' lang='grc' dir='ltr'><em>δεσπότην</em></span> <span class='ocrx_word' id='word_1_205' title='bbox 456 1885 547 1947; x_wconf 84' lang='grc' dir='ltr'><em>ἀχρονον.</em></span> <span class='ocrx_word' id='word_1_206' title='bbox 578 1888 616 1933; x_wconf 88' lang='grc' dir='ltr'><em>Διδ</em></span> <span class='ocrx_word' id='word_1_207' title='bbox 628 1887 676 1933; x_wconf 76' lang='grc' dir='ltr'><em>οὐδὲ</em></span> <span class='ocrx_word' id='word_1_208' title='bbox 686 1888 736 1945; x_wconf 83' lang='grc' dir='ltr'><em>αύτὴ</em></span> <span class='ocrx_word' id='word_1_209' title='bbox 745 1888 828 1948; x_wconf 74' lang='grc' dir='ltr'><em>χρονική</em></span> <span class='ocrx_word' id='word_1_210' title='bbox 838 1886 930 1946; x_wconf 78' lang='grc' dir='ltr'><em>ἀπάρχει,</em></span> 
     </span>
     <span class='ocr_line' id='line_1_24' title="bbox 148 1956 929 2017; baseline -0.003 -15"><span class='ocrx_word' id='word_1_211' title='bbox 148 1957 187 2002; x_wconf 84' lang='grc' dir='ltr'><em>ἀλλ’</em></span> <span class='ocrx_word' id='word_1_212' title='bbox 197 1957 228 2002; x_wconf 84' lang='grc' dir='ltr'><em>ἀεί</em></span> <span class='ocrx_word' id='word_1_213' title='bbox 239 1961 281 2002; x_wconf 86' lang='grc' dir='ltr'><em>ε’σττ</em></span> <span class='ocrx_word' id='word_1_214' title='bbox 291 1956 330 2014; x_wconf 90' lang='grc' dir='ltr'><em>μετ’</em></span> <span class='ocrx_word' id='word_1_215' title='bbox 343 1956 429 2015; x_wconf 87' lang='grc' dir='ltr'><em>ἀγγέλων</em></span> <span class='ocrx_word' id='word_1_216' title='bbox 441 1957 618 2013; x_wconf 81' lang='grc' dir='ltr'><em>ἓμπολιτενομένη,</em></span> <span class='ocrx_word' id='word_1_217' title='bbox 633 1960 667 2002; x_wconf 82' lang='grc' dir='ltr'><em>καί</em></span> <span class='ocrx_word' id='word_1_218' title='bbox 677 1956 747 2016; x_wconf 86' lang='grc' dir='ltr'><em>άγίονς</em></span> <span class='ocrx_word' id='word_1_219' title='bbox 756 1956 807 2003; x_wconf 83' lang='grc' dir='ltr'><em>κατά</em></span> <span class='ocrx_word' id='word_1_220' title='bbox 817 1956 887 2017; x_wconf 86' lang='grc' dir='ltr'><em>γενεάν</em></span> <span class='ocrx_word' id='word_1_221' title='bbox 895 1958 929 2001; x_wconf 82' lang='grc' dir='ltr'><em>καί</em></span> 
     </span>
     <span class='ocr_line' id='line_1_25' title="bbox 148 2024 930 2086; baseline -0.003 -15"><span class='ocrx_word' id='word_1_222' title='bbox 148 2029 216 2086; x_wconf 80' lang='grc' dir='ltr'><em>γενεάν</em></span> <span class='ocrx_word' id='word_1_223' title='bbox 224 2032 333 2083; x_wconf 86' lang='grc' dir='ltr'><em>κοσμοῦσα.</em></span> <span class='ocrx_word' id='word_1_224' title='bbox 363 2025 395 2069; x_wconf 86' lang='grc' dir='ltr'><em>Σύ</em></span> <span class='ocrx_word' id='word_1_225' title='bbox 407 2026 429 2070; x_wconf 82' lang='grc' dir='ltr'><em>δέ</em></span> <span class='ocrx_word' id='word_1_226' title='bbox 441 2031 514 2082; x_wconf 80' lang='grc' dir='ltr'><em>μᾶλλον</em></span> <span class='ocrx_word' id='word_1_227' title='bbox 525 2024 617 2083; x_wconf 84' lang='grc' dir='ltr'><em>χρονικδς</em></span> <span class='ocrx_word' id='word_1_228' title='bbox 626 2025 728 2085; x_wconf 85' lang='grc' dir='ltr'><em>ύπάρχεις,</em></span> <span class='ocrx_word' id='word_1_229' title='bbox 743 2029 878 2083; x_wconf 84' lang='grc' dir='ltr'><em>βουκοληθείς</em></span> <span class='ocrx_word' id='word_1_230' title='bbox 888 2024 930 2070; x_wconf 86' lang='grc' dir='ltr'><em>ῦπδ</em></span> 
     </span>
     <span class='ocr_line' id='line_1_26' title="bbox 147 2093 931 2153; baseline -0.003 -13"><span class='ocrx_word' id='word_1_231' title='bbox 147 2102 183 2153; x_wconf 72' lang='grc' dir='ltr'><em>τῆς</em></span> <span class='ocrx_word' id='word_1_232' title='bbox 194 2095 280 2151; x_wconf 86' lang='grc' dir='ltr'><em>πλάνης,</em></span> <span class='ocrx_word' id='word_1_233' title='bbox 300 2097 335 2139; x_wconf 85' lang='grc' dir='ltr'><em>καὶ</em></span> <span class='ocrx_word' id='word_1_234' title='bbox 352 2096 449 2153; x_wconf 77' lang='grc' dir='ltr'><em>ἐπαρθεὶς</em></span> <span class='ocrx_word' id='word_1_235' title='bbox 464 2094 515 2138; x_wconf 85' lang='grc' dir='ltr'><em>κατά</em></span> <span class='ocrx_word' id='word_1_236' title='bbox 530 2093 567 2150; x_wconf 77' lang='grc' dir='ltr'><em>την</em></span> <span class='ocrx_word' id='word_1_237' title='bbox 582 2094 683 2150; x_wconf 84' lang='grc' dir='ltr'><em>διάνοιαν,</em></span> <span class='ocrx_word' id='word_1_238' title='bbox 704 2097 739 2140; x_wconf 83' lang='grc' dir='ltr'><em>καί</em></span> <span class='ocrx_word' id='word_1_239' title='bbox 751 2096 774 2140; x_wconf 87' lang='grc' dir='ltr'><em>τδ</em></span> <span class='ocrx_word' id='word_1_240' title='bbox 789 2096 826 2140; x_wconf 87' lang='grc' dir='ltr'><em>σδν</em></span> <span class='ocrx_word' id='word_1_241' title='bbox 851 2095 931 2150; x_wconf 85' lang='grc' dir='ltr'><em>άσκημα</em></span> 
     </span>
     <span class='ocr_line' id='line_1_27' title="bbox 148 2161 930 2223; baseline -0.003 -14"><span class='ocrx_word' id='word_1_242' title='bbox 148 2171 184 2221; x_wconf 80' lang='grc' dir='ltr'><em>της</em></span> <span class='ocrx_word' id='word_1_243' title='bbox 198 2164 270 2223; x_wconf 86' lang='grc' dir='ltr'><em>ἀγέλης</em></span> <span class='ocrx_word' id='word_1_244' title='bbox 284 2166 370 2221; x_wconf 84' lang='grc' dir='ltr'><em>χνδαίως</em></span> <span class='ocrx_word' id='word_1_245' title='bbox 385 2166 413 2214; x_wconf 83' lang='grc' dir='ltr'><em>είς</em></span> <span class='ocrx_word' id='word_1_246' title='bbox 425 2161 489 2219; x_wconf 74' lang='grc' dir='ltr'><em>νομην</em></span> <span class='ocrx_word' id='word_1_247' title='bbox 503 2162 616 2219; x_wconf 80' lang='grc' dir='ltr'><em>ἀκανθύδη</em></span> <span class='ocrx_word' id='word_1_248' title='bbox 629 2166 772 2222; x_wconf 81' lang='grc' dir='ltr'><em>παρεμπλέξας.</em></span> <span class='ocrx_word' id='word_1_249' title='bbox 804 2164 878 2214; x_wconf 85' lang='grc' dir='ltr'><em>Ούδείς</em></span> <span class='ocrx_word' id='word_1_250' title='bbox 892 2161 930 2221; x_wconf 81' lang='grc' dir='ltr'><em>γάρ</em></span> 
     </span>
     <span class='ocr_line' id='line_1_28' title="bbox 149 2226 931 2291; baseline -0.004 -13"><span class='ocrx_word' id='word_1_251' title='bbox 149 2233 200 2278; x_wconf 85' lang='grc' dir='ltr'><em>κατά</em></span> <span class='ocrx_word' id='word_1_252' title='bbox 209 2234 231 2277; x_wconf 80' lang='grc' dir='ltr'><em>σέ</em></span> <span class='ocrx_word' id='word_1_253' title='bbox 242 2239 282 2278; x_wconf 82' lang='grc' dir='ltr'><em>τῶν</em></span> <span class='ocrx_word' id='word_1_254' title='bbox 292 2238 383 2276; x_wconf 76' lang='grc' dir='ltr'><em>παλαιῶν</em></span> <span class='ocrx_word' id='word_1_255' title='bbox 397 2231 516 2288; x_wconf 79' lang='grc' dir='ltr'><em>ἐφρόνησεν,</em></span> <span class='ocrx_word' id='word_1_256' title='bbox 532 2226 629 2285; x_wconf 75' lang='grc' dir='ltr'><em>ὧἈέτιε,</em></span> <span class='ocrx_word' id='word_1_257' title='bbox 650 2231 663 2276; x_wconf 84' lang='lat' dir='ltr'><em>o‘</em></span> <span class='ocrx_word' id='word_1_258' title='bbox 672 2231 723 2277; x_wconf 89' lang='grc' dir='ltr'><em>κατά</em></span> <span class='ocrx_word' id='word_1_259' title='bbox 731 2237 829 2291; x_wconf 82' lang='grc' dir='ltr'><em>χρονικῶν</em></span> <span class='ocrx_word' id='word_1_260' title='bbox 838 2231 931 2290; x_wconf 85' lang='grc' dir='ltr'><em>γράφων,</em></span> 
     </span>
     <span class='ocr_line' id='line_1_29' title="bbox 150 2298 932 2361; baseline -0.001 -15"><span class='ocrx_word' id='word_1_261' title='bbox 150 2302 212 2353; x_wconf 84' lang='grc' dir='ltr'><em>αύτδς</em></span> <span class='ocrx_word' id='word_1_262' title='bbox 225 2301 317 2361; x_wconf 88' lang='grc' dir='ltr'><em>χρονικδς</em></span> <span class='ocrx_word' id='word_1_263' title='bbox 334 2299 441 2358; x_wconf 73' lang='grc' dir='ltr'><em>ἀντάρχων,</em></span> <span class='ocrx_word' id='word_1_264' title='bbox 462 2301 497 2344; x_wconf 84' lang='grc' dir='ltr'><em>καί</em></span> <span class='ocrx_word' id='word_1_265' title='bbox 509 2298 548 2343; x_wconf 83' lang='grc' dir='ltr'><em>ούκ</em></span> <span class='ocrx_word' id='word_1_266' title='bbox 559 2299 665 2357; x_wconf 83' lang='grc' dir='ltr'><em>ἀργαίζων.</em></span> <span class='ocrx_word' id='word_1_267' title='bbox 694 2300 770 2352; x_wconf 83' lang='grc' dir='ltr'><em>Εύθύς</em></span> <span class='ocrx_word' id='word_1_268' title='bbox 785 2301 807 2345; x_wconf 82' lang='grc' dir='ltr'><em>δὲ</em></span> <span class='ocrx_word' id='word_1_269' title='bbox 818 2302 841 2345; x_wconf 73' lang='grc' dir='ltr'><em>ἐκ</em></span> <span class='ocrx_word' id='word_1_270' title='bbox 851 2300 932 2359; x_wconf 77' lang='grc' dir='ltr'><em>πρώτης</em></span> 
     </span>
     <span class='ocr_line' id='line_1_30' title="bbox 150 2368 932 2428; baseline -0.004 -12"><span class='ocrx_word' id='word_1_271' title='bbox 150 2375 253 2428; x_wconf 77' lang='grc' dir='ltr'><em>ἐπιβολῆς,</em></span> <span class='ocrx_word' id='word_1_272' title='bbox 275 2370 302 2421; x_wconf 68' lang='grc' dir='ltr'><em>οἷς</em></span> <span class='ocrx_word' id='word_1_273' title='bbox 320 2372 371 2425; x_wconf 84' lang='grc' dir='ltr'><em>έφης</em></span> <span class='ocrx_word' id='word_1_274' title='bbox 389 2368 513 2424; x_wconf 87' lang='grc' dir='ltr'><em>πονημάτιον</em></span> <span class='ocrx_word' id='word_1_275' title='bbox 530 2371 661 2427; x_wconf 83' lang='grc' dir='ltr'><em>γεγραφέναι,</em></span> <span class='ocrx_word' id='word_1_276' title='bbox 681 2369 743 2413; x_wconf 82' lang='grc' dir='ltr'><em>εἰποίν</em></span> <span class='ocrx_word' id='word_1_277' title='bbox 758 2371 804 2427; x_wconf 81' lang='grc' dir='ltr'><em>περὶ</em></span> <span class='ocrx_word' id='word_1_278' title='bbox 824 2368 932 2428; x_wconf 73' lang='grc' dir='ltr'><em>ἀγέννητον</em></span> 
     </span>
     <span class='ocr_line' id='line_1_31' title="bbox 150 2437 932 2498; baseline -0.005 -13"><span class='ocrx_word' id='word_1_279' title='bbox 150 2446 202 2485; x_wconf 84' lang='grc' dir='ltr'><em>θεοῦ</em></span> <span class='ocrx_word' id='word_1_280' title='bbox 217 2442 252 2484; x_wconf 85' lang='grc' dir='ltr'><em>καί</em></span> <span class='ocrx_word' id='word_1_281' title='bbox 264 2444 371 2498; x_wconf 89' lang='grc' dir='ltr'><em>γεννητοῦ,</em></span> <span class='ocrx_word' id='word_1_282' title='bbox 392 2440 498 2493; x_wconf 80' lang='grc' dir='ltr'><em>ἐξέπληξας</em></span> <span class='ocrx_word' id='word_1_283' title='bbox 514 2437 549 2482; x_wconf 90' lang='grc' dir='ltr'><em>τδν</em></span> <span class='ocrx_word' id='word_1_284' title='bbox 559 2440 606 2493; x_wconf 91' lang='grc' dir='ltr'><em>βίον</em></span> <span class='ocrx_word' id='word_1_285' title='bbox 622 2439 643 2482; x_wconf 77' lang='grc' dir='ltr'><em>ἐν</em></span> <span class='ocrx_word' id='word_1_286' title='bbox 653 2443 678 2497; x_wconf 80' lang='grc' dir='ltr'><em>τῇ</em></span> <span class='ocrx_word' id='word_1_287' title='bbox 689 2437 774 2498; x_wconf 80' lang='grc' dir='ltr'><em>τοσαύτη</em></span> <span class='ocrx_word' id='word_1_288' title='bbox 791 2453 829 2483; x_wconf 91' lang='grc' dir='ltr'><em>σου</em></span> <span class='ocrx_word' id='word_1_289' title='bbox 844 2442 932 2498; x_wconf 72' lang='grc' dir='ltr'><em>φωτεινῇ</em></span> 
     </span>
     <span class='ocr_line' id='line_1_32' title="bbox 152 2505 932 2569; baseline -0.003 -16"><span class='ocrx_word' id='word_1_290' title='bbox 152 2512 234 2569; x_wconf 71' lang='grc' dir='ltr'><em>ἐπιβολῇ</em></span> <span class='ocrx_word' id='word_1_291' title='bbox 244 2514 281 2552; x_wconf 85' lang='grc' dir='ltr'><em>τοῦ</em></span> <span class='ocrx_word' id='word_1_292' title='bbox 291 2508 363 2565; x_wconf 86' lang='grc' dir='ltr'><em>λόγον,</em></span> <span class='ocrx_word' id='word_1_293' title='bbox 384 2509 417 2550; x_wconf 75' lang='grc' dir='ltr'><em>ἵνα</em></span> <span class='ocrx_word' id='word_1_294' title='bbox 426 2506 491 2557; x_wconf 80' lang='grc' dir='ltr'><em>ούτως</em></span> <span class='ocrx_word' id='word_1_295' title='bbox 501 2505 640 2565; x_wconf 83' lang='grc' dir='ltr'><em>περιγέλαστύν</em></span> <span class='ocrx_word' id='word_1_296' title='bbox 653 2522 690 2551; x_wconf 87' lang='grc' dir='ltr'><em>σου</em></span> <span class='ocrx_word' id='word_1_297' title='bbox 701 2507 817 2563; x_wconf 82' lang='grc' dir='ltr'><em>ποιήσωμαι</em></span> <span class='ocrx_word' id='word_1_298' title='bbox 826 2506 861 2551; x_wconf 85' lang='grc' dir='ltr'><em>τὸν</em></span> <span class='ocrx_word' id='word_1_299' title='bbox 872 2506 932 2565; x_wconf 86' lang='grc' dir='ltr'><em>λόγον</em></span> 
     </span>
     <span class='ocr_line' id='line_1_33' title="bbox 152 2575 890 2634; baseline -0.005 -12"><span class='ocrx_word' id='word_1_300' title='bbox 152 2583 187 2634; x_wconf 79' lang='grc' dir='ltr'><em>τῆς</em></span> <span class='ocrx_word' id='word_1_301' title='bbox 201 2579 303 2631; x_wconf 78' lang='grc' dir='ltr'><em>διαλέξεως</em></span> <span class='ocrx_word' id='word_1_302' title='bbox 317 2582 353 2632; x_wconf 81' lang='grc' dir='ltr'><em>τῆς</em></span> <span class='ocrx_word' id='word_1_303' title='bbox 367 2575 465 2630; x_wconf 88' lang='grc' dir='ltr'><em>τοσαύτης</em></span> <span class='ocrx_word' id='word_1_304' title='bbox 479 2591 516 2618; x_wconf 90' lang='grc' dir='ltr'><em>σου</em></span> <span class='ocrx_word' id='word_1_305' title='bbox 530 2576 713 2632; x_wconf 86' lang='grc' dir='ltr'><em>καινοτομουμένης</em></span> <span class='ocrx_word' id='word_1_306' title='bbox 727 2575 890 2633; x_wconf 85' lang='grc' dir='ltr'><em>ἀνοματοττοιΐας.</em></span> 
     </span>
    </p>
   </div>
   <div class='ocr_carea' id='block_1_4' title="bbox 152 2712 934 2839">
    <p class='ocr_par' dir='ltr' id='par_1_4' title="bbox 152 2712 934 2839">
     <span class='ocr_line' id='line_1_34' title="bbox 214 2712 933 2798; baseline -0.003 -40"><span class='ocrx_word' id='word_1_307' title='bbox 214 2719 249 2766; x_wconf 83' lang='grc' dir='ltr'><em>Τίς</em></span> <span class='ocrx_word' id='word_1_308' title='bbox 264 2714 302 2772; x_wconf 86' lang='grc' dir='ltr'><em>γάρ</em></span> <span class='ocrx_word' id='word_1_309' title='bbox 317 2719 356 2757; x_wconf 81' lang='grc' dir='ltr'><em>νῦν</em></span> <span class='ocrx_word' id='word_1_310' title='bbox 370 2713 392 2757; x_wconf 85' lang='grc' dir='ltr'><em>τδ</em></span> <span class='ocrx_word' id='word_1_311' title='bbox 407 2712 506 2770; x_wconf 81' lang='grc' dir='ltr'><em>σωτηριον</em></span> <span class='ocrx_word' id='word_1_312' title='bbox 520 2717 557 2755; x_wconf 90' lang='grc' dir='ltr'><em>τοῦ</em></span> <span class='ocrx_word' id='word_1_313' title='bbox 572 2717 624 2756; x_wconf 85' lang='grc' dir='ltr'><em>θεοῦ</em></span> <span class='ocrx_word' id='word_1_314' title='bbox 638 2714 732 2798; x_wconf 79' lang='grc' dir='ltr'><em>κήρυγμα</em></span> <span class='ocrx_word' id='word_1_315' title='bbox 746 2714 870 2797; x_wconf 82' lang='grc' dir='ltr'><em>γεητημένων</em></span> <span class='ocrx_word' id='word_1_316' title='bbox 884 2717 933 2770; x_wconf 84' lang='grc' dir='ltr'><em>Χρι·</em></span> 
     </span>
     <span class='ocr_line' id='line_1_35' title="bbox 152 2780 934 2839; baseline -0.008 -9"><span class='ocrx_word' id='word_1_317' title='bbox 152 2789 236 2830; x_wconf 79' lang='grc' dir='ltr'><em>στιανάν</em></span> <span class='ocrx_word' id='word_1_318' title='bbox 251 2785 330 2827; x_wconf 84' lang='grc' dir='ltr'><em>παίδων</em></span> <span class='ocrx_word' id='word_1_319' title='bbox 348 2787 447 2827; x_wconf 66' lang='grc' dir='ltr'><em>1θτοῦτον</em></span> <span class='ocrx_word' id='word_1_320' title='bbox 462 2782 586 2834; x_wconf 86' lang='grc' dir='ltr'><em>καταλείποι,</em></span> <span class='ocrx_word' id='word_1_321' title='bbox 606 2782 728 2839; x_wconf 81' lang='grc' dir='ltr'><em>προτραπεὶς</em></span> <span class='ocrx_word' id='word_1_322' title='bbox 738 2780 779 2826; x_wconf 85' lang='grc' dir='ltr'><em>ύπδ</em></span> <span class='ocrx_word' id='word_1_323' title='bbox 795 2785 833 2825; x_wconf 85' lang='grc' dir='ltr'><em>σοῦ</em></span> <span class='ocrx_word' id='word_1_324' title='bbox 849 2780 882 2825; x_wconf 86' lang='grc' dir='ltr'><em>διά</em></span> <span class='ocrx_word' id='word_1_325' title='bbox 898 2785 934 2837; x_wconf 80' lang='grc' dir='ltr'><em>τῆς</em></span> 
     </span>
    </p>
   </div>
   <div class='ocr_carea' id='block_1_5' title="bbox 152 2861 944 3136">
    <p class='ocr_par' dir='ltr' id='par_1_5' title="bbox 152 2861 944 3136">
     <span class='ocr_line' id='line_1_36' title="bbox 175 2861 934 2908; baseline -0.009 -5"><span class='ocrx_word' id='word_1_326' title='bbox 175 2868 192 2903; x_wconf 89' lang='lat'>3</span> <span class='ocrx_word' id='word_1_327' title='bbox 204 2864 246 2902; x_wconf 82' lang='grc' dir='ltr'><em>αάτδ</em></span> <span class='ocrx_word' id='word_1_328' title='bbox 258 2876 313 2908; x_wconf 81' lang='lat' dir='ltr'><em>supra.</em></span> <span class='ocrx_word' id='word_1_329' title='bbox 576 2861 593 2897; x_wconf 86' lang='grc'><strong>6</strong></span> <span class='ocrx_word' id='word_1_330' title='bbox 605 2875 644 2908; x_wconf 82' lang='grc' dir='ltr'><em>,,γρ.</em></span> <span class='ocrx_word' id='word_1_331' title='bbox 657 2866 762 2907; x_wconf 73' lang='grc' dir='ltr'><em>περιτομαῖς</em></span> <span class='ocrx_word' id='word_1_332' title='bbox 764 2864 859 2905; x_wconf 56' lang='grc' dir='ltr'><em>(ῑιςίιυι</em></span> <span class='ocrx_word' id='word_1_333' title='bbox 852 2872 934 2904; x_wconf 81' lang='grc' dir='ltr'><em>ιυαιατς.</em></span> 
     </span>
     <span class='ocr_line' id='line_1_37' title="bbox 175 2906 944 2968; baseline -0.007 -20"><span class='ocrx_word' id='word_1_334' title='bbox 175 2911 192 2948; x_wconf 90' lang='grc'><em>4.</em></span> <span class='ocrx_word' id='word_1_335' title='bbox 205 2911 284 2968; x_wconf 75' lang='grc' dir='ltr'><em>εὐσεβεῖς</em></span> <span class='ocrx_word' id='word_1_336' title='bbox 293 2920 349 2953; x_wconf 79' lang='lat' dir='ltr'><strong><em>supra.</em></strong></span> <span class='ocrx_word' id='word_1_337' title='bbox 554 2910 591 2942; x_wconf 75' lang='lat' dir='ltr'><strong><em>edit.</em></strong></span> <span class='ocrx_word' id='word_1_338' title='bbox 602 2911 669 2943; x_wconf 76' lang='grc' dir='ltr'><em>Ραανιϊ.</em></span> <span class='ocrx_word' id='word_1_339' title='bbox 686 2910 741 2950; x_wconf 76' lang='lat' dir='ltr'><strong><em>Supra</em></strong></span> <span class='ocrx_word' id='word_1_340' title='bbox 749 2910 829 2964; x_wconf 77' lang='grc' dir='ltr'><em>ῑεςτδαλυτ</em></span> <span class='ocrx_word' id='word_1_341' title='bbox 839 2906 934 2953; x_wconf 75' lang='grc' dir='ltr'><em>ἐπιφοραῖς·</em></span> <span class='ocrx_word' id='word_1_342' title='bbox 942 2950 944 2953; x_wconf 31' lang='grc' dir='ltr'>Ι</span> 
     </span>
     <span class='ocr_line' id='line_1_38' title="bbox 176 2950 933 3009; baseline -0.008 -16"><span class='ocrx_word' id='word_1_343' title='bbox 176 2959 192 2993; x_wconf 82' lang='grc'><em>5.</em></span> <span class='ocrx_word' id='word_1_344' title='bbox 204 2955 259 3002; x_wconf 80' lang='grc' dir='ltr'><em>λόγιον</em></span> <span class='ocrx_word' id='word_1_345' title='bbox 269 2967 324 2999; x_wconf 79' lang='lat' dir='ltr'><em>supra.</em></span> <span class='ocrx_word' id='word_1_346' title='bbox 341 2953 397 2990; x_wconf 80' lang='lat' dir='ltr'><em>Pro‘</em></span> <span class='ocrx_word' id='word_1_347' title='bbox 383 2955 434 3000; x_wconf 78' lang='grc' dir='ltr'><em>ημῶν</em></span> <span class='ocrx_word' id='word_1_348' title='bbox 443 2955 489 2989; x_wconf 78' lang='lat' dir='ltr'><strong>codd.</strong></span> <span class='ocrx_word' id='word_1_349' title='bbox 495 2963 532 2987; x_wconf 82' lang='lat' dir='ltr'><em>mss</em></span> <span class='ocrx_word' id='word_1_350' title='bbox 577 2953 594 2988; x_wconf 89' lang='lat'>7</span> <span class='ocrx_word' id='word_1_351' title='bbox 602 2956 656 2996; x_wconf 77' lang='lat' dir='ltr'><em>supra</em></span> <span class='ocrx_word' id='word_1_352' title='bbox 667 2950 791 3009; x_wconf 79' lang='grc' dir='ltr'><em>μαλιστατους</em></span> <span class='ocrx_word' id='word_1_353' title='bbox 797 2952 933 3008; x_wconf 80' lang='grc' dir='ltr'><em>προειρημένους.</em></span> 
     </span>
     <span class='ocr_line' id='line_1_39' title="bbox 152 2984 934 3058; baseline -0.005 -20"><span class='ocrx_word' id='word_1_354' title='bbox 152 3000 349 3058; x_wconf 67' lang='grc' dir='ltr'><em>υίιῐνετλιιυαιιημὲν,</em></span> <span class='ocrx_word' id='word_1_355' title='bbox 361 3003 532 3055; x_wconf 76' lang='grc' dir='ltr'><em>ντιῑδεατγαυῑηεν-</em></span> <span class='ocrx_word' id='word_1_356' title='bbox 577 2997 594 3032; x_wconf 83' lang='grc' dir='ltr'><em>Β.</em></span> <span class='ocrx_word' id='word_1_357' title='bbox 606 2997 653 3035; x_wconf 77' lang='grc' dir='ltr'><em>ἐπ”</em></span> <span class='ocrx_word' id='word_1_358' title='bbox 641 2994 848 3044; x_wconf 77' lang='grc' dir='ltr'><em>απόρηοαοῖπορήσεως,</em></span> <span class='ocrx_word' id='word_1_359' title='bbox 865 2984 934 3034; x_wconf 79' lang='grc' dir='ltr'><em>καλλύ-</em></span> 
     </span>
     <span class='ocr_line' id='line_1_40' title="bbox 152 3043 646 3095; baseline -0.01 -11"><span class='ocrx_word' id='word_1_360' title='bbox 152 3043 532 3095; x_wconf 77' lang='grc' dir='ltr'><em>μτοττροκεκομικότοςντνπροςιιεκομικύτας</em></span> <span class='ocrx_word' id='word_1_361' title='bbox 555 3056 580 3080; x_wconf 85' lang='grc' dir='ltr'><em>σιν</em></span> <span class='ocrx_word' id='word_1_362' title='bbox 591 3056 646 3088; x_wconf 77' lang='lat' dir='ltr'><strong><em>supra</em></strong></span> 
     </span>
     <span class='ocr_line' id='line_1_41' title="bbox 577 3090 934 3136; baseline -0.008 -9"><span class='ocrx_word' id='word_1_363' title='bbox 577 3090 594 3127; x_wconf 98' lang='grc'><strong>9</strong></span> <span class='ocrx_word' id='word_1_364' title='bbox 605 3093 675 3126; x_wconf 77' lang='grc' dir='ltr'><em>Βιαοιτῐ</em></span> <span class='ocrx_word' id='word_1_365' title='bbox 686 3094 722 3133; x_wconf 75' lang='grc' dir='ltr'><em>γαί</em></span> <span class='ocrx_word' id='word_1_366' title='bbox 730 3090 845 3136; x_wconf 82' lang='grc' dir='ltr'><em>πουημιιτίον,</em></span> <span class='ocrx_word' id='word_1_367' title='bbox 858 3093 934 3126; x_wconf 71' lang='lat' dir='ltr'><em>commate</em></span> 
     </span>
    </p>
   </div>
   <div class='ocr_carea' id='block_1_6' title="bbox 0 0 1011 3392">
    <p class='ocr_par' dir='ltr' id='par_1_6' title="bbox 0 0 1011 3392">
     <span class='ocr_line' id='line_1_42' title="bbox 0 0 1011 3392; baseline 0 0"><span class='ocrx_word' id='word_1_368' title='bbox 0 0 1011 3392; x_wconf 95' lang='lat' dir='ltr'><em> </em></span> 
     </span>
    </p>
   </div>
  </div>
 </body>
</html>
