1988 3392
265 245 361 279 PANARH
372 245 416 280 [ΑΒ.
424 247 454 280 ΠΙ.
466 246 521 280 ΤΟΜ.
531 247 545 280 Ι.
556 245 625 279 HAER.
635 244 716 279 LXXVI.
837 234 878 276 315

95 326 175 370 Etenim
186 340 227 368 non
238 326 299 368 multa
309 334 355 367 sunt
364 326 502 378 invariabilia,
525 328 559 368 sed
571 341 611 368 una
627 326 725 366 duntaxat
740 325 760 365 in
773 323 880 380 singulari·

95 402 135 438 tate
149 394 239 448 trinitas,
256 402 276 436 et
287 409 326 437 noa
339 395 360 436 in
375 394 463 454 trinitate
476 395 580 447 diviuitas,
597 409 657 451 aqua
672 394 747 450 reliqua
758 394 823 435 omnia
833 407 880 449 pro·

95 464 127 506 cul
138 464 219 506 dIstaut.
249 462 322 520 Neque
333 478 383 505 vero
395 471 417 505 ut
430 463 539 519 patiantur,
559 472 593 506 aut
602 471 674 520 agant,
697 462 780 504 fortuito
794 462 879 518 quodam

96 547 143 576 casn
156 540 263 575 consecuta
274 539 331 585 sunt,
352 546 417 588 neque
430 540 558 575 sacrosancta
568 534 648 576 trinitas
661 533 705 575 dum
719 532 760 586 agit
772 531 811 587 pati
825 531 880 586 quic-

95 602 147 659 piam
161 609 239 658 potest,
262 616 309 644 cum
322 609 362 643 tota
376 602 461 658 patiendi
474 615 560 658 expers,
581 610 602 644 et
614 603 715 645 adoranda
727 601 764 652 sit,
788 600 825 641 boc
838 607 877 650 est,

96 678 153 728 pater
164 678 184 712 et
196 671 247 712 lilius
259 678 280 712 et
292 670 373 728 spiritus
390 678 479 712 sauctus.
512 669 589 728 Quippe
601 673 649 714 deus
662 685 697 728 per
709 670 769 712 tilium
786 669 880 710 uniuersa

96 740 195 792 condidit,
212 738 271 781 lilium
284 754 332 782 vero
342 754 382 781 non
396 739 455 790 fecit,
477 741 542 795 utqui
554 755 598 782 cum
610 741 700 782 comibus
717 740 798 781 minime
811 751 881 780 nnme-

95 815 159 850 retur.
191 806 293 862 Siquidem
304 809 323 849 in
335 809 402 862 operis
415 809 573 850 communionem
586 823 629 850 cum
642 816 698 864 patre
713 809 780 859 venit,
803 815 880 848 etcum

96 876 166 917 eodem
181 877 283 918 adoratur.
314 874 387 931 Neque
404 883 504 931 postremo
520 877 610 932 spiritum
626 884 715 918 sanctum
733 875 822 926 creavit,
847 873 880 930 qui

96 958 121 986 ne
132 943 176 1001 ipse
187 944 264 1000 quidem
282 944 335 985 inter
352 944 418 985 omitia
437 952 560 986 numerumn.
591 944 656 986 Huius
670 944 722 986 enim
735 945 836 1000 proprium
849 950 880 985 est

96 1013 235 1055 universorum
255 1012 388 1054 corroborare
406 1012 514 1064 virtutemq
538 1013 589 1053 uude
601 1020 621 1053 et
632 1012 764 1054 communiter
778 1012 879 1053 adoratur.

95 1079 161 1123 Porro
173 1096 217 1122 cum
231 1081 297 1122 omnia
308 1080 345 1122 sub
357 1081 415 1122 unius
432 1081 576 1136 providentiam
592 1080 823 1134 administrationemque
835 1080 881 1120 sub-

95 1150 147 1191 iecta
158 1148 211 1201 sim,
228 1150 319 1190 feruutur
329 1155 429 1204 aguntque
441 1150 531 1203 singula,
548 1156 568 1189 et
579 1162 629 1204 quae
641 1163 653 1190 a
664 1149 701 1189 deo
712 1156 759 1189 sunt
767 1148 832 1190 aliena
848 1162 882 1203 pa-

95 1216 179 1258 tiuntur.
211 1216 311 1272 Quocirca
329 1230 367 1257 una
383 1230 428 1258 ase
440 1219 483 1273 ipsa
500 1217 578 1258 trinitas
593 1216 716 1258 invariabilis
732 1224 774 1267 est,
796 1216 881 1271 reliqua,

96 1300 146 1341 quae
164 1285 188 1326 ab
206 1284 248 1340 ipsa
266 1284 413 1340 producuntur,
437 1285 502 1326 omnia
521 1287 635 1336 variantur3
662 1299 713 1339 quae
729 1299 766 1326 nec
783 1292 880 1340 tompore,

96 1368 134 1396 nec
150 1354 268 1395 aeternitate
285 1368 329 1395 eum
346 1353 380 1394 illa
398 1354 457 1394 simul
474 1354 570 1394 existunt.
603 1353 652 1395 Sola
668 1353 734 1408 itaque
751 1354 880 1408 sempiterna,

96 1423 185 1465 increata
195 1429 216 1465 et
225 1421 312 1478 ingenita
325 1429 363 1463 est.
396 1422 426 1464 Ac
438 1421 489 1463 titius
500 1422 578 1478 quidem
590 1422 633 1464 sine
645 1422 685 1464 ullo
697 1429 786 1478 tempore
798 1420 881 1463 initiore

96 1492 176 1549 genitus
187 1492 238 1534 idem
249 1491 273 1534 ab
284 1497 366 1534 aeterno
378 1499 419 1543 est,
436 1505 473 1533 nec
484 1506 569 1548 uuquam
581 1506 627 1534 esse
637 1492 716 1535 desiuit.
747 1490 881 1547 Quamobrem

97 1569 155 1605 caute
167 1562 271 1605 admodum
282 1570 351 1616 eaput,
375 1576 415 1604 non
426 1564 500 1603 mitium
509 1564 555 1617 filii
565 1569 640 1618 patrem
659 1576 704 1604 esse
719 1575 785 1603 sermo
802 1561 882 1603 divinus
891 1581 986 1620 mma,

97 1631 188 1684 edocuit,
211 1631 270 1688 idque
289 1638 371 1688 propter
390 1632 472 1673 eandem
493 1631 597 1688 utriusque
618 1632 756 1673 substantiam.
795 1629 883 1688 Spiritus

97 1716 147 1744 vero
160 1708 241 1744 sanctus
253 1701 387 1758 sempiternus
399 1708 440 1753 est,
462 1708 482 1742 et
494 1716 504 1743 a
515 1709 572 1758 patre
584 1702 669 1755 missus,
691 1716 735 1744 cum
752 1716 791 1758 quo
804 1715 884 1758 semper

98 1771 179 1822 existit,
196 1784 233 1812 nec
248 1770 273 1812 ab
288 1770 354 1825 aliquo
370 1777 459 1827 tempore
474 1784 520 1813 esse
536 1771 609 1827 coepit.

157 1839 212 1881 Aelii
230 1837 296 1895 Caput
313 1837 420 1881 XXXVI.
457 1836 480 1881 Si
496 1841 611 1895 ingenitus,
632 1846 653 1881 et
667 1839 716 1881 deus
735 1854 771 1895 pro
788 1854 829 1881 uno
849 1854 884 1881 eo·

99 1909 183 1965 demque
194 1915 309 1960 sumantur,
325 1908 426 1964 ingenitus
437 1908 547 1964 ingenitum
558 1909 635 1964 genuit.
667 1906 703 1950 Sin
717 1908 817 1950 diversum
828 1910 884 1964 quid-

62 2029 63 2032 *
99 1977 143 2018 dom
159 1976 243 2032 ingeniti
257 1990 280 2017 ac
294 1977 325 2017 dei
341 1977 439 2018 vocabula
454 1977 567 2028 declarant,
593 1992 719 2033 nequaquam
733 1977 839 2018 absurdum
854 1984 885 2019 est

100 2044 157 2085 deum
170 2059 181 2084 a
194 2045 231 2085 deo
243 2044 331 2099 genitum
344 2058 401 2096 esse,
423 2059 467 2085 cum
483 2051 567 2099 uterque
580 2045 604 2085 ab
617 2045 707 2100 ingenita
722 2045 833 2086 substantia
845 2046 885 2086 ori-

99 2113 165 2168 ginem
182 2112 275 2153 traxerit.
307 2110 365 2165 Quod
378 2112 395 2152 si
407 2119 453 2153 ante
471 2112 529 2152 deum
545 2112 592 2153 nibil
609 2113 690 2153 omnino
708 2113 756 2164 fuit,
779 2120 801 2153 ut
812 2127 885 2154 revera

99 2180 147 2222 nibil
158 2179 237 2231 extitit,
260 2180 308 2221 deus
321 2187 341 2221 et
353 2178 462 2234 ingenitum
478 2179 530 2221 idem
544 2181 601 2235 plane
614 2180 738 2235 significant,
760 2195 805 2221 cnm
817 2181 884 2236 genita

98 2249 178 2291 soboles
191 2248 301 2304 ingenitum
314 2262 354 2289 uon
366 2247 464 2289 admittat.
477 2303 478 2306 Ἴ
495 2246 553 2290 Unde
567 2263 611 2290 cum
625 2249 662 2290 deo
674 2263 697 2290 ac
712 2256 767 2305 patre
777 2263 814 2290 suo
825 2248 884 2290 simul

98 2317 192 2374 appellari
207 2330 253 2358 sese
268 2331 308 2357 non
324 2318 405 2370 patitur.

156 2382 240 2427 Coritut.
252 2386 342 2425 XXXVl.
372 2386 387 2425 l.
405 2382 462 2427 Unde
471 2386 550 2426 tandem
561 2400 598 2427 uos
609 2385 681 2426 Aetius
692 2386 747 2427 iubet
756 2399 824 2426 earum
835 2399 885 2441 quas

98 2448 189 2510 proponit
205 2452 386 2507 interrogationum
402 2467 425 2494 ac
439 2453 612 2494 ratiocinationum
630 2468 711 2495 sensum
729 2457 752 2495 ae
766 2454 886 2496 sententiam

98 2522 192 2577 assequi?
221 2520 244 2563 Si
256 2534 283 2562 ex
295 2522 418 2575 argumentis
436 2529 457 2563 et
470 2522 591 2578 syllogismis
609 2530 679 2563 censet
695 2523 747 2564 istud
764 2536 809 2563 esse
825 2537 886 2577 quae-

98 2591 194 2643 rendum,
216 2589 307 2646 quioquid
320 2590 426 2646 cogitando
440 2591 551 2647 quaesitum
567 2589 719 2647 indagatumque
731 2591 801 2643 luerit,
822 2591 842 2632 in
857 2590 887 2633 ni-

98 2660 158 2703 hilum
170 2674 263 2703 unacum
275 2660 318 2717 ipso
330 2659 435 2715 redigitur.
467 2658 532 2702 Deum
542 2659 595 2703 euim
607 2660 672 2702 nullus
684 2676 769 2718 unquam
780 2676 886 2718 argumen-

98 2731 158 2773 tando
168 2730 334 2787 comprehendet,
356 2743 420 2785 neque
432 2730 531 2787 opificium
544 2729 608 2788 opifici
620 2744 657 2772 suo
669 2731 733 2783 dicet,
755 2735 806 2785 Quid
815 2747 844 2774 me
855 2736 882 2773 ita
889 2750 934 2783 Rom.
944 2753 958 2790 9,
967 2751 988 2779 to.

91 2804 176 2858 serito?
196 2808 217 2843 ut
231 2800 375 2856 scriptumest.
407 2797 542 2854 Quamobrem
559 2800 590 2857 pia
602 2807 668 2842 mente
679 2809 699 2842 et
712 2803 812 2844 innocenti
827 2816 885 2844 secu-

97 2870 157 2912 ritate
169 2871 193 2912 ad
203 2869 269 2912 sancti
279 2870 372 2926 spiritus,
393 2883 443 2925 quae
455 2883 491 2926 per
506 2871 570 2913 sacris
584 2871 653 2912 literas
664 2873 763 2927 patefacta
775 2872 833 2913 uobis
844 2879 883 2923 cst,

100 2939 209 2981 doctrinam
226 2939 351 2981 revocandus
368 2945 398 2980 est
415 2939 502 2981 animus.
533 2939 571 2983 Ubi
587 2954 631 2981 cum
647 2940 710 2982 solida
728 2941 884 2997 immutabilique

99 3024 164 3062 utroque
175 3021 222 3054 codd.
236 3030 273 3054 mss.
287 3024 302 3053 et
314 3021 350 3052 edit.
362 3021 413 3060 princ.
504 3022 598 3064 perioribus.

120 3065 137 3100 3.
148 3063 169 3101 τό
181 3063 213 3109 πρὸ
226 3068 269 3100 obest
280 3068 296 3099 b.
304 3069 315 3099 t.
326 3068 429 3099 elatustum
440 3068 479 3099 scri-
525 3065 542 3100 4.
554 3069 608 3108 Sopro
621 3064 667 3108 ἔστι,
679 3065 699 3102 τὸ
712 3065 758 3106 aste.

96 3114 128 3155 ptis
136 3121 185 3155 quam
194 3113 246 3146 aditis.
269 3113 347 3154 supplent
358 3113 410 3146 locum
421 3112 441 3145 de
451 3122 479 3146 so·
526 3114 541 3146 b.
554 3115 607 3156 Sapra
618 3110 638 3149 τὸ
652 3113 803 3160 constituerem.
