1988 3392
167 242 195 284 82
459 252 542 286 οιαοτι
554 252 670 285 EPIPHANH

167 331 218 381 φίαν
233 333 274 371 τῶν
289 335 377 373 συνετῶν
394 328 458 380 (καθὺ
472 330 590 384 γέγραπται,
611 334 659 372 Ποῦ
671 329 746 383 σοφὺς,
767 335 808 374 ποῦ
819 332 952 387 γραμματεὺς,

167 400 209 437 ποῦ
220 396 329 450 συζητητίγς
339 403 376 440 τοῦ
386 399 460 444 αἰῶνος
469 395 560 449 τούτους)
576 397 665 452 ἐλέγχων,
681 398 719 440 οὐκ
730 400 752 440 έν
763 401 826 455 σοφίγ
835 398 904 455 λόγου,
919 402 953 443 ἵνα

166 461 194 517 μη
207 461 242 505 δαί
251 462 276 505 τολ
288 465 310 507 ἒκ
321 468 423 521 λογισμῶν»
436 460 591 518 ὑποπτευόμενα
602 469 695 524 κενωθῇ,
716 466 778 520 φημί,
793 463 876 521 εὑσεβης
886 468 953 511 ἔννοια

165 529 180 586 η
189 533 236 589 περὶ
250 532 327 589 πατρὺς
343 535 376 576 καί
392 534 446 574 υίοῦ·
467 529 507 573 ἄλλ’
518 530 605 583 ἀπαθῶς
618 534 693 590 πατέρα
708 536 743 577 καὶ
753 533 809 588 υίὺν,
831 536 907 591 πατέρα
919 537 954 590 μὲν

167 602 187 655 ἐξ
199 603 273 648 ἑαυτοῦ
286 600 416 663 γεγεννηκότα
432 597 481 646 ὑνευ
493 600 606 661 ὑπορβοίας
615 605 649 648 καὶ
663 601 747 656 πιίθους
757 603 792 649 τὺν
802 603 859 661 αίὺν,
874 604 920 651 υίὺν
931 607 953 651 ὑὲ

166 672 239 730 ὅμοιον
254 676 289 719 καὶ
299 674 341 719 κατ’
356 673 426 718 οὑσίαν
437 675 460 717 ἐκ
469 679 506 718 τοῦ
518 673 604 732 πατρὸς,
624 676 697 718 τέλειον
711 676 733 719 ἐκ
747 679 833 731 τελείου,
856 688 954 735 μονογενῆ

165 742 291 798 ὑποστοίντα,
316 750 358 794 τοῖς
377 750 456 794 πιστοῖς
476 742 491 798 ἢ
511 741 683 800 θὺποπτευὺμενα
702 742 846 802 ὑσυλλογίστως
866 746 952 804 κηρὺξει.

169 818 213 856 Τῶν
222 813 259 870 γὺρ
274 813 356 856 ἀτόπων
371 814 424 856 ἐστὶν
436 814 458 856 έκ
471 818 538 866 σοφοῦ
549 819 601 857 θεοῦ
610 816 686 867 σοφίαν
698 812 833 868 ὑφισταμένην
845 814 953 869 αίκοὺοντα,

166 880 194 931 οἱς
205 886 275 934 σοφοῖς
286 879 328 924 οἶδε
341 887 377 936 τῆς
393 883 413 932 έξ
426 882 517 924 7ἑαυτοῦ
531 886 661 938 γεννηθείσας
676 885 749 935 σοφίας
766 884 860 939 γενέσθαι
878 883 952 940 πατὴρ,

165 949 235 999 ποίθος
249 951 325 992 ἐννοεῖν
335 952 382 1006 περὶ
393 949 430 1003 τήν
444 953 519 1003 σοφίαν
533 949 667 1003 ὑφίστασθαι,
690 953 709 993 εί
719 952 786 1004 μέλλοι
799 953 820 1002 έξ
836 950 900 995 αὑτοῦ
911 951 953 994 κατ’

165 1016 236 1059 οὐσίαν
252 1015 313 1070 ὑμοία
330 1022 358 1074 τῷ
374 1022 432 1074 σοφῷ
447 1015 535 1070 ὑσοφία
551 1016 681 1070 ὑφίστασθαι.
712 1020 742 1059 Εἰ
756 1017 794 1074 γιλρ
806 1018 855 1072 μήτε
866 1018 879 1061 ὑ
889 1018 953 1071 σοφὺς

164 1083 214 1134 θείς
233 1085 328 1138 θμεθέξει
342 1087 426 1137 σοφίας,
446 1085 550 1134 συνθέτως
561 1084 626 1138 σοφὺς
641 1082 690 1139 ἡμῖν
705 1090 788 1127 νοεῖται·
809 1084 850 1127 ἀλλ’
867 1084 952 1129 ολσυνθέ·

164 1171 203 1203 τως
214 1151 275 1204 αὑτός
286 1155 326 1196 ἐστι
337 1153 413 1208 σοφός,
431 1151 518 1203 θοὺσίας
529 1154 579 1206 ἔστί,
596 1152 645 1208 μήτε
656 1150 670 1208 ἡ
680 1157 743 1208 σοφία
753 1155 805 1196 ἐστὶν
817 1152 829 1197 ὑ
836 1153 892 1208 υίὺς,
908 1155 954 1211 ἑξῆς

165 1230 245 1269 νοεῖται.
272 1222 333 1268 Ἀλλὺ
343 1222 356 1280 ὑ
369 1225 431 1277 σοφία
444 1223 546 1275 10οὐσίας
557 1225 609 1268 ἐστὶν
622 1221 662 1268 ὑπὺ
676 1228 742 1278 σοφοῦ
755 1223 830 1279 οὐσίας,
846 1224 909 1270 ὅέστι
919 1241 953 1269 σο-

164 1299 212 1351 φία,
228 1293 286 1339 οὑσία
296 1293 308 1339 ὁ
318 1294 363 1346 οίὺς
374 1293 462 1346 ὑποστὺς
471 1293 531 1351 ὑμοία
541 1296 596 1338 ἕσται
607 1296 642 1339 καί
652 1292 695 1337 κατ’
709 1294 781 1339 οὐσίαν
790 1300 826 1339 τοῦ
835 1301 903 1351 σοφοῦ
914 1313 953 1339 πα-

163 1364 219 1424 τρὺς,
235 1363 272 1420 ἀφ’
286 1359 349 1422 οὗπερ
364 1363 439 1419 ὑπέστη
455 1368 516 1418 σοφία
531 1363 543 1408 ὑ
558 1364 609 1416 υίός.

223 1701 261 1746 Aio*
277 1704 311 1746 καὶ
328 1701 408 1753 είωθοίς
420 1700 432 1745 ὑ
443 1701 542 1760 μακαίριος
555 1706 636 1754 Παῦλος
651 1706 717 1753 καλῶς
730 1701 756 1745 τὺ
766 1701 866 1760 Ἑβραίων
881 1720 951 1748 πεπαι-

164 1772 259 1828 δευμένος
271 1771 312 1818 ὑπὺ
326 1778 363 1817 τοῦ
374 1771 438 1816 αὑτοῦ
450 1771 563 1829 πνεύματος
573 1777 609 1817 τοῦ
621 1774 642 1817 έν
654 1774 729 1832 παλαιᾷ
738 1774 772 1817 καί
784 1778 843 1835 καινῇ
859 1772 950 1835 διαθήκη

163 1842 283 1900 λαλήσαντος
296 1842 331 1896 ταῖς
345 1842 407 1895 αὑτὺς
423 1844 486 1887 έλκειν
501 1845 588 1898 έννοίας,
609 1844 673 1902 ὑίςπερ
691 1843 731 1888 ιἰπὺ
747 1849 787 1888 τῶν
803 1844 841 1889 iio
857 1850 950 1902 ψαλμῶν,

164 1913 205 1958 οἰπὺ
215 1920 252 1958 τοῦ
261 1932 281 1958 τε
293 1916 394 1972 λέγοντος,
420 1912 448 1956 Ti
459 1913 544 1971 κρίματοί
556 1928 593 1957 σου
605 1913 694 1970 ίίβυσσος
706 1913 779 1970 πολλὴ,
800 1917 835 1958 καὶ
850 1915 892 1959 ἆπὺ
907 1921 950 1968 τοῦ,

164 1985 194 2026 Αἱ
202 1986 267 2042 τρίβοι
277 1998 315 2027 σου
330 1986 351 2027 έν
360 1983 420 2026 iiam
430 1988 521 2036 πολλοῖς,
541 1985 587 2036 καὶ,
612 1982 641 2027 Ti
652 1985 696 2038 ’ίχνη
707 1999 744 2026 σου
756 1981 781 2027 οὑ
792 1984 951 2041 γνωσθησυνται,

163 2051 199 2095 τὺν
211 2054 257 2109 περὶ
269 2052 372 2108 κριμὺτων
381 2057 417 2095 τοῦ
426 2057 479 2094 θεοῦ
487 2051 546 2108 λόγον
557 2053 654 2106 μετέβαλε.
682 2050 736 2094 Ἀντί
746 2052 782 2107 μέν
792 2057 840 2105 τοῦ,
849 2050 952 2107 ’Ἀβνσσος

163 2120 236 2175 πολλὴ,
252 2120 286 2174 τὺ,
298 2116 325 2162 Ὦ
336 2121 403 2175 βαίθος
413 2120 513 2172 πλούτου,
535 2117 580 2162 dvii
591 2121 613 2162 δὲ
624 2124 671 2172 τοῦ,
692 2122 723 2162 Αί
731 2123 795 2176 τρίβοι
809 2135 846 2163 σου
858 2122 881 2164 ἐν
890 2121 951 2163 ὑὸασι

162 2194 254 2240 πολλοῖς,
274 2191 307 2230 καί
318 2188 343 2230 τοί
354 2192 398 2242 ’ίγνη
409 2202 447 2230 σου
457 2188 482 2229 οὑ
494 2186 658 2242 γνωσθήσονται,
679 2186 713 2238 τὺ,
725 2187 892 2241 Ἀνεξιγνίαστον,
906 2186 950 2230 ἄντί

79 2256 187 2310 pagii&
199 2261 246 2306 τοῦ,
269 2254 299 2297 To}
314 2254 401 2308 κρίματνί
418 2269 455 2295 σου
471 2253 559 2307 ίίβοσσος
571 2253 642 2308 πολλοὶ,
663 2253 696 2305 τὺ,
714 2253 865 2308 Ἀνεξερεὺνητα
875 2253 899 2296 τοί
908 2257 951 2310 κρί·

163 2321 215 2377 ματα
227 2336 270 2365 σου.
303 2321 362 2364 oiim
373 2322 406 2364 καὶ
417 2319 463 2376 παρ’
474 2319 536 2375 αὑτῆς
552 2325 588 2375 της
598 2324 672 2374 σοφίας
681 2318 717 2374 τὴν
729 2322 774 2376 περὶ
786 2321 859 2375 ἑαυτῆς
868 2323 903 2365 καί
913 2326 949 2365 τοῦ

162 2389 240 2446 πατρὸς
252 2392 288 2434 καλ
297 2389 334 2446 τήν
345 2389 396 2449 πρὺς
406 2388 455 2433 iiis
466 2389 562 2447 γενόμενα
573 2391 639 2445 σχέσιν
649 2387 722 2444 μαθοίν
733 2390 754 2432 ἓν
765 2395 807 2439 τοῖς
818 2391 890 2433 ἑαυτοῦ
901 2388 950 2446 ὑμῖν

162 2460 199 2517 την
215 2462 262 2519 περὶ
279 2460 372 2520 1πατρίς
388 2462 423 2505 καὶ
434 2462 491 2515 υίοῦ,
512 2462 547 2505 καὶ
562 2465 602 2505 τῶν
616 2462 637 2506 ἐκ
650 2458 726 2519 πατρὺς
742 2456 767 2504 δι’
780 2461 828 2505 υίοῦ
839 2461 950 2520 γεγονότων

162 2535 280 2590 παρίστησιν
292 2535 375 2577 ἔννοιαν.
408 2537 448 2588 Τῆς
464 2530 501 2589 γὺρ
513 2535 593 2586 Σοφίας
607 2530 713 2586 είποὺσης,
731 2529 785 2587 Ἐγοί
798 2529 811 2587 ἡ
823 2536 884 2586 σοφία
893 2548 949 2577 κατε-

163 2601 258 2657 σκηνωσα
275 2602 360 2658 βουλὴν,
381 2603 415 2645 καὶ
430 2601 454 2644 τιλ
470 2603 525 2656 ἑξῆς,
548 2602 582 2644 καί
599 2592 712 2655 μεταβάσης
728 2602 756 2651 είς
768 2600 803 2644 τὺν
815 2598 878 2646 ὑιόὑ
889 2602 950 2660 λόγον

163 2671 297 2729 (είρηκεγαίρ,
318 2671 410 2726 Δι’έμοῦ
425 2674 521 2725 βασιλεῖς,
543 2671 577 2712 καὶ
589 2669 622 2722 τὺ,
642 2668 689 2711 Ἐοῖν
703 2669 812 2727 αἰναγγείλω
826 2669 875 2726 ὑμῖν
886 2671 911 2715 isi
924 2670 949 2716 δι’

162 2741 223 2795 ἐμοῦ,
239 2740 369 2795 μνημονεύσω
383 2738 407 2782 ταί
420 2738 454 2781 ὑπ’
467 2741 541 2788 αἰῶνος
552 2737 683 2793 ἀριθμῆσαι),
698 2740 732 2781 καί
745 2738 850 2794 είιτοὺσης,
871 2740 949 2796 Κὺριος

162 2810 226 2852 έκτισέ
235 2826 259 2864 με
272 2807 335 2865 ἀρχὴν
345 2807 399 2852 ὑλῶν
414 2806 477 2851 αὑτοῦ
494 2810 522 2856 είς
538 2808 586 2862 ἔργα
598 2806 672 2858 αὑτοῦ,
694 2805 734 2862 πρὸ
745 2812 783 2850 τοῦ
793 2809 867 2858 αἰῶνος
878 2811 946 2863 ἔθεμε-

185 2926 201 2960 6.
215 2925 242 2956 Sic
253 2926 319 2956 corrixi.
342 2924 387 2954 Libri
397 2924 453 2955 habent
464 2922 544 2956 ἐποπτευ-
589 2920 605 2954 9.
618 2923 694 2961 Suspicor
708 2918 759 2954 οὑσία
769 2919 815 2959 ἐστι,
834 2920 879 2965 μήτε
890 2922 905 2957 εἰ
916 2934 947 2957 σο-

162 2965 220 3008 όμενα.
245 2970 315 3000 Ceterum
332 2969 429 2999 αολιαενεοε
443 2968 544 2999 ιἰιλιίονεν-
567 2962 733 3008 φίαέστλνὺυἱᾶς,
746 2956 857 3005 ἓξιςιοεῖται.
880 2969 947 3001 Ρελονίο

162 3012 185 3044 bis
191 3036 197 3053 ,
213 3013 277 3045 οουαιε
287 3014 350 3054 ellipsin
359 3014 464 3052 comparativi
476 3012 544 3056 μᾶλλον.
565 3012 627 3051 placuit
637 3006 694 3055 ου’σλη,
706 3007 752 3044 οῐίτω
760 3006 828 3054 μητεη
839 3011 891 3056 σοφία
901 3011 947 3048 ἐστὶν

185 3057 201 3092 7.
214 3054 265 3092 αὑτοῦ
277 3060 311 3091 τοί.
324 3059 390 3099 λλιολλφ.
568 3052 578 3092 ὁ
594 3054 640 3100 υἱὸς,
659 3054 694 3097 ἕξις
709 3059 776 3091 νοεῖται.
799 3052 853 3093 Ἀλλὰ
867 3057 883 3094 ελ
895 3057 947 3103 σοφία

185 3102 201 3138 8.
214 3101 248 3146 ἕξει
258 3105 370 3147 suspicabatur
379 3105 459 3139 Ριίονίιιο.
568 3107 601 3138 ται.
