1988 3392
49 2368 84 2398 pag.
93 2359 124 2390 9111.

45 2894 90 2939 Κεφ.
100 2892 122 2933 ς’.

123 187 165 232 184
408 192 619 231 ειαοεικνινακαιι

122 276 182 321 λαιάν
194 277 297 332 διαθήκην
311 275 381 337 ρ’άβδῳ
395 275 452 335 μόνη.
482 273 531 317 Ὗπό
545 278 581 317 τοῦ
594 279 646 318 θεοῦ
660 276 682 318 δέ
692 273 840 330 ἀπεσταλμένος
850 278 873 321 ἔν
882 284 910 337 τῷ

126 350 222 398 εἰςελθεῖν
237 348 265 397 είς
277 349 382 404 Αἴγυπτον
390 347 518 402 προςτίθεται
529 343 586 402 αὐτῷ
596 345 624 395 εἰς
635 343 734 400 βοήθειαν
741 343 822 401 Ἀαροίν
831 343 844 388 ό
854 346 910 390 ιἰδελ-

125 414 165 471 φός
176 414 246 459 αὐτοῦ.
277 414 328 460 Εἶτα
339 413 388 469 μετά
398 411 421 456 τό
434 418 538 456 πιστεῦσαι
548 412 603 472 αὐτῷ
613 411 649 456 τόν
659 411 747 467 άδελφδν
757 414 850 470 συνήχθη
859 415 911 471 πρός

124 483 187 529 αότδν
199 483 214 541 η
222 488 316 542 γερουσία
329 484 363 526 καὶ
379 485 400 525 οἱ
413 481 498 539 ἀρχηγοὶ
511 487 547 526 τοῦ
562 487 612 525 λαοῦ
628 482 671 525 κατ’
683 484 746 526 έκεῖνο
761 487 839 541 καιροῦ,
870 487 911 528 Καὶ

125 551 174 608 μετά
190 558 254 597 ταῦτα
270 552 418 609 κρατυνομένου
435 555 472 593 τοῦ
487 552 557 608 ἔργον,
578 552 614 593 καὶ
629 550 809 606 τῆςάκολουθίας
826 565 911 608 συναγο-

125 623 197 677 μένης,
217 623 320 677 διεπέρασε
336 619 373 674 τήν
389 617 498 662 θάλασσαν.
530 620 571 661 Καὶ
587 617 645 663 οὕτω
659 614 712 674 ἦσαν
725 618 776 663 κακοί
791 618 826 664 τόν
841 619 911 675 νόμον,

125 692 164 741 ἕως
173 690 206 735 δ’τε
218 691 288 745 καίριος
299 687 361 732 αὐτόν
370 693 426 730 καλεῖ
437 689 465 738 εἷς
476 686 499 730 τό
511 685 564 744 όρος.
594 690 671 731 Δίδωσι
681 689 703 731 δέ
716 687 770 748 αὐτῷ
782 688 818 739 τάς
829 688 911 745 πτόχας,

126 761 161 803 καὶ
172 757 312 802 ὑποδείκνυσιν
328 756 384 817 αὐτῷ
396 756 471 811 σκηνήν
490 755 662 809 2κατασκευάσαι,
683 756 783 815 άρχηγοός
793 775 814 801 τε
825 758 911 815 προστή-

126 834 211 880 σασθαι,
238 826 356 883 δεκάρχους,
382 823 576 881 πεντηκοντάρχους,
603 824 770 883 ἑκατοντάρχους,
793 826 911 884 χιλιάρχους.

127 899 168 940 Καὶ
179 894 229 956 δρᾷς
239 900 283 946 πῶς
294 893 318 939 τά
327 895 435 952 πράγματα
447 893 574 947 πλατύνεται,
597 885 659 951 Ὅρα,
674 897 731 950 (μησί,
746 895 837 951 ποιήσεις
846 895 913 939 πάντα

126 964 177 1009 κατά
194 964 229 1007 τόν
246 963 312 1008 τόπον
330 963 365 1008 τόν
380 964 484 1019 δειχθέντα
497 978 529 1007 σοι
540 964 561 1007 έν
570 968 598 1023 τηῖ
610 962 653 1021 όρει
664 968 727 1024 Σινηῖ,
757 967 799 1008 Καὶ
810 964 860 1024 δρᾷς
870 970 914 1016 κοῖς

126 1035 239 1092 προςετέθη
257 1038 282 1093 τῇ
298 1036 410 1091 νομοθεσία
428 1031 540 1087 έπτοίμυξος
555 1036 633 1087 λυχνία,
653 1033 734 1091 ποδήρη
751 1033 840 1092 ἱερατικά
856 1033 913 1077 ένδό-

128 1122 191 1159 ματα,
214 1101 308 1153 κσίδωνές
318 1104 381 1145 τεκαὶ
393 1101 490 1156 μανδόαι,
510 1103 610 1157 ε’πωμίδες
620 1119 641 1146 τε
651 1105 685 1146 καί
696 1102 797 1161 κιδάρεις,
812 1106 879 1158 μίτραι
892 1120 913 1146 τε

127 1173 162 1215 καὶ
174 1176 239 1215 λίθοιν
251 1170 356 1227 διαφόρων
370 1171 483 1223 συνθέσεις,
499 1170 586 1222 κόαθοι,
601 1174 698 1224 θυΐσκαι,
718 1177 822 1228 λουτῆρες,
843 1177 914 1214 θυσια-

128 1241 209 1297 στήρια,
224 1242 317 1295 τρυβλία,
332 1237 457 1295 μασμαροδθ,
477 1237 535 1282 άτιυοί
548 1241 588 1282 ε’στι
598 1239 739 1296 διϋληστήρια,
755 1238 845 1295 μιδικιδθ
857 1239 915 1283 ἶίτινα

128 1314 236 1353 καλοῦνται
249 1307 335 1364 κόαθοι,
353 1305 481 1362 3μαχιονιόθ,
501 1308 575 1357 αἵτινές
587 1309 624 1350 είσι
634 1307 712 1362 βάσεις,
727 1309 762 1351 κοιλ
773 1308 847 1365 ὅσαπερ
859 1306 872 1352 ό
882 1308 915 1352 νό-

129 1395 167 1432 μος
180 1378 300 1432 διαλέγεται,
317 1377 432 1432 Χερουβὶμ,
452 1377 485 1419 καί
496 1373 521 1418 τά
533 1374 593 1427 άλλα,
612 1374 699 1432 κιβωτός
709 1376 822 1432 διαθήκης,
837 1375 914 1430 οἷναφο-

130 1452 171 1503 ρεῖς
186 1462 206 1488 τε
223 1446 258 1488 καὶ
269 1445 382 1496 δακτύλιοι,
396 1443 461 1499 σκηνή
473 1460 494 1486 τε
504 1445 537 1487 καί
548 1446 624 1501 δέρρεις
635 1446 670 1487 καὶ
682 1446 769 1500 δέρματα
780 1443 914 1502 4ιίρυθροδα-

128 1515 218 1570 μωμένα,
240 1511 434 1570 οἷγκόλαιτεκαλτά
445 1511 504 1565 δίλλα,
525 1514 627 1569 πυλωροὶ,
642 1515 678 1556 καί
688 1512 794 1570 σάλπιγγες
805 1515 871 1557 έλαταλ
881 1515 917 1558 καὶ
964 1559 967 1566 ‚

130 1581 243 1637 καμπύλαι,
264 1583 299 1625 καὶ
317 1587 407 1637 5χρυσαῖ
423 1582 458 1624 καὶ
474 1580 572 1637 όιργυραῖ,
593 1587 673 1636 χαλκαῖ,
697 1574 824 1638 ὓκερατίναι,
845 1582 916 1625 καλτοί

130 1650 179 1693 άλλα
197 1648 372 1705 όσαπερδνόμος
386 1650 437 1702 ἔφη,
459 1652 530 1692 θυσίαι
546 1648 653 1704 διάφοροι,
675 1651 806 1694 διδασκαλίαι.
832 1649 916 1705 Ἐπειδὴ

130 1719 223 1774 άπαρχῆς
234 1722 297 1761 ταῦτα
309 1716 346 1761 οιίκ
358 1712 395 1772 ἦν,
416 1713 456 1773 ἆρα
473 1716 521 1771 μετά
538 1716 561 1761 τό
572 1718 665 1773 γενέσθαι
677 1716 715 1772 τὴν
727 1719 782 1770 τάξιν
797 1717 835 1762 οόκ
848 1721 917 1773 είληφε

130 1787 155 1830 τά
166 1787 283 1842 πράγματα,
306 1785 364 1829 Οίίτω
376 1786 411 1828 καὶ
422 1784 447 1827 τά
458 1785 514 1841 παρά
525 1790 553 1844 τῷ
564 1783 669 1844 άποστόλῳ
681 1789 816 1842 γεγραμμένα,
837 1786 918 1836 ἕωςότε

132 1854 248 1909 ε’πλατόνθη
261 1853 275 1909 ἡ
285 1856 388 1908 ἐκκλησία,
403 1855 441 1903 ἕως
453 1852 486 1897 ὅτε
497 1856 525 1903 είς
534 1853 557 1897 τό
568 1855 620 1896 ίδιον
634 1855 707 1910 μέτρον
720 1853 820 1909 ε’ληλακευ,
835 1856 873 1905 ἕως
885 1854 918 1898 λίτε

131 1922 167 1966 τόν
183 1923 262 1977 κόσμον
277 1927 314 1977 της
330 1923 428 1971 συνέσεως
445 1921 562 1965 δικαιότατα
577 1923 599 1965 ἐκ
615 1922 692 1979 πατρὸς
706 1924 741 1965 καὶ
753 1925 800 1966 υἱοῦ
811 1924 846 1966 καί
859 1922 918 1981 ἆγίου

132 1990 248 2046 πνεύματος
263 1988 395 2050 ᾠκονόμηται.
425 1991 467 2033 Καὶ
481 1992 550 2034 ἔπεσεν
564 1989 577 2034 ό
590 1995 627 2034 τοῦ
639 1991 720 2048 Ἀερίου
734 1990 799 2048 λόγος.

189 2129 230 2171 Καὶ
242 2127 273 2171 ότι
284 2129 320 2182 μέν
331 2126 357 2170 οὗ
368 2128 453 2171 δυ’ναται
468 2125 541 2171 ταιίτόν
554 2125 605 2171 εἶναι
616 2128 707 2173 διδάσκει
720 2127 733 2172 ό
743 2135 802 2180 θεῖος
810 2132 870 2186 λόγος
879 2135 918 2173 τοῦ

132 2196 191 2254 άγίου
204 2197 327 2250 άποστόλου,
347 2200 376 2247 τίς
393 2198 428 2252 μὲν
443 2199 496 2240 ἔστιν
508 2198 626 2249 ἐπίσκοπος,
648 2200 678 2247 τίς
689 2198 711 2240 δὲ
722 2199 763 2240 έστι
774 2197 915 2256 πρεσβύτερος,

135 2266 162 2318 τίς
174 2269 225 2324 λέγει
238 2268 332 2325 Τιμοθέῳ
345 2265 449 2325 ε’πισκόπςο
458 2263 511 2318 όντι,
527 2264 686 2323 ΊΠρεσβότερον
698 2265 727 2323 μή
737 2266 854 2328 ἐπιπλήξῃς,
869 2268 918 2313 άλλολ

133 2335 243 2392 παρακάλει
255 2334 283 2387 οἷς
293 2336 375 2392 πατέρα.
408 2340 431 2379 Τί
441 2333 479 2391 εἶχε
489 2339 572 2393 πρᾶγμα
582 2337 692 2379 ἐπίσκοπον
701 2337 828 2397 πρεσβυτέρῳ
839 2337 866 2394 μή
876 2340 918 2382 ε’πι·

132 2405 235 2460 πλήττειν,
256 2408 275 2448 εί
283 2404 310 2460 μή
323 2400 349 2460 ἦν
361 2403 410 2462 όπέρ
423 2404 458 2448 τόν
468 2404 603 2462 πρεσβύτερον
616 2407 666 2460 ἔχων
676 2403 713 2460 την
723 2407 825 2460 ἐξουσίαν,
846 2406 874 2459 τός
884 2409 918 2451 καὶ

132 2476 263 2532 πόλινλέγει,
286 2474 344 2517 Κατά
356 2475 491 2531 πρεσβυτέρου
507 2473 619 2530 μὴταχέως
635 2478 755 2532 κατηγορίαν
769 2478 838 2532 δέχου,
863 2477 918 2533 είμή

132 2563 152 2588 τι
162 2546 195 2588 ε’πλ
206 2544 244 2587 δόο
254 2545 289 2587 καί
298 2549 358 2602 τριοῐν
370 2543 482 2602 μαρτύρων.
513 2545 555 2586 Καὶ
566 2542 604 2587 οὐκ
614 2541 657 2587 εἶπέ
669 2562 706 2587 τινι
718 2549 759 2589 τῶν
770 2548 917 2603 πρεσβυτέρων,

133 2612 173 2669 Μὴ
184 2615 230 2673 δέξῃ
239 2617 359 2669 κατηγορίαν
368 2613 418 2658 κατά
428 2613 548 2666 ἐπισκόπου,
562 2613 611 2657 οὐδὲ
619 2614 696 2670 ἔγραψε
708 2617 770 2671 8περὶ
781 2620 821 2659 τοῖν
830 2618 917 2671 πρεσβυ-

132 2685 195 2740 τέρων
205 2684 245 2726 τινὶ
256 2681 283 2737 μὴ
295 2683 419 2737 ἐπιπλήττειν
430 2682 539 2741 ε’πισκόπρι.
563 2684 605 2725 Καὶ
615 2681 667 2741 όρᾷς
678 2681 709 2726 ότι
718 2683 793 2735 παντός
804 2690 840 2727 τοῦ
849 2686 872 2728 έκ
882 2690 918 2729 τοῦ

133 2752 229 2808 διαβόλου
244 2753 433 2808 παρασαλευομένου
447 2750 461 2808 η
475 2756 551 2801 πτῶσις
566 2750 590 2795 οὐ
605 2751 667 2809 μικρά
682 2755 712 2804 τίς
726 2755 788 2805 ἔστιν,

185 2889 271 2945 Ἴδωμεν
281 2890 303 2933 δέ
313 2890 347 2932 καί
358 2888 382 2932 τά
393 2888 439 2933 άλλα
450 2887 518 2943 αὐτοῦ,
533 2890 567 2932 καί
578 2891 750 2945 διασκοπήσωμεκ.
773 2891 814 2932 Καί
826 2892 917 2946 περὶτοῦ

156 2973 173 3006 2.
180 2973 309 3008 κατασκευᾶυαι
316 2974 361 3006 codd.
367 2983 403 3006 mss,
410 2977 424 3006 ιι
431 2974 455 3006 ed.
461 2975 513 3014 μνὶιιτ.
536 2974 571 3005 κοιλ,
581 2974 612 3006 λιιι.
623 2984 659 3006 cum
669 2983 734 3006 rasura.
757 2969 918 3018 ήρυλρωδανωμένα

156 3018 172 3052 3.
186 3017 271 3063 μεχωνοίθ
282 3020 316 3052 cod.
329 3020 394 3059 Rhediy.
537 3020 580 3051 ειλιλί.

155 3062 173 3097 4.
188 3060 343 3110 η’,ουὶιροδανιομένα
359 3066 393 3097 τοο.
405 3066 483 3107 Rhediy„
500 3068 515 3096 et
560 3064 576 3096 τί.
593 3063 656 3110 χρυοαλ
672 3063 702 3099 καὶ
719 3061 791 3110 ἅρχυραλ
807 3063 838 3099 καὶ
854 3063 918 3111 χαλκαλ
