1988 3392
242 220 335 255 rnunnn
347 221 390 255 nnn.
398 221 428 254 m.
440 221 496 256 nom.
505 221 518 254 1.
531 221 598 254 naen.
608 220 674 254 maxe
823 213 852 253 tr

67 299 128 352 dens,
145 313 169 343 ae
181 301 227 357 qnid
239 302 315 357 decepti
326 302 417 344 bomines
428 302 532 358 cogitaturi
544 301 649 358 aliqnando
662 302 740 351 forent,
757 308 817 357 ntqne
828 301 852 342 ab

68 382 90 411 se
107 369 190 426 quisque
207 370 310 412 veritatem
323 370 470 412 abindieatnrns
481 379 536 412 esset
551 370 676 426 intelligens,
696 372 762 420 Nihil,
779 369 851 426 inquit,
861 378 956 416 rosunum,

66 453 79 479 u
95 441 157 491 serpso
172 440 304 492 fueitfilties,
323 442 363 480 nisi
378 442 449 480 viderit
461 447 537 493 putrem
550 442 659 494 [eicientem.
690 438 736 482 Nee
754 439 852 496 estquod

67 506 181 564 suspicetur
191 506 263 564 aliquis
274 508 357 565 primum
371 507 424 550 idum
437 507 517 562 videre,
533 508 604 551 deinde
617 509 692 550 faeere
723 506 789 550 Habet
800 509 851 551 enim

67 575 87 617 in
103 575 170 631 seipso
186 576 263 628 onmia,
280 583 300 618 et
315 591 450 633 quaecumque
465 577 551 620 voluerit
566 577 650 634 pertinit.

125 643 211 700 Quinam
226 644 287 701 igitur
299 660 347 688 vera
365 645 414 688 haee
430 660 487 699 esse,
503 644 603 698 Photine,
620 646 727 702 poterunt?
756 644 808 700 Quis
818 645 852 687 iiie
865 655 906 701 cap.
918 657 939 689 v.

68 720 111 766 est,
132 713 164 769 qni
177 714 197 755 iu
212 721 232 755 te
245 714 303 756 nobis
317 728 388 757 rursus
404 715 470 757 lolium
485 714 532 756 iilud
543 715 673 757 disseminat?
703 712 754 769 Quis
763 713 810 756 iilud
824 714 853 755 ri—

67 795 103 823 rns
116 781 136 823 in
149 782 255 824 bumanmn
269 796 333 838 genius
345 784 427 825 effudit?
456 782 508 838 Quis
521 791 588 825 tautae
598 783 632 824 tibi
643 782 762 839 impietatis,
779 796 803 823 au
813 790 852 823 tam

68 850 218 893 consceleratae
226 851 421 906 ooutuureiiosaeqne
432 852 452 892 in
463 852 521 894 deum
532 852 632 908 opinionis
644 858 715 894 anoton·
727 851 776 893 tuit?
803 848 852 893 Non

67 919 223 973 velAbraamus
240 919 342 961 meliorem
362 919 396 960 tibi
413 926 500 961 mentem
516 921 636 976 persuadere
652 921 726 977 potnit,
747 918 780 975 qni
795 919 852 960 denm

68 987 97 1029 sie
112 987 231 1043 alloquitur:
253 990 292 1040 Qui
301 990 375 1028 e'nde'ens
389 1002 461 1028 omnem
474 996 555 1036 terrum,
572 1003 610 1029 non
619 990 681 1042 sueres
692 991 797 1029 tudinium?
828 986 852 1029 ΙΙ·
861 992 929 1031 neum,
934 992 956 1022 ²⁵«

67 1056 99 1097 tun
111 1069 160 1097 vero
173 1056 294 1112 redarguere
307 1063 326 1097 te
336 1056 406 1107 debet,
429 1056 480 1112 quod
496 1057 546 1112 apud
561 1056 624 1113 ipsum
637 1064 729 1099 versatus
744 1070 790 1098 esse
802 1056 853 1098 titius

68 1123 151 1176 dieitur,
174 1138 213 1166 unm
226 1124 324 1166 sermonis
335 1123 400 1180 aliqua
410 1124 506 1180 prolatio,
528 1125 562 1167 sed
575 1126 624 1166 dens
636 1124 719 1167 verbnm
732 1125 852 1167 subsistens.

68 1192 136 1249 Atque
153 1199 174 1235 ut
190 1206 258 1235 eornm
271 1207 321 1249 qune
338 1192 358 1234 in
374 1193 411 1235 boe
430 1193 511 1249 negotio
527 1200 584 1249 gesta
595 1201 642 1235 sunt
656 1192 733 1235 exitum
743 1193 852 1250 intelligas,

68 1275 80 1303 o
90 1261 200 1318 sapientiae
211 1261 275 1303 inanis
286 1261 403 1313 attentator,
428 1262 465 1303 boo
478 1262 522 1317 ipso
532 1262 552 1303 iu
566 1262 677 1318 scripturae
689 1262 733 1304 loeo
744 1263 795 1318 qnod
809 1277 854 1319 per-

68 1330 140 1372 feetum
161 1337 181 1372 et
197 1330 308 1372 absonum
328 1337 360 1371 est
379 1330 433 1372 reiut
453 1329 574 1385 obsignans,
598 1330 707 1372 declaravit
726 1331 757 1372 bis
772 1330 852 1373 verbis:

67 1400 219 1439 Praetutianus
234 1414 245 1439 e
259 1401 311 1439 eoelo
326 1401 401 1451 egerem,
423 1406 443 1439 et
456 1400 549 1451 seulpdur
563 1402 583 1439 e'n
599 1401 680 1440 Sodoma
691 1408 711 1440 et
723 1402 830 1440 Gomorrha
840 1414 852 1440 u
862 1409 957 1447 Gonnum.

67 1469 149 1507 donnino.
181 1466 228 1509 Non
240 1467 304 1518 dixit,
321 1465 409 1508 Verbum
424 1466 510 1517 donnini,
527 1455 561 1521 sdd
576 1465 674 1510 Dominus
684 1482 697 1510 a
709 1468 796 1510 domiuo.
827 1466 855 1510 Ut
954 1471 973 1516 ἓ.

68 1542 88 1577 et
102 1534 166 1578 David
178 1535 256 1577 loeutus
271 1543 313 1577 est:
335 1538 393 1576 utun
407 1538 495 1576 domium
507 1521 582 1577 doiuz‘no
599 1550 646 1576 meo.
678 1534 705 1579 Ut
720 1544 786 1579 antem
805 1551 854 1579 eoin·
867 1546 958 1585 Ps.1m,1
973 1526 982 1572 ,s

68 1610 108 1646 stet
120 1618 159 1646 anon
172 1605 235 1646 solnm
248 1610 292 1661 post
304 1603 462 1646 incarnationem
475 1603 508 1645 titii
523 1618 595 1646 nomen
607 1605 711 1660 usurpari,
732 1606 757 1646 de
769 1619 794 1647 en
806 1620 855 1662 quo-
889 1584 923 1611 Μ’

68 1686 115 1728 qne,
126 1673 197 1728 quoda
209 1672 306 1729 principio
319 1674 390 1714 tantum
402 1680 442 1725 est,
458 1672 579 1715 mentionem
592 1674 646 1715 facit.
663 1676 697 1714 En
708 1682 771 1724 utero,
782 1674 853 1731 iuquit,

68 1744 113 1782 unte
123 1742 235 1795 Luciferum
243 1744 306 1795 genui
316 1749 341 1782 te.
374 1740 416 1783 iam
426 1754 476 1782 vero
483 1742 513 1793 'de
522 1741 593 1798 spiritu
605 1748 675 1784 saneto
689 1756 748 1783 nemo
761 1750 803 1794 est,
820 1743 855 1784 bo·

67 1823 100 1851 mo
116 1809 268 1866 loquacissime,
291 1816 312 1851 et
322 1810 375 1851 inter
387 1810 463 1852 otiosos
475 1809 607 1866 euriososqne
619 1811 751 1863 numerande,
768 1810 801 1866 qui
812 1825 855 1853 ser-

68 1892 138 1920 mones
148 1878 195 1920 ‘tuos
206 1879 274 1934 aequis
284 1878 365 1920 auribus
379 1879 476 1921 admittat.
507 1876 560 1920 Num
573 1879 725 1934 nequemaior,
742 1893 806 1934 neque
819 1878 855 1920 mi-

68 1960 106 1988 uor
119 1946 157 1988 diei
170 1953 236 2003 potest
249 1947 432 2003 spiritnssanetus.
464 1950 511 1999 Quis
521 1949 569 1988 entia
580 1949 638 1996 duee,
660 1946 735 2003 inquit,
755 1951 960 2002 reponebamus.

67 2017 91 2055 de
102 2016 188 2056 manebus
197 2018 281 2056 nestm's?
307 2013 422 2070 Quinetiam
434 2015 485 2056 idem
497 2021 516 2056 te
528 2014 675 2057 sanctissimum
687 2015 779 2068 verbnm,
795 2014 855 2059 Curi-

68 2090 111 2125 stus
121 2083 215 2135 videlieet
225 2083 316 2126 dominus
326 2084 456 2135 aonidemuat3
473 2082 505 2139 qni
517 2083 541 2125 de
553 2083 624 2138 spirim
636 2090 707 2125 saneto
719 2084 748 2125 sie
758 2085 853 2140 loquitur,

68 2150 177 2194 divinitatis
197 2159 218 2194 ut
235 2165 283 2194 suae
301 2166 417 2208 germanum
435 2165 459 2193 aa
475 2151 588 2207 participem
606 2159 710 2206 agnoscat.
741 2151 777 2194 Ait
791 2152 853 2205 euim,
865 2164 919 2212 unqu

70 2222 110 2272 Qui
121 2235 147 2261 ee
160 2228 217 2275 putre
227 2224 327 2274 procedit,
344 2228 365 2261 et
377 2223 401 2261 de
415 2235 455 2261 meo
470 2223 557 2273 ueez'pr‘et.
868 2200 891 2236 h‘
899 2201 922 2229 ἡ

126 2287 192 2343 Qunam
202 2289 262 2331 nudta
273 2296 350 2332 suntet
361 2289 399 2331 atia
411 2288 536 2331 testimonia!
568 2286 626 2344 Quae
638 2290 729 2331 eonsnito
740 2296 853 2346 praetereo,
867 2303 943 2350 capvt.

69 2357 162 2414 qnoniam
179 2358 257 2414 quidem
270 2365 303 2400 tna
320 2358 411 2400 omnibns
427 2357 566 2412 importunitas
582 2364 613 2399 est
627 2358 742 2409 manifesta,
763 2371 814 2413 qnae
829 2358 854 2400 ab

69 2439 151 2478 errore,
168 2440 207 2467 nou
220 2440 231 2468 a
244 2426 341 2477 veritate,
358 2425 502 2482 protieiseitur,
522 2426 572 2467 adeo
585 2433 606 2468 nt
623 2440 718 2468 ironeam
730 2427 789 2467 modo
801 2426 854 2483 sapi·

69 2494 171 2547 entiores,
193 2495 228 2536 sod
242 2502 264 2537 nt
275 2494 303 2537 itti
317 2493 374 2537 sanilo
387 2494 536 2551 deprehendant
546 2494 579 2550 qni
590 2494 705 2537 nonnullum
716 2509 819 2537 sacrarum
831 2496 855 2536 u-

69 2569 156 2605 terorum
170 2577 226 2604 nsum
239 2562 350 2604 habuerint.
382 2561 449 2617 Qanare
464 2577 502 2604 uon
515 2563 607 2618 estquod
621 2563 709 2618 pluribus
722 2564 819 2604 adversus
831 2563 855 2604 n-

69 2631 107 2673 lam
119 2631 238 2673 testimoniis
252 2638 287 2673 aut
298 2631 383 2686 longiori
396 2630 516 2673 refutatione
533 2645 582 2688 opus
596 2645 641 2672 esse
655 2631 713 2673 nobis
726 2632 853 2674 arbitremur.

69 2697 126 2740 Nihil
143 2697 195 2740 enim
213 2698 327 2741 narratione
343 2706 376 2741 tua
388 2706 409 2741 et
423 2700 538 2740 infidelitate
553 2699 577 2740 ad
593 2699 752 2741 eouvineeudum
768 2700 853 2742 taedius.

69 2765 127 2810 Uinde
139 2780 190 2823 qnae
201 2773 269 2808 eontra
281 2774 300 2808 te
311 2768 408 2823 disputata
420 2774 466 2809 snut
482 2767 589 2819 haetenus,
612 2768 662 2809 satis
678 2767 765 2808 arbitror
780 2769 853 2819 futura,

70 2849 94 2877 ao
110 2835 191 2892 perinde
206 2841 228 2876 nt
240 2833 336 2876 insenum
351 2835 446 2890 quoddam
459 2835 531 2876 aniona!
547 2842 623 2877 eterra
634 2849 745 2886 emersum,
762 2843 783 2877 et
793 2835 856 2877 imbe-

70 2904 145 2955 eilbnm,
155 2903 185 2945 sie
195 2910 323 2959 posteaquam
333 2910 351 2944 te
363 2903 423 2944 divini
436 2904 491 2945 verbi
502 2918 526 2945 ae
535 2904 626 2945 veritatis
635 2904 721 2958 vestigio
731 2904 854 2959 proculcari,

93 2982 109 3017 3.
126 2984 208 3024 Suspieim
223 2984 323 3015 scribendum
338 2991 370 3015 esse
386 2977 404 3017 ὃν
422 2981 452 3021 ὠς.
474 2982 563 3016 molentum
576 2982 658 3015 insontum
670 2994 690 3015 ae
700 2982 786 3026 impotens
794 2986 828 3016 edt.

72 3029 159 3062 comanus
175 3030 220 3061 uertit
238 3028 346 3072 Quapropter
365 3027 452 3061 sufficiunt
497 3026 514 3063 4.
525 3030 628 3071 nitrivnuo
639 3025 711 3072 ἀτόμου.

71 3073 114 3107 baec
121 3073 201 3107 adversus
210 3080 228 3107 te
236 3072 288 3115 dieta,
300 3084 350 3118 quem
358 3073 405 3107 vetat
413 3074 452 3107 ani-
