1988 3392
129 221 173 264 264
386 228 628 263 -ελαονιοειεαεαα

130 314 177 357 λους
189 305 240 349 αοίτολ
250 308 296 363 περὶ
306 325 347 350 ταν
360 306 436 356 αὐτων,
451 307 486 347 καί
501 305 604 347 3οτίίλέν”
591 323 658 362 ετεραν
669 306 799 386 διηγήσατο,
803 305 828 348 οτί
841 308 916 362 μυστή-

131 392 164 443 ρια
177 371 354 427 ήμῑντλποδείξας,
376 372 400 414 οίι
412 369 645 428 θεδνδνέπαγγέλλεται
660 371 754 423 διδάξας,
774 370 799 415 οὗ
813 375 880 417 πίστιν
892 374 917 418 δι’

130 459 156 497 ης
167 442 294 500 ἐνεργοῦντες
306 440 412 484 ιίπόστολοι
423 437 461 496 τήν
473 443 509 496 τῆς
522 440 619 497 ἀληθείας
635 439 764 499 ὀνομάζοντες
777 439 858 501 στερεολν
869 439 918 501 δμο-

131 514 200 572 λογίαν
210 511 294 572 νεκροδς
304 510 385 571 ἤγειραν
394 512 429 556 καί
438 509 524 571 λεπροελς
534 511 670 572 εἰιαθοίρισαν,
691 514 725 558 καί
735 510 796 559 τίίλλα
807 513 872 558 πάντα
882 520 918 570 της

131 581 214 641 οίγαθής
230 585 349 638 συμφωνίας
366 584 385 633 ἐξ
399 576 428 625 οἷν
444 581 469 625 τοί
485 581 622 639 ὑποδείγματα
637 580 751 637 ὗπέφαινον
767 588 803 639 τής
819 583 918 640 είληθινής

133 655 237 710 ἐνεργείας,
252 650 301 694 ἄλλοί
311 655 409 706 ματαίους
419 652 454 694 καὶ
466 650 581 706 κομπώδεις
592 651 736 707 σνλλογισμοιλς
747 651 775 707 μή
786 650 918 707 ὑπερβαίνον-

132 739 168 770 τας
178 720 216 774 τήν
225 724 261 774 τής
271 721 400 774 ταυτολογίας
409 717 528 775 προφοροῖν,
549 717 588 761 ἄλλ’
601 717 653 761 αὐτοί
663 720 739 771 ἐκεῖνα,
760 720 795 762 καί
806 718 866 762 οὐδέν
879 721 918 763 έτε·

134 806 170 843 ρον
180 786 318 842 διηγούμενος.
348 786 386 829 Διδ
397 791 552 841 παρακαλοῦμεν
567 785 624 834 ὅπως
635 787 706 840 μηδείς
717 785 771 840 ήμοῖς
782 787 920 840 ἒπιμὲμψηται

134 859 173 896 τῶν
188 853 358 909 ἐντυγχανόντων,
379 855 434 909 είπερ
453 853 488 895 καλ
503 852 563 895 αὐτοὶ
582 851 633 895 κατολ
652 857 692 896 τῶν
712 852 780 897 αὐτῶν
800 854 919 909 ἓνεχθοίμεν,

134 920 291 981 ἀναγκαζόμενοι
305 923 368 980 λέγειν
384 920 435 982 πρδς
451 920 487 979 τήν
502 919 566 966 αὐτοῦ
576 923 713 982 ταυτολογίαν.
746 921 773 969 To*
784 923 871 983 γέννημα
882 920 920 983 γοίρ

135 992 234 1052 ίίτρεπτόν
244 995 309 1048 ἐστιν,
325 993 374 1039 ὅσον
384 995 456 1053 πρέπει
466 992 557 1050 θεότητα
572 995 607 1038 καί
617 991 630 1039 δ
639 994 739 1053 γεννήτωρ
752 993 849 1053 ίίτρεπτός
861 997 920 1049 ἐστιν,

136 1063 164 1116 οίς
173 1066 245 1121 πρέπει
260 1060 363 1121 οίιάλόγως
377 1069 401 1125 τῇ
414 1063 477 1108 αὐτοῦ
488 1062 578 1124 οἷτρέπτφ
591 1063 658 1118 φήσει.
687 1066 753 1109 Μένει
765 1066 787 1109 δὲ
800 1063 812 1110 o‘
825 1065 921 1123 γεννήσας

136 1133 168 1177 οἷεί
183 1133 219 1177 τδν
235 1135 256 1184 ἐξ
273 1132 337 1176 αὐτοῦ
353 1133 404 1188 έχων
419 1134 571 1189 γεγεννημένον,
592 1135 691 1188 μηδεμίαν
702 1133 802 1177 τίπόνοιαν
814 1139 922 1191 συγχωρῶν

136 1208 179 1252 τοῖς
194 1200 230 1244 ὑπ’
239 1201 304 1244 αὐτοῦ
314 1203 449 1255 κεκτισμένοις
465 1200 513 1243 δίνευ
526 1203 573 1243 υἱοῦ
586 1203 660 1243 εἰδέναι
672 1202 759 1257 πατέρα,
778 1202 814 1245 καί
825 1201 872 1244 δίνευ
883 1219 921 1244 πα-

136 1269 184 1325 τρός
194 1285 242 1310 ποτε
253 1270 327 1310 είδέναι
338 1267 374 1309 τόν
386 1268 537 1323 γεγεννημένον,
557 1266 625 1310 καλτδ
636 1269 709 1310 τέλειον
722 1267 788 1310 αὐτοῦ
801 1272 890 1322 πνεῦμα,
910 1267 922 1310 δ

136 1336 159 1377 ἐκ
169 1339 206 1378 τοῦ
216 1334 292 1392 πατρδς
305 1334 443 1392 ἐκπορεύεται,
459 1335 493 1378 καί
505 1337 542 1378 τοῦ
553 1335 600 1378 υἱοῦ
610 1333 713 1390 λαμβοίνει.
743 1336 785 1380 Καὶ
802 1340 861 1379 τοῦτο
875 1337 923 1394 πρέ·

136 1421 176 1450 πον
192 1406 245 1449 ἐστίν
258 1402 372 1462 ἀξιώματος
385 1403 456 1457 οὐσίας
468 1408 530 1459 θεοῦ,
552 1402 574 1450 τδ
587 1401 752 1465 οίπροςληπτικοίς
767 1404 794 1465 μή
809 1408 924 1453 ἒπιδεῖσθαί

137 1495 192 1529 τινος
206 1475 330 1534 ἀξιώματος,
345 1475 385 1521 ἄλλ’
400 1478 473 1532 4έγειν
487 1475 537 1521 αὗταί
553 1474 623 1527 οίϊδίοις
637 1478 659 1521 έν
673 1483 698 1538 τῇ
713 1479 756 1538 ἰδία
770 1477 880 1534 ταυτότητι.

52 1826 127 1865 ωροτε.
197 1814 274 1870 Κεφοίλ.
288 1815 367 1859 Ἀετίου
377 1813 407 1867 ις’.
444 1816 473 1857 Εἰ
489 1812 511 1858 τδ
529 1812 638 1873 ἀγέννητον
657 1813 727 1868 οὐσίας
747 1817 789 1862 ἐστὶ
808 1817 924 1876 δηλωτικὸν,

139 1885 221 1940 εἰκότως
232 1884 284 1946 πρὸς
295 1885 331 1944 τήν
341 1892 378 1932 τοῦ
389 1885 512 1946 γεννήματος
524 1884 594 1931 οτίσίαν
605 1885 786 1933 είντιδιαστέλλεται.
817 1892 846 1934 Εἰ
856 1891 878 1935 δέ
887 1910 923 1948 μη-

139 1959 173 2002 δὲν
189 1962 281 2014 σημαίνει
298 1958 321 2002 τδ
337 1958 456 2015 ἀγέννητον,
476 1959 543 2017 πολλῷ
559 1962 632 2012 μᾶλλον
648 1958 708 2002 οὐδὲν
722 1962 782 2014 δηλοῖ
793 1958 816 2003 τδ
831 1962 924 2017 γέννημα.

141 2029 186 2070 1Εἰ
200 2029 222 2071 δὲ
238 2029 310 2083 μηδὲν,
331 2032 375 2078 πῶς
391 2026 557 2081 ἄντιδιασταλείης
587 2028 617 2068 Εἰ
628 2026 650 2069 δὲ
667 2025 698 2081 Ξή
709 2027 817 2084 ἀγέννητος
829 2028 925 2085 προφοροί

138 2094 192 2151 πρδς
202 2095 239 2150 τήν
248 2094 344 2152 γεννητήν
354 2094 462 2150 προφορολν
475 2092 661 2146 ἀντιδιαστέλλεται,
682 2100 759 2148 σιωπῆς
770 2094 806 2148 τήν
817 2096 925 2153 προφοροίν

140 2165 293 2216 διαδεχομένας,
313 2166 406 2217 γίνεσθαι
419 2164 523 2214 συμβαίνει
534 2162 568 2201 καὶ
580 2158 714 2215 τίπογίνεσθαι
725 2162 762 2215 τήν
776 2167 816 2204 τῶν
829 2167 923 2218 Χριστια-

139 2233 180 2272 νῶν
191 2230 271 2283 ἐλπίδα,
287 2231 324 2273 3έν
335 2232 433 2289 προφορᾷ
444 2228 548 2283 κειμένην,
568 2225 608 2270 ἄλλ’
619 2227 658 2271 οὐκ
669 2229 691 2272 έν
700 2227 785 2283 φύσεσιν
795 2228 861 2282 οὕτως
871 2229 925 2287 ἐχού-

140 2312 186 2351 σαις
201 2296 229 2352 τίς
242 2297 257 2356 ή
270 2303 311 2344 τῶν
325 2297 431 2356 ὀνομάτων
446 2295 538 2354 βούλεται
553 2300 645 2355 σημασία.

195 2507 275 2564 Ἀνατρ.
306 2512 356 2558 Παίς
368 2506 515 2564 προλαμβάνειν
525 2506 609 2549 είοίθασι
619 2506 655 2556 τοίς
665 2506 714 2549 καθ’
726 2509 803 2551 ἑαυτῶν
816 2511 926 2564 μαρτυρίας

142 2578 163 2620 οί
173 2577 283 2629 έκθαμβεῖν
290 2575 326 2629 τήν
336 2575 428 2617 διοίνοιαν
436 2579 476 2616 τῶν
486 2573 576 2628 ἀπείρων
587 2574 735 2627 μεμαθηκότες;
763 2574 786 2616 Ὅ
797 2574 835 2630 γοίρ
845 2577 867 2617 έν
877 2593 925 2630 προ-

141 2646 198 2726 φορᾷ
209 2640 245 2695 τήν
256 2644 326 2684 ε’λπίδα
334 2643 454 2697 κεκτημένος
463 2638 538 2690 Ἀέτιος
548 2644 560 2669 4
566 2639 636 2695 μόνον,
652 2641 686 2684 καί
698 2640 737 2684 οὐκ
748 2639 841 2701 οίληθείμ,
851 2641 926 2697 ταύτην

141 2709 191 2800 ήμίν
203 2712 328 2766 ἐπιφημίζειν
338 2714 441 2770 τολμηρῶς
452 2713 566 2769 προήλθεν,
587 2706 648 2764 αιίτδς
660 2708 707 2756 υίδν
716 2715 768 2757 θεον
781 2712 817 2757 καλ
826 2709 877 2759 θεδν
888 2731 925 2758 πα-

142 2785 189 2869 τέρα
205 2787 260 2843 ψιλῷ
273 2782 326 2867 λόγφ
340 2803 367 2858 μη
362 2782 481 2833 αἰδεσθείς
496 2779 627 2839 ομολογήσαι·
648 2781 706 2839 ήμῶν
721 2784 743 2826 δὲ
758 2783 840 2839 μάλιστα
854 2783 925 2840 ομολο-

142 2854 233 2912 γοτίντων
245 2852 332 2907 φνσικδν
347 2851 398 2896 εἶναι
409 2854 495 2909 πατέρα,
511 2852 545 2894 καί
558 2851 645 2905 φυσικδν
656 2851 708 2896 εἶναι
721 2852 776 2906 υίδν,
791 2855 825 2895 καί
838 2853 926 2906 φνσικδν

165 2994 181 3028 3.
193 2989 242 3027 ον’δτν
254 2993 288 3024 cod.
300 2992 366 3032 Ιὶλοολὶφ.
567 2989 583 3021 2.
595 2988 663 3031 ήολιτα
673 2991 808 3030 συναλλαγαῖς

165 3036 181 3070 λ
193 3035 214 3081 ἔγ
214 3048 229 3070 ει
239 3038 274 3069 cod
287 3038 352 3075 Βλαλὶς.
567 3033 583 3067 3
595 3035 658 3074 Βεμοαο
669 3035 806 3073 exsuperioribus
817 3032 834 3069 ἐν
846 3032 924 3078 διαφόρῳ

167 3085 181 3116 1
194 3083 249 3124 Supra
259 3085 302 3115 οπλοι
310 3082 365 3115 vitiose
373 3079 435 3126 μηδενὶ
446 3079 505 3125 μηδὲν
543 3079 625 3128 προφορᾶ.
649 3080 683 3115 Pro
693 3089 766 3130 προφορ
750 3080 771 3124 p&
787 3082 805 3114 in
820 3081 857 3114 αλλ.
869 3082 924 3117 Ριλου.
