1988 3392
240 229 332 264 rauaarr
343 230 386 263 cru.
396 231 426 265 ur.
438 232 494 266 rom.
503 233 516 266 r.
528 231 595 265 flaua.
604 231 685 266 rtxxvr.
812 222 855 263 217

71 311 139 370 genita
155 310 182 354 sit
197 309 320 362 substantia,
342 310 416 352 rationi
435 311 482 353 nulli
498 312 594 369 permittit
609 311 647 353 sibi
664 318 686 353 ut
704 311 854 367 generationem

71 381 162 436 affingat,
180 380 214 421 sed
225 378 373 435 inquisitionem
384 394 462 421 omnem
473 395 496 423 ac
508 380 682 423 ratiocinationem
694 380 718 422 ad
731 393 763 422 res
777 379 855 435 genitas

71 449 163 491 amandat
177 462 200 490 ac
215 447 289 490 reiicit.
693 454 696 461 ’

128 519 190 558 XXII.
211 515 235 559 Si
250 516 334 572 ingeniti
348 530 389 558 vox
408 517 539 573 privationem
556 519 576 560 in
595 520 632 560 deo
653 517 765 573 siguificat,
787 531 852 573 neque

71 585 175 641 quicquam
187 585 267 627 omnino
279 583 305 626 sit
318 583 439 640 ingenitum,
462 600 557 641 quaenam
569 588 621 628 ratic
634 587 658 629 ab
673 601 697 628 eo
709 586 761 641 quod
773 599 812 626 non
824 592 855 626 est

72 653 120 696 nibil
135 654 199 711 possit
214 653 308 696 aulerre?
347 650 384 695 Siu
403 653 494 696 existens
513 655 609 712 quippiam
631 662 701 708 sonat,
723 652 768 710 quis
784 652 808 694 ab
829 666 854 694 eo

72 723 123 779 quod
136 730 168 765 εει
178 722 263 779 idipsum
278 722 329 777 quod
345 729 389 774 est,
405 722 443 764 hcc
459 730 490 765 εει
503 723 567 779 ipsuur
582 738 594 766 a
608 724 716 780 semetipso
732 722 841 765 secernat?

128 792 199 833 XXIII.
219 787 270 832 Cum
285 789 407 846 privationes
423 791 533 834 ablationes
548 794 588 834 sint
603 792 741 844 affectionum,
764 791 816 847 quod
833 790 853 832 in

71 861 109 903 deo
122 868 153 903 εει
164 860 273 916 ingenitum
288 858 320 901 vel
330 858 441 901 affectionis
451 859 536 917 privatio
548 869 590 914 est,
612 862 644 903 vel
655 861 735 904 allectio
748 859 854 919 privationi

71 929 180 973 contraria.
211 926 275 986 Igitur
291 927 308 970 si
324 927 436 971 affectionis
447 928 532 985 privatio
543 938 586 983 est,
607 931 704 987 quomodo
718 931 738 973 id
750 931 801 988 quod
813 945 853 974 nou

19 1034 21 1037 v
71 1001 125 1045 inest
139 1001 176 1043 deo
192 1006 284 1055 tanquam
298 997 346 1040 insit
361 997 467 1041 tribuitur?

131 1071 202 1113 XXIV.
218 1067 247 1111 Αι
258 1067 276 1110 si
289 1067 369 1110 affectio
381 1068 476 1124 quaedam
488 1076 518 1112 est
528 1070 648 1126 ingenitum,
665 1071 751 1128 genitam
763 1070 856 1113 snbstan-

72 1142 120 1185 tiam
133 1141 223 1183 existere
233 1144 292 1191 ante,
308 1151 331 1179 ac
344 1136 397 1181 velut
408 1137 509 1181 substerni
518 1154 603 1183 necesse
615 1147 653 1194 εει,
670 1148 692 1183 nt
703 1141 808 1183 affectione
820 1140 854 1183 illa

72 1212 96 1254 ad
112 1225 155 1253 eanr
171 1208 292 1259 accedente,
308 1206 397 1262 ingenita
412 1208 533 1252 nominetur.

128 1281 189 1321 XXV.
206 1276 230 1321 Si
241 1290 290 1319 vero
304 1275 371 1331 genita
384 1276 493 1319 substantia
505 1278 606 1336 ingenitae
623 1282 721 1336 particeps
732 1279 781 1331 luit,
806 1279 855 1321 affe-

71 1349 143 1392 ctionis
158 1348 234 1390 iactura
245 1347 298 1388 facta
309 1344 441 1386 conditionem
459 1347 525 1389 amisit
537 1348 628 1405 ingeniti.
660 1346 727 1404 Quare
743 1348 855 1391 substantia

71 1419 149 1475 quidenr
164 1416 231 1472 genita
247 1414 319 1465 tuerit,
335 1413 445 1468 ingenitum
461 1423 527 1458 autem
542 1415 637 1459 allectio.¹

128 1486 199 1527 XXVI.
216 1482 274 1539 Quod
293 1480 310 1523 si
329 1480 397 1535 genita
410 1483 490 1527 soboles
509 1486 614 1528 transitum
631 1486 727 1542 quendam
746 1485 853 1541 significat,

71 1570 111 1598 non
125 1554 204 1596 dubium
215 1560 246 1594 est
256 1549 381 1592 affectionem
393 1551 482 1595 iudicare
493 1562 576 1606 certam,
593 1555 637 1596 sive
649 1555 751 1610 quadame
762 1555 855 1596 substan·

71 1625 98 1667 tia
110 1624 219 1666 mutatione
237 1620 359 1662 conformata
375 1620 414 1678 sit,
436 1623 480 1665 sive
497 1623 534 1665 boc
549 1624 613 1679 ipsum
631 1630 662 1665 εει
679 1623 746 1679 genita
765 1623 854 1675 soboles,

71 1694 122 1750 quod
138 1693 217 1735 dieitur.

127 1763 208 1803 XXVII.
225 1760 248 1804 Si
259 1768 297 1803 tam
307 1761 417 1816 ingenitum
430 1775 487 1816 quarn
496 1760 584 1816 genitum
593 1760 672 1802 affectio
682 1760 717 1813 sit,
733 1760 856 1802 substantiae

51 1842 53 1844 ·
71 1830 149 1886 quidem
160 1829 297 1872 affectionibus
308 1830 394 1886 priores,
406 1830 523 1871 affectiones
529 1843 589 1885 porro
598 1837 620 1871 nt
629 1829 746 1871 substantiis
757 1828 855 1885 posterio-

70 1914 116 1953 res,
133 1899 162 1941 sic
177 1898 247 1940 iisdem
262 1899 412 1954 anteponendae
427 1898 509 1940 fuerint.

126 1968 216 2014 XXVIII.
226 1965 249 2009 si
259 1966 368 2023 ingenitum
376 1965 438 2021 geniti
447 1980 519 2008 caussa
529 1972 568 2018 est,
582 1966 639 2022 eique
652 1967 730 2008 confert
740 1973 761 2007 ut
770 1964 853 2018 existat,

70 2037 158 2093 genitum
174 2049 224 2077 vero
240 2049 330 2077 caussam
347 2035 409 2090 ipsam
427 2034 549 2076 substantiae
561 2048 610 2076 snae
628 2034 709 2076 notione
725 2034 855 2090 comprehen-

70 2106 119 2148 dens
134 2103 265 2147 substantiam
277 2102 352 2160 ipsam,
375 2117 415 2145 non
429 2102 555 2145 affectionem
572 2103 683 2160 exprimat,
704 2103 749 2145 oum
765 2103 855 2158 ingenita

70 2183 141 2218 natura
162 2173 211 2216 nibil
227 2173 270 2231 ipsa
289 2187 357 2216 secum
374 2172 473 2227 includat,
500 2186 566 2215 nonne
587 2172 697 2215 substantia
715 2173 854 2230 potiusquam

70 2245 148 2287 affectio
164 2243 259 2300 quaedam
275 2242 334 2285 debet
348 2242 426 2284 videri?

105 2340 107 2342 v
125 2315 198 2356 XXIX.
214 2311 237 2356 Si
250 2311 361 2356 substantia
374 2311 438 2354 omnis
447 2311 537 2368 ingenita
549 2311 588 2365 sit,
604 2312 714 2355 cuiusmodi
724 2320 754 2355 est
766 2313 855 2370 omnipo-

69 2383 187 2434 lentisco,
209 2383 255 2438 quid
274 2382 345 2424 attinet
356 2380 406 2423 banc
423 2381 501 2437 quidem
517 2381 643 2438 passionibus
661 2382 780 2434 obnoxiam,
802 2382 856 2424 illam

71 2467 120 2495 vero
135 2451 249 2494 earumdem
261 2458 365 2508 expertem
378 2449 458 2492 dicere?
487 2448 545 2505 Quod
559 2451 576 2492 si
588 2452 672 2507 quadarn
684 2452 785 2507 ingenitae
798 2459 856 2493 uatu-

69 2536 105 2564 rae
116 2529 171 2563 sorte
183 2535 206 2562 ac
218 2519 345 2572 conditione,
366 2519 482 2575 quantitatis
494 2528 514 2561 et
526 2520 638 2576 qualitatis,
660 2529 691 2573 et,
708 2528 729 2562 nt
742 2536 782 2563 uno
793 2521 855 2563 verbo

70 2591 142 2642 dicam,
158 2589 273 2631 mutationis
284 2589 348 2630 omnis
360 2602 433 2644 expers
443 2588 507 2631 altera
517 2596 556 2641 εει,
573 2589 635 2630 altera
647 2604 696 2632 vero
707 2590 812 2646 passiones
822 2591 856 2631 ad-

69 2660 140 2711 mittit,
157 2666 177 2700 et
188 2657 314 2700 nibilominus
326 2656 390 2698 eidem
402 2656 550 2700 immutabilitas
561 2665 591 2699 est
603 2672 712 2710 concessa,
729 2673 813 2701 necesse
825 2666 857 2701 est

69 2798 95 2830 bic
105 2795 152 2836 ἐστι,
164 2795 194 2830 τεῦ
207 2791 357 2838 circumcolunt,
375 2792 451 2837 γέννημα
497 2794 525 2828 56.
537 2794 567 2829 τοῦ
579 2795 622 2827 obest
633 2796 683 2835 infru.

70 2846 104 2875 cett.
497 2840 525 2875 57.
536 2842 580 2872 Libri
592 2841 647 2880 scripti
662 2844 677 2873 et
689 2842 726 2873 erlr't.
736 2844 787 2882 princ.
800 2843 857 2875 babent

93 2883 121 2920 54.
133 2889 206 2919 Fortasse
219 2886 329 2927 corripendum
344 2880 369 2922 εἷς
384 2880 450 2927 οὐσίας,
474 2886 563 2931 διαβολῆς.

70 2934 95 2964 cel
107 2931 123 2966 εἰ
134 2928 200 2970 οὐσίας.
497 2932 525 2964 ba.
537 2932 582 2972 Infra
593 2926 689 2970 riccriffuve'c
700 2930 752 2972 ἐστιν,
764 2933 819 2965 ordine
830 2934 856 2965 ιη-

93 2977 121 3010 55.
132 2975 173 3018 ἔξης
181 2978 238 3009 uittam
247 2977 325 3009 adr'toram
333 2985 414 3008 commune
422 2979 449 3009 est.
473 2985 523 3009 verso.

70 3023 115 3064 Infra
126 3025 169 3055 eatct
181 3019 218 3070 4ἕξις
230 3020 260 3056 καὶ
270 3018 284 3064 ri
295 3017 324 3066 α’γ.
336 3019 398 3065 ctera
496 3020 524 3057 59.
536 3019 565 3056 art
576 3018 595 3055 τὰ
607 3021 657 3062 infra.
