1988 3392
141 217 183 259 450
429 224 513 259 ειιιατι
524 226 639 259 αιιειιιαιι

143 305 247 353 έΧελκίας
256 319 277 345 τε
287 304 321 346 καί
330 303 412 355 Βουζεὶ,
432 302 477 358 άγρι
487 301 554 357 Ἰησοῦ
564 308 600 346 τοῦ
611 305 679 359 ἱερέως
688 308 725 346 τοῦ
736 302 834 359 μεγάλου,
850 305 927 361 Ἐσδρά

140 388 161 414 τε
172 375 209 415 τοῦ
224 372 301 427 ἱερέως,
317 372 351 414 καὶ
365 377 405 414 τῶν
420 369 490 414 άλλων.
520 372 563 414 Καὶ
577 369 669 424 οὐδαμοῦ
683 370 735 428 γυνη
750 370 867 428 ἱεράτευσεν.

53 453 129 500 Κεφη,
196 437 313 494 Ἐλεύσομαι
328 439 396 482 δὲκαὶ
412 441 440 490 είς
451 439 488 494 τὴν
501 438 573 494 καινὴν
590 439 698 495 διαθήκην.
729 442 759 483 Εἰ
769 439 876 497 ἱερατεύειν
892 459 927 498 γν-

140 513 209 558 ναῖκες
224 513 268 566 θεῷ
286 506 455 560 προςετάσσοντο,
475 507 608 563 ἢκανονικάν
622 526 641 551 τι
656 506 775 565 ἐργάζεσθαι
791 510 812 552 ἐν
825 510 927 567 ἐκκλησίᾳ,

141 578 181 620 ἐδει
191 582 264 631 μᾶλλον
276 574 339 631 αὐτην
351 575 388 631 την
399 579 485 633 Μαρίαν
496 578 593 632 ἱερατείαν
603 578 711 620 ἐπιτελέσαι
724 579 745 621 ἐν
757 582 816 636 καινῇ
828 577 926 636 διαθήκῃ,

140 644 178 701 τὴν
193 647 353 696 καταξιωθεῖσαν
372 647 393 688 ἐν
412 644 496 696 κόλποις
514 648 573 695 ἰδίοις
591 642 730 696 ὑποδέξασθαι
749 645 784 688 τάν
801 646 928 701 παμβασιλέα

140 713 192 757 θεάν
202 713 332 771 ἐπουράνιον,
348 713 394 756 υἱύν
404 718 441 756 τοῦ
454 717 516 765 θεοῦ,
535 708 561 768 ἧς
573 711 585 768 ἡ
596 712 660 771 μητρα
672 712 721 764 ναδς
733 714 830 771 γενομένη
841 714 876 757 καί
889 731 926 757 κα-

140 782 268 838 τοικητήριον
280 784 308 832 είς
322 781 359 837 την
369 786 406 825 τοῦ
418 784 490 839 κυρίου
502 783 598 838 ἐνσαρκον
614 784 732 837 οἰκονομίαν
746 781 798 825 κατά
809 788 927 837 φιλανθρω-

141 854 190 894 πίαν
201 855 253 894 θεοῦ
263 853 297 894 καὶ
308 853 418 906 ἐκπληκτον
429 850 538 906 μυστήριον
547 848 668 906 ἡτοιμάσθη.
694 849 746 894 Ἀλλ’
759 849 797 895 οῦκ
811 850 926 907 εὐδόκησεν,

50 943 85 972 pag.
93 935 132 964 lofin.
138 919 190 964 Ἀλλ’
200 921 248 963 οὐδὲ
257 919 360 976 βάπτισμα
369 918 449 963 διδόναι
458 922 596 964 πεπίστευται·
608 921 652 963 ἐπεὶ
662 919 752 975 ἠδύνατο
763 918 775 963 δ
785 920 871 976 Χριστδς
880 925 927 976 μάλ·

141 994 176 1033 λον
189 988 236 1047 παρ’
254 990 339 1041 1αιίτοῖς
348 992 498 1045 βαπτισθῆναι,
518 987 570 1045 ἥπερ
583 988 638 1046 παρά
647 988 755 1032 Ἰωάννου·
777 988 825 1033 ιἰλλά
835 988 928 1044 Ἰωάννης

142 1059 177 1114 μὲν
188 1066 236 1111 παῖς
248 1062 349 1116 Ζαχαρίου
359 1060 380 1102 ἐν
390 1063 414 1118 τῇ
425 1057 493 1117 ἐρήμῳ
505 1058 599 1102 διετέλεσε
609 1057 713 1113 βάπτισμα
724 1058 815 1113 ἀφέσεως
824 1057 928 1115 άμαρτιῶν

141 1129 308 1183 πεπιστευμένος,
329 1126 341 1171 0‘
357 1128 378 1170 δὲ
392 1127 467 1170 τούτου
482 1125 548 1184 πατὴρ
561 1131 603 1186 θεῷ
617 1125 728 1184 ἱεράτευσε,
750 1129 785 1171 καί
797 1133 822 1187 τῇ
834 1128 877 1187 άίργι
891 1132 928 1171 τοῦ

141 1196 272 1252 θυμιάματος
288 1197 386 1241 ὀπτασίαν
403 1194 448 1239 εἶδε.
480 1196 558 1253 Πέτρος
572 1212 594 1239 τε
609 1197 644 1239 καὶ
657 1195 764 1253 Ἀνδρέας,
783 1195 878 1253 Ἰάκωβος
892 1198 928 1241 καί

139 1263 245 1321 Ἰωάννης,
263 1270 364 1315 Φίλιππος
377 1266 411 1308 καί
425 1270 591 1321 Βαρθολομαῖος,
608 1268 683 1320 Θωμᾶς
688 1299 694 1318 ,
717 1267 829 1319 Θαδδαῖος,
843 1267 879 1310 καὶ
890 1264 928 1309 Ἰά-

140 1338 208 1391 κωβος
218 1334 325 1389 Ἁλφαίου,
339 1336 374 1378 καὶ
383 1333 462 1384 Ἰούδας
470 1333 582 1389 Ἰακώβου,
597 1336 633 1376 καί
643 1332 736 1388 Σίμωνά
749 1339 874 1388 Καναναῖος,
892 1336 928 1379 καὶ

141 1408 241 1455 Ματθίας
253 1402 265 1448 ά
276 1407 304 1454 είς
316 1403 418 1460 πλήρωσιν
428 1408 467 1446 τῶν
478 1401 556 1446 δώδεκα
567 1403 714 1460 ἐκλελεγμένος,
736 1397 792 1447 οῦτοι
802 1404 876 1454 πάντες
887 1405 926 1455 ἐξε-

141 1474 225 1530 λέγησαν
236 1472 354 1525 ἀπόστολοι,
372 1471 439 1515 2κατά
452 1470 488 1526 τήν
499 1476 537 1528 γῆν
550 1473 700 1557 ἱερουργοῦντες
708 1470 731 1515 τά
744 1471 858 1530 εὐαγγέλιον
862 1506 868 1525 ,
884 1470 928 1527 άμα

143 1541 219 1600 Παύλῳ
231 1543 266 1585 καὶ
279 1540 377 1600 Βαρνάβα
387 1558 421 1584 και
431 1547 520 1591 λοιποις,
540 1559 574 1583 και
585 1543 698 1623 μυστηρίγιν
709 1540 825 1597 άργηγέται,
844 1539 881 1584 σύν
891 1540 928 1583 Ἰα-

142 1610 233 1681 κοίβηι
214 1629 241 1653 τω
232 1609 333 1669 άδελφῷ
344 1614 380 1652 τοῦ
391 1613 464 1666 κυρίου
475 1627 509 1652 και
521 1626 594 1693 πρωτω
606 1608 709 1668 ἐπισκάπηι
719 1607 866 1666 Ἱεροσολύμων.
895 1608 928 1659 Ἐξ

142 1674 204 1735 οὗπερ
217 1678 329 1722 ἐπισκόπου
340 1679 374 1721 καί
385 1683 425 1721 τῶν
435 1679 585 1734 προειρημένων
595 1676 712 1721 ἀποστόλων
723 1676 875 1733 κατεστάθησαν
885 1680 928 1721 δια-

142 1748 221 1803 δογαὶ’
211 1746 328 1791 επισκάπων
337 1765 371 1790 και
364 1747 544 1804 πρεσβυτέρων’
535 1764 556 1790 εν
569 1748 619 1804 οίκῳ
630 1752 688 1789 θεοῦ
719 1749 761 1790 Καὶ
772 1747 865 1801 οὐδαμοῦ
876 1765 927 1803 γυνη

143 1817 165 1859 ἐν
177 1815 255 1866 τούτοις
264 1814 384 1870 κατεστάθη.
411 1810 474 1858 Ἦσαν
488 1815 516 1866 δὲ,
533 1817 591 1869 φησὶ,
606 1816 697 1872 τέσσαρες
708 1817 818 1872 θυγατέρες
831 1818 927 1874 Φιλίππῳ

142 1889 170 1943 τῷ
182 1884 309 1944 εῦαγγελιστῇ
319 1883 493 1941 προφητεύουσαι,
515 1883 539 1926 οῦ
553 1882 593 1939 μήν
605 1886 749 1941 ἱερονργοῦσαι.
780 1885 821 1927 Καὶ
833 1879 928 1940 ἦν”Αννα

142 1959 242 2010 προφῆτις
251 1953 344 2010 θυγάτηρ
357 1952 464 2008 Φανουὴλ,
487 1951 526 1995 ἄλλ’
539 1951 575 2007 οῦχ
588 1953 684 2009 ἱερατείαν
696 1954 846 2009 πεπιστευμένη.
871 1952 929 1996 Ἔδει

142 2022 180 2079 γάρ
190 2028 319 2079 πληροῦσθαι
329 2020 362 2074 τά,
380 2020 560 2077 Προφητεύσονσιν
571 2023 592 2063 οἱ
601 2023 642 2064 υἱοί
653 2020 722 2075 ῦμῶν,
737 2022 772 2064 καὶ
785 2023 807 2064 αἱ
817 2023 928 2079 θυγατέρες

142 2089 201 2145 ύμιίν
216 2093 317 2140 ἐνυπνίοις
337 2089 561 2144 3ἐνυπνιασθήσονται,
582 2090 615 2132 καί
635 2091 656 2132 οἱ
666 2093 765 2133 νεανίσκοι
779 2088 835 2145 ύμῶν
849 2088 928 2147 δράσεις

143 2157 237 2213 ἷὶψονται.
269 2159 310 2201 Καὶ
327 2158 358 2202 ὅτι
377 2159 412 2213 μὲν
424 2161 556 2201 διακονισσαῖν
572 2157 638 2214 τάγμα
654 2160 707 2201 ἐστὶν
723 2160 751 2208 είς
764 2157 801 2213 τὴν
816 2160 927 2214 ἐκκλησίαν,

143 2225 280 2283 άλλόιίγίείς
296 2226 319 2270 τύ
332 2227 449 2284 ἱερατεύειν,
471 2225 519 2270 ούδέ
534 2244 553 2269 τι
566 2228 670 2283 ἐπιχειρεῖν
685 2229 805 2283 ἐπιτρέπειν,
827 2229 893 2271 ἕνεκεν
906 2228 928 2271 δέ
966 2236 968 2238 ’

143 2296 262 2352 σεμνότητος
273 2301 309 2339 τοῦ
320 2299 435 2353 γυναικείου
446 2297 526 2351 γένους,
542 2293 590 2349 ι’ίδί
604 2294 658 2351 άίραν
668 2300 764 2353 λουτροῦ,
779 2295 793 2351 ἢ
803 2297 928 2351 ἐπισκέψεως

143 2365 236 2418 πάθους,
258 2364 357 2420 ἢπάνον,
379 2366 414 2408 καί
429 2365 462 2407 ὅτε
476 2367 592 2420 γυμνωθείη
608 2369 666 2418 σῶμα
681 2368 774 2421 γυναίου,
793 2368 828 2408 ἵνα
845 2365 873 2421 μὴ
886 2364 926 2409 άπδ

143 2430 224 2490 άνδρῦν
235 2434 393 2489 ἱερουργούντων
405 2436 502 2487 θεαθείη,
518 2430 558 2474 ἄλλ’
569 2430 609 2475 ῦπύ
622 2438 658 2488 τῆς
669 2432 809 2489 διακονούσης,
822 2433 854 2477 4ίί
867 2436 928 2478 5ἐπι-

142 2501 236 2545 τάσσεται
252 2500 309 2545 θάπύ
323 2507 360 2545 τοῦ
375 2503 443 2556 ἱερέως
455 2503 592 2556 ἐπιμελεῖσθαι
602 2500 654 2557 πρύς
665 2501 702 2556 τήν
714 2501 769 2558 άίραν
781 2507 817 2557 τῆς
827 2503 928 2558 ἐπιδεομέ-

144 2588 180 2625 νης
195 2569 291 2627 γυναικὸς
304 2571 324 2613 ἐν
339 2574 363 2629 τῇ
380 2569 423 2628 άίριγ
438 2574 474 2624 τῆς
489 2573 526 2612 τοῦ
539 2568 631 2624 σώματος
648 2567 710 2625 αὐτῆς
724 2570 853 2627 γυμνάσεως,
874 2575 928 2614 7τοῦ

143 2637 243 2696 τάγματος
251 2644 288 2694 τῆς
297 2637 387 2688 εύταξίας
395 2640 431 2680 καί
441 2639 603 2693 ἐκκλησιαστικῆς
613 2636 706 2693 εὐνομίας
715 2637 852 2693 ἐπιστημόνως
860 2640 882 2682 ἐν
893 2640 926 2694 μέ-

167 2751 183 2787 4.
195 2753 272 2799 χελίκίας
283 2755 318 2788 cod
330 2755 396 2796 Ηλιάῐμ
546 2754 582 2787 ιιλιι
595 2754 662 2787 Patavii.

169 2799 209 2834 Gn.
220 2800 249 2833 ΙΙΙ,
263 2819 282 2825 -
307 2801 322 2833 1.
332 2801 455 2833 Rescnbendum
463 2803 485 2832 est
493 2810 524 2834 αιι
568 2798 585 2833 3
597 2796 786 2854 δμηιιισλήσοιταιιοά.
799 2802 865 2844 madiy.

144 2856 178 2890 της
186 2855 217 2887 pro
232 2842 293 2884 αὐτοῖς.
316 2847 371 2878 Etiam
381 2847 468 2879 Carnarius
479 2847 525 2878 vertit
570 2843 586 2878 4.
598 2839 612 2887 ἡ
624 2841 635 2879 ἃ
646 2847 707 2886 placuit
718 2848 789 2880 Ριιουίο,

145 2890 214 2935 abipsa
228 2890 315 2933 baptizari.
570 2892 586 2923 5.
598 2888 712 2947 ἐπιτάσσηται
723 2894 760 2924 αλιι.
772 2893 827 2924 Ριιαν.

168 2936 184 2970 λ
192 2934 236 2971 κατὰ
247 2938 290 2969 abest
299 2946 310 2968 ιι
319 2937 409 2969 κοιλάνας.
419 2940 434 2969 et
443 2937 523 2977 κάμιίιιι.
569 2931 632 2971 (iluna
643 2937 679 2969 edit.
693 2938 749 2971 Ρειαν
761 2939 816 2970 colon.
826 2941 874 2980 τινα.

145 2983 233 3015 Carnarius
249 2985 294 3014 νιιιιι
312 2981 330 3014 hi
346 2993 404 3014 omnes
420 2980 470 3014 electi
485 2987 525 3013 sunt
569 2980 585 3016 7.
598 2982 703 3015 Scribendum
713 2986 752 3023 γιιιιο
763 2981 928 3037 αιιλέωςτοῦτάγ·

144 3026 218 3070 apostoli
230 3027 342 3060 sacrificantes
353 3039 385 3070 per
399 3033 460 3059 ternam
471 3038 524 3059 evan·
548 3038 606 3071 ματος
618 3038 651 3071 της
660 3024 759 3068 ευταξίας
770 3024 926 3084 -άσφαλισμέιης,

146 3072 207 3134 ςελίιιιιι
221 3077 255 3107 τελλ
279 3072 309 3108 καὶ
324 3071 369 3108 κατὰ
383 3085 415 3116 την
431 3074 464 3117 γῆν
479 3075 525 3107 habet
546 3075 571 3106 vel
586 3075 634 3107 ιιιάιιι
649 3073 679 3108 τοῦ
696 3072 784 3118 τάγματος
799 3074 832 3118 τῆς
848 3071 927 3117 ειίταξλας
