1988 3392
122 202 163 242 144
408 210 490 244 εκαστι
501 209 616 243 εειντεκαν

120 287 154 328 καί
171 285 268 329 οὐδέποτε
281 287 365 331 διέλειπε
379 292 415 330 τοῦ
429 285 489 339 εἶναι,
509 283 549 328 ἄλλ’
561 287 583 329 ἐκ
598 285 675 343 πατρός
686 286 723 341 μὲν
737 283 800 329 αύτδν
811 302 903 344 γεγενυη.

121 354 181 409 μένον
191 352 283 411 όνύρηως
293 357 328 399 καὶ
343 354 442 412 ύχρόνως·
464 356 492 405 εἰς
501 352 525 398 τό
534 359 613 409 πνεῦμα
625 355 647 398 δὲ
660 352 682 399 τό
692 353 750 411 ίίγιον
760 352 834 406 πάντες
847 350 904 401 οὗτοι

121 425 274 483 βλασφημοῦσι,
293 423 321 483 μη
331 429 502 484 συναριθμοῦντες
514 422 564 469 αύτό
580 425 642 484 πατρὶ
652 426 688 470 καί
699 425 738 486 νίῶ
750 424 772 469 ἔν
781 428 806 486 τῇ
815 423 903 483 θεότητι.

122 494 224 548 Πολλάκις
237 497 260 541 δὲ
276 498 320 554 περί
331 495 404 540 τούτου
422 495 486 540 πολλαί
497 497 637 552 διελέχθημεν,
658 497 692 541 καί
706 497 728 540 ἔν
742 494 816 557 ἒκύστη
831 497 905 555 αίρίσει

121 563 158 620 τήν
169 582 190 609 τε
204 565 303 622 ἆληθινιλν
315 567 361 622 περὶ
372 566 436 610 αὐτοῦ
449 565 544 610 σύστασιν
560 565 585 610 ού
601 569 678 623 μικρῶς
694 564 856 624 ύφηγησύμεθα,
877 565 905 620 ῶς

121 633 158 678 σύν
172 637 232 692 πατρὶ
247 637 281 678 καὶ
299 637 337 693 υίῶ
349 640 508 691 κνριολεκτεῖται.
545 638 630 688 Πνεῦμα
644 632 683 690 γδρ
699 638 772 692 κυρίου
786 634 905 692 πεπλήρωκε

121 701 159 757 την
173 705 304 758 οἰκουμένην,
325 701 348 745 τδ
367 708 446 757 πνεῦμα
464 707 501 757 τῆς
520 700 626 756 νίληθείας,
648 700 671 745 τό
690 707 770 758 πνεῦμα
790 708 827 747 τοῦ
845 708 904 747 θεοῦ.

123 775 209 825 Πνεῦμα
218 769 256 826 μύρ
271 773 344 827 κυρίου
356 772 441 827 λέγεται,
461 771 496 813 καὶ
507 771 529 813 ἐκ
539 768 615 826 πατρός
624 768 794 826 ἐκπορευόμενον,
815 772 850 815 καὶ
863 771 904 815 ὓτδ

120 840 166 881 υίοῦ
177 838 288 893 λαμβάνον,
307 837 435 894 χαριζόμενόν
452 854 473 880 τε
483 835 508 881 ταί
522 840 633 895 χαρίσματα
644 838 749 894 διαφόρως
766 837 794 890 ῶς
806 838 905 894 βούλεται,

121 908 208 962 ἐρευνῶν
219 907 254 948 καί
263 904 288 948 τύ
298 905 355 961 βάθη
364 910 401 949 τοῦ
412 910 470 958 θεοῦ,
482 903 519 949 σύν
527 907 588 961 πατρὶ
599 906 633 948 καὶ
641 908 679 965 υίῶ
689 905 721 960 δν,
730 909 832 962 βαπτίζον,
840 921 904 964 σφρα-

121 977 184 1032 γίζον,
199 978 287 1018 τελειοῦν
297 973 333 1018 τόν
343 975 508 1032 ἐσφραγισμένον.
531 973 577 1017 Ἵνα
587 974 609 1017 δὲ
620 973 649 1030 μή
662 975 751 1019 ἐνταῦθα
759 975 849 1032 κάματον
857 973 904 1019 αἰνα-

121 1045 218 1102 δίξωμαι,
239 1042 263 1088 τύ
276 1042 316 1101 ἤδη
329 1062 364 1102 μοι
379 1044 473 1101 εἰρημένα
489 1045 510 1089 ἒν
525 1047 553 1105 τῷ
568 1042 646 1104 μεγάλῳ
656 1043 709 1107 λόγῳ
720 1049 749 1107 τῷ
759 1046 805 1105 περὶ
816 1048 906 1098 Πίστεως

121 1117 218 1175 γραφέντι
232 1117 261 1168 εἰς
277 1113 302 1160 ταί
318 1116 369 1173 μὲρη
382 1120 419 1172 της
430 1113 550 1171 Παμφύλων
567 1114 724 1174 παραθήσομαι,
738 1114 791 1175 πρός
803 1114 906 1161 ἀντίθεσιν

122 1186 158 1243 μὲν
168 1191 209 1230 τῶν
217 1185 389 1241 βλασφημούντων
399 1184 422 1229 τό
434 1184 493 1242 δίμτον
503 1189 591 1240 πνεῦμα,
612 1186 641 1236 εἰς
651 1187 781 1237 διδασκαλίαν
791 1187 814 1230 δὲ
823 1191 864 1230 τῶν
875 1188 906 1231 ἒν-

121 1255 258 1312 τυγχανόντων
272 1255 307 1297 καί
317 1256 345 1305 εἰς
357 1253 469 1311 εῦφρασίαν
480 1258 522 1297 τῶν
535 1253 650 1308 πνεύματος
664 1252 723 1311 ιίγίου
735 1256 903 1311 καταξιουμένων.

123 1325 165 1366 Καὶ
179 1325 221 1366 ἔστι
233 1321 285 1366 τόδε.

280 1597 339 1635 *ΕΚ
356 1598 416 1635 ΤΟΥ
434 1596 621 1635 ΑΓΚΥΡΩΤΟΥ
636 1597 747 1634 ΛΟΓΟΣ.

30 1684 77 1731 Κεφ,
89 1680 111 1731 η’,
176 1665 282 1725 Ἐπεφύνη
292 1666 306 1725 ἡ
315 1665 373 1727 χόρις
383 1673 420 1713 τοῦ
433 1670 504 1724 κυρίου
517 1665 575 1725 ἡμῶν
588 1664 654 1724 Ἰησοῦ
666 1671 756 1726 Χριστοῦ
770 1667 908 1715 Ιδιδαίσκουσα

123 1736 188 1796 ἡμᾶς,
202 1742 237 1783 ’ἰνα
246 1737 380 1796 υίρνηστίμενυι
388 1737 426 1795 την
435 1738 529 1794 ἀσέβειαν
539 1739 574 1783 καὶ
586 1736 623 1790 τοίς
636 1737 736 1794 κοσμικδς
746 1740 860 1796 ἐπιθυμίας
869 1754 908 1785 σω·

36 1831 71 1861 pag.
80 1822 111 1852 σεε.
124 1808 205 1866 φρόνως
214 1810 249 1852 καλ
259 1808 347 1864 εὐσεβῶς
358 1809 408 1852 ’ἱκαί
420 1810 504 1859 δικαίως
517 1807 607 1864 ζήσωμεν
618 1809 641 1852 ἒν
652 1812 681 1866 τῷ
690 1812 728 1852 νῦν
740 1810 810 1862 αἰῶνι,
824 1812 908 1867 προςδε-

123 1877 204 1933 χόμενοι
216 1876 252 1932 τήν
266 1880 367 1934 μακαρίαν
382 1878 452 1919 ἐλπίδα
467 1878 501 1919 καί
520 1876 640 1930 ἐπιφάνειαν
656 1880 692 1930 της
702 1876 763 1931 δόξης
773 1881 810 1920 τοῦ
821 1877 908 1935 μεμύλου

123 1951 175 1988 θεοῦ
190 1946 224 1988 καί
240 1950 330 2000 σωτῆρος
343 1943 401 1999 ἡμῶν
415 1943 481 1998 Ἰησοῦ
496 1948 597 2000 Χριστοῦ,
620 1943 661 1994 3δς
677 1945 752 1987 ἔδωκεν
770 1944 843 1989 ἑαυτόν
856 1944 907 2003 ύπὲρ

123 2011 190 2067 ἡμῶν,
204 2015 239 2056 ἵνα
246 2014 370 2070 λυτρώσηται
382 2010 437 2066 ἡμᾶς
447 2010 488 2055 νἰπδ
498 2011 564 2066 πόσης
576 2009 667 2067 ἇνομίας,
682 2012 717 2055 καί
729 2016 833 2073 καθαρίση
844 2014 909 2073 ἕαντῶ

123 2079 172 2124 λαόν
181 2080 310 2139 περιούσιον,
325 2079 413 2136 ζηλωτήν
422 2084 489 2123 καλῶν
500 2081 574 2137 ἔργων,
589 2081 695 2135 ἐξαλείψας
708 2078 731 2123 τό
742 2079 792 2125 καθ’
802 2079 860 2137 ἡμῶν
870 2098 908 2137 χει·

123 2148 228 2208 ρόμραφαν
241 2155 283 2201 τοῖς
298 2148 406 2207 δόγμασιν,
427 2148 439 2192 δ
454 2143 481 2204 ἦν
495 2146 615 2193 ύπεναντίον
631 2146 697 2204 ἡμῶν·
719 2143 798 2207 4ἧρκεν
811 2151 909 2207 ἔτι-μέσου

122 2221 252 2278 προςηλῶσας
270 2218 320 2264 αύτύ
338 2225 366 2280 τῷ
383 2223 472 2281 σταυρῷ·
498 2216 662 2276 ιλπεκδυσύμενος
678 2218 714 2272 τιλς
730 2217 801 2277 Ἀρχᾶς
818 2222 854 2266 καὶ
871 2220 908 2274 τῶς

122 2283 224 2343 Ἐξουσίας
234 2289 391 2349 θίδειγμότισεν,
407 2292 427 2335 ἐν
437 2293 539 2350 παρρησίᾳ
548 2288 688 2348 θριαμβεύσας
699 2288 787 2342 6αύτούς
797 2291 818 2335 ἒν
831 2290 908 2352 7αύτῷ·

127 2361 209 2418 Βθύρας
217 2364 290 2416 ηαλκῦς
300 2363 423 2418 συντρίψας,
437 2360 472 2404 καὶ
482 2358 568 2416 μοχλούς
579 2362 677 2417 σιδηροῦς
687 2358 813 2413 συνθλαίσας,
828 2359 851 2404 τό
862 2366 908 2417 φῶς

125 2425 188 2480 αὖθις
202 2428 292 2481 ὑπέδειξε
307 2435 343 2485 της
356 2432 418 2484 ζωῆς,
440 2435 506 2485 χεῖρας
523 2429 610 2486 ὀρέγων,
632 2427 745 2482 όδσπυιῶν,
768 2427 908 2488 θύποβνίθραν

125 2497 218 2555 οὐρανῶν
228 2496 358 2552 ύποδεικνύς,
374 2498 502 2557 Παρόδεισον
512 2492 575 2548 αὖθις
587 2499 650 2540 οἰκεῖν
662 2496 729 2548 αἰξιῶν.
763 2501 835 2541 Τοίνυν
844 2498 908 2557 κατιβ·

123 2581 185 2621 κησεν
195 2568 215 2609 ἐν
225 2564 284 2620 η’μῖν,
303 2568 340 2608 καλ
349 2564 372 2609 τό
383 2568 483 2620 δικαίωμα
492 2569 530 2607 τσῦ
545 2564 611 2620 νόμον
621 2563 671 2615 δούς
679 2562 727 2619 ἡμῖν
739 2570 776 2608 τοῦ
787 2564 907 2620 πνεύματος,

123 2635 152 2684 είς
161 2632 184 2676 τό
193 2638 269 2690 γνῶναι
278 2631 348 2685 αἰτόν,
367 2632 409 2688 [θῆ
418 2631 443 2675 ταί
453 2633 499 2689 περί
511 2631 583 2685 αὐτοῦ,
598 2631 611 2675 ό
620 2633 673 2676 ἐστιν
683 2630 734 2690 ἆρχη
742 2634 778 2676 καὶ
785 2634 840 2684 τέλος
850 2638 907 2690 ζωῆς.

124 2702 197 2758 Νόμος
208 2701 337 2756 δικαιοσύνης
348 2702 427 2759 γέγονεν
440 2699 501 2757 ἡμῖν,
525 2699 617 2755 11νόμος
626 2703 721 2754 πίστεως,
741 2700 804 2757 νόμος
820 2704 908 2758 πνεύμα-

123 2790 167 2827 τος,
187 2769 294 2829 ἐλεύθερος
306 2771 328 2815 ἐκ
344 2769 409 2828 νόμον
422 2767 527 2829 ησαρκός
541 2766 643 2828 δμαρτίας.
673 2768 712 2817 Διδ
725 2769 867 2828 1θσυνιίδομαι
879 2776 908 2834 τῷ

124 2843 180 2906 νόμῳ
194 2847 231 2889 τοῦ
245 2846 297 2888 θεοῦ
310 2840 360 2886 κατοί
377 2840 411 2887 τόν
425 2843 464 2887 ἔστι
480 2839 600 2900 ύνθρωπον·
619 2843 658 2887 ἰσω
673 2842 695 2887 δὲ
711 2839 770 2899 ἡμῶν
784 2838 798 2886 ό
813 2841 907 2903 Χριστός,

147 2927 163 2961 2.
175 2930 248 2963 Fortasse
258 2926 289 2962 τοῦ
301 2926 343 2961 υἱοῦ.
549 2926 566 2960 2.
579 2925 608 2963 καλ
620 2926 693 2966 δικαίως
704 2936 735 2959 om.
747 2928 804 2960 Αναυτ.

146 2974 165 3019 ‘)
178 2976 216 3008 Vide
230 2977 305 3008 Αατοεολ.
321 2973 403 3016 ταμδῦ,
418 2984 435 3017 1²-
441 2972 464 3010 67
470 2983 504 3015 sqq.
549 2972 566 3006 3.
577 2970 603 3013 ῶς
614 2975 648 3007 ινδ.
660 2974 727 3015 Βλεάίρ.

125 3021 149 3054 αλ
160 3022 216 3054 petav.
550 3017 566 3052 4.
574 3022 591 3054 In
598 3022 655 3053 Δηιον.
666 3020 723 3062 [ayant
732 3014 776 3063 ἄρας
786 3017 806 3054 ἐκ
813 3018 908 3064 με’σιυκαλ

149 3066 188 3098 Cu.
195 3067 242 3099 Ιῐ.-
262 3065 277 3101 l.
287 3066 318 3103 καλ
327 3066 406 3111 σωτῆρος
416 3066 463 3100 addit
472 3068 505 3099 An·
527 3063 641 3110 πραςηλῶσας
651 3065 676 3110 τῷ
689 3075 715 3099 στ-

125 3122 156 3147 ιυτ.
550 3111 566 3144 5.
578 3107 731 3155 ταμεδειγμάτισεκ
743 3112 799 3145 Δανα.
