1988 3392
142 205 184 254 226
432 213 514 252 ειαοτι
526 211 643 252 ευιεειιαιι

143 297 255 354 μυθοίδους
274 312 312 342 σου
332 297 409 352 πλάνης
428 295 489 346 ἐάσας
506 294 557 339 θεόν
576 295 609 339 ἀεὶ
628 295 687 348 όντα,
708 296 743 339 καὶ
756 293 779 338 τό
790 294 850 353 άγιον
864 296 930 342 αῦτοῦ

143 372 221 422 πνεῦμα
233 366 264 410 ἀεὶ
275 366 311 419 όν,
326 368 359 410 καί
372 364 436 410 ἐλθιίν
446 363 529 409 ἀκούσει
539 364 595 423 παρά
605 370 643 408 σοῦ
651 365 697 421 περὶ
706 369 801 420 γεννητοῦ
813 370 875 419 θεοῦ,
896 368 929 409 ’ίνα

142 437 177 479 καὶ
189 434 252 486 αότός
261 438 283 480 ἐν
293 441 368 492 μωροῖς
379 437 520 490 καταλεχθείη,
534 433 678 489 διδασκόμενος
690 439 810 489 προςκννεῖν
821 432 857 489 τήν
867 438 930 479 κτίσιν

143 502 199 561 παρά
209 504 244 548 τόν
254 507 355 557 κτίσαντα,
366 503 389 553 ός
400 505 452 546 ἐστιν
463 503 596 560 εὐλογημένος
605 505 633 553 είς
642 501 690 553 τούς
700 503 782 555 αίαῑνας,
796 501 859 557 ἀμήν,·
885 503 929 548 Οῦκ

143 574 213 629 ἔχομεν
224 573 262 631 γάρ
273 571 330 628 ἡμεῖς
339 570 418 616 κτιστύν
428 571 486 625 θεόν,
501 570 527 615 ού
537 570 630 625 ποιητδν,
644 569 686 615 ἀλλ’
695 570 787 615 ίίκτιστον
797 573 832 615 καί
845 569 930 629 ιιάγέν-

143 661 215 698 νητον,
236 644 258 685 ἐκ
270 640 345 699 πατρός
360 642 503 699 γεγεννημένον
518 638 610 696 ἀνάρχως
626 641 661 683 καὶ
676 636 772 697 ἀχρόνως.
803 638 849 683 Κάν
859 657 880 684 τε
890 639 929 698 γάρ

143 714 216 770 σοφίζη
225 710 248 754 τό
259 710 354 767 γεννητόν
366 707 487 768 ηγεννητόν
497 707 610 764 ὁμωνύμως
619 713 686 752 καλεῖν
695 707 824 764 βουλόμενος,
839 708 864 753 οῦ
874 710 930 761 δέξο-

143 783 179 834 μιιί
190 794 227 823 σου
236 779 273 834 τήν
282 781 340 832 λέξιν,
355 777 394 822 κόν
403 794 424 821 τε
433 775 477 832 οὐχ,
493 776 558 828 οὕτως
568 775 645 837 νούσης
656 775 799 832 ἠλαττωμένως
808 776 864 834 παρά
875 777 897 821 τό
907 779 930 821 ἐκ

60 871 95 902 pag.
104 862 135 892 σεε.
145 847 220 905 πατρός
231 852 368 905 γεγεννῆσθαι.
397 844 430 897 Ἐξ
439 846 538 889 ἀκανθῶν
548 844 585 903 γάρ
596 844 622 889 οῦ
634 847 750 903 συλλέγουσι
760 845 870 900 σταφυλάς,
885 844 930 889 οῦτε

143 919 165 960 ἐκ
174 916 271 973 τριβόλων
277 908 343 960 σῦκα·
354 915 402 959 οῦδὲ
411 917 431 966 ἐξ
441 913 515 972 ἀνδρός
524 915 677 969 πεπλανημένον
687 912 752 972 όρθδς
760 912 787 958 ίίν
794 913 929 970 ἀπολειφθείη

142 985 207 1042 λόγος.
235 983 323 1040 Ἐφίμον
339 983 377 1041 γάρ
389 982 446 1028 καλό
460 983 532 1040 κύριος
542 983 590 1033 τούς
603 985 699 1038 δαίμονας
712 983 799 1041 Χριστόν
810 981 872 1027 αύτόν
881 981 929 1038 όμο·

143 1058 258 1109 λογοῦντας.
288 1052 337 1096 Κατ’
349 1055 429 1096 έννοιαν
438 1053 460 1095 δὲ
468 1056 508 1095 τῶν
516 1054 580 1094 θείων
590 1056 674 1109 γραφῶν
684 1050 769 1105 φάσκεις
777 1049 829 1096 εἶναι
837 1049 859 1095 τό
873 1056 928 1095 13λο-

142 1125 213 1179 γίδιον.
250 1123 303 1179 Λέγε
319 1140 364 1177 μοι,
385 1123 435 1164 ποία
451 1119 520 1177 γραφη
536 1124 583 1163 θεία
599 1122 691 1164 ἐδίδασκε
706 1126 864 1177 προςκννεῖσθαι
878 1118 930 1164 θεόν

142 1189 237 1246 ποιητόν,·
267 1192 309 1233 Καὶ
320 1189 350 1233 δτι
361 1189 396 1244 μέν
405 1188 456 1238 θεός
464 1187 573 1245 ἀγέννητός
583 1189 630 1241 ἔστι,
645 1191 704 1232 παντί
715 1206 743 1245 τῳ
754 1189 818 1241 σαφές
829 1190 866 1243 ε’ίη.
881 1186 930 1232 Ἀλλ’

143 1259 192 1302 οῦδὲ
203 1263 262 1302 τοῦτο
279 1258 376 1313 ὀνομαστί
391 1258 476 1314 ἔγκειται
487 1258 509 1300 έν
519 1261 544 1316 τῇ
558 1259 606 1315 θεία
617 1261 693 1316 γραφῇ.
719 1256 771 1300 ’Ano'
782 1258 804 1300 δὲ
815 1256 882 1314 ὀρθοῦ
894 1258 929 1301 κοιλ

142 1326 238 1383 εὐσεβοῦς
253 1331 348 1384 λογισμοῦ
366 1327 399 1369 καὶ
414 1323 476 1381 αύτῖγς
496 1329 564 1380 14τῆς
576 1326 672 1376 συνέσεως
685 1326 731 1381 περὶ
745 1330 798 1369 θεοῦ
811 1323 929 1381 ιοεύσεβῦς

123 1434 125 1436 .
142 1401 202 1439 τοῦτο
220 1401 275 1439 νοεῖν
286 1396 321 1438 καί
336 1395 398 1451 λέγειν
409 1393 513 1450 ἀραρότως
526 1394 571 1448 ἔχει.
600 1395 672 1450 Λέγεις
682 1394 715 1446 δὲ,
736 1396 771 1438 λ’να
782 1395 856 1437 εἰδέναι
866 1396 930 1448 έχοιεν

142 1467 164 1506 οί
172 1462 213 1508 ύιτό
227 1468 249 1494 ¹⁶
257 1468 295 1507 σοῦ
306 1463 393 1517 ἀθληταί
404 1464 469 1505 τεκαὶ
481 1461 588 1519 ἀθλητριαι
599 1462 729 1517 καλούμενοι,
749 1463 897 1517 πεπλανημένοι
908 1463 930 1506 δὲ

143 1537 231 1586 μᾶλλον,
253 1537 297 1582 πῶς
308 1531 361 1586 πρός
372 1532 456 1574 ἕκαστον
467 1528 597 1587 ἀποκριθῦσι
609 1528 643 1573 διά
654 1530 754 1585 συντόμου
765 1532 801 1574 καὶ
811 1530 928 1588 εῦπεριδρά-

141 1617 192 1643 κτου
203 1599 272 1656 λόγον,
287 1604 385 1656 στιχηρῶν
394 1599 471 1656 τρόπον
480 1597 505 1641 τά
515 1597 614 1652 κεφάλαια
624 1596 665 1641 δτιδ
677 1603 715 1641 σοῦ
726 1604 874 1642 συντεθεῖσθαι.
889 1598 928 1643 Διό

143 1667 194 1710 υότδ
209 1667 234 1710 τά
250 1668 350 1711 δοκοῦντά
363 1681 400 1710 σου
416 1666 486 1723 ἰσχυρά
503 1665 592 1723 ῥήματα,
610 1667 645 1709 καί
657 1666 776 1720 σοφιστικοὶ,
796 1665 872 1724 δίπρδς
882 1667 930 1719 τούς

143 1740 221 1790 μείζους
232 1737 260 1786 εἰς
270 1735 382 1791 ἀντιλογίαν
394 1736 498 1790 ἓξήσκηταί
508 1749 547 1787 σοι,
563 1739 635 1789 μᾶλλον
646 1734 668 1776 δέ
678 1736 713 1777 ’ίνα
722 1733 775 1791 πρός
783 1735 821 1791 τήν
832 1733 930 1790 ἀλήθειαν

142 1803 220 1862 ἒπάρῃς
231 1802 306 1858 στόμα,
326 1801 384 1858 ἡμεῖς
399 1807 420 1846 οί
431 1803 514 1852 εῦτελείς
529 1803 564 1845 καὶ
577 1804 666 1854 ἰδιῶται,
686 1801 757 1846 καλοῦ
772 1806 860 1857 μείζους,
880 1802 930 1847 ἀλλά

142 1871 260 1929 βραχύτεροι
271 1876 349 1914 πολλῶν
364 1876 404 1914 ταῖν
420 1873 441 1913 ἐν
452 1875 477 1929 τῇ
488 1868 535 1928 αλγίιγ
551 1874 587 1913 τοῦ
603 1874 655 1913 θεοῦ
667 1871 771 1929 ἐκκλησίᾳ,
793 1870 929 1927 ποιησόμεθα,

143 1937 171 1989 ἀς
182 1945 291 1996 προεῖπον,
306 1938 342 1995 τὴν
352 1936 469 1996 ἀνατροπὴν
479 1943 514 1994 τῆς
525 1937 639 1983 ἀσυστάτου
650 1938 724 1995 ταύτης
736 1939 771 1983 καί
783 1940 865 1999 σφόδρα
877 1940 930 1985 εὖτε·

142 2012 191 2059 λοῦς
205 2011 311 2066 φλυαρίας.
502 2013 504 2016 '

201 2214 243 2256 Καὶ
254 2214 292 2263 ἕως
301 2208 340 2257 ὧδε
349 2214 407 2269 ἐχέτω
418 2227 455 2256 σου
465 2211 480 2268 ἦ
489 2210 540 2256 κατά
549 2216 587 2256 τοῦ
596 2216 705 2270 προοιμίου
716 2211 817 2264 ἀντίθεσις
827 2219 863 2271 τῆς
873 2211 930 2270 η’μολν

146 2285 304 2339 Πβραχυτῖχιος.
319 2327 320 2330 ¹
335 2282 411 2339 Ἀρχὴν
429 2282 451 2325 δὲ
470 2276 532 2333 αὖθις
546 2287 586 2325 τῶν
602 2280 642 2325 ύπό
660 2288 698 2326 σοῦ
713 2286 828 2337 κεφαλαίων
840 2287 931 2341 καθεξῆς

144 2351 256 2403 κατατάξας
272 2349 365 2409 ἀντικρυς
380 2351 464 2407 ἑκάστης
480 2353 549 2404 λέξεως
565 2353 600 2395 καί
615 2354 725 2406 κεφαλαίου
738 2351 930 2410 άντιπαραθύσομαι

144 2419 180 2471 τάς
196 2422 219 2464 ἐκ
234 2425 274 2464 τοῖν
289 2425 352 2465 θείων
366 2426 451 2480 γραφῶν
464 2422 499 2465 καί
514 2423 534 2473 ἐξ
549 2418 615 2478 όρθοῦ
625 2426 720 2478 λογισμοῦ
731 2420 855 2482 ἀντιρρήσεις
865 2424 930 2468 τεκαὶ

144 2489 261 2545 ζητημάτων
278 2490 333 2547 παρά
347 2506 379 2535 σοι
395 2496 479 2548 λογικῶν
494 2489 622 2548 ἀνατροπάς,
643 2489 699 2542 ὅπως
717 2494 738 2535 οί
750 2497 803 2537 θεοῦ
815 2496 885 2538 δοῦλοι
895 2494 931 2537 καί

145 2559 228 2614 ἀληθεῖς
237 2558 323 2615 ἀθληταί
333 2560 446 2616 ἐντυχόντες
455 2562 490 2605 καὶ
502 2558 661 2615 κατανοήσαντες
671 2560 707 2617 τὴν
717 2561 785 2605 πᾶσάν
795 2576 832 2607 σου
843 2563 930 2608 ἀτοπίαν

145 2628 304 2685 καταγελάσωσι,
324 2633 422 2687 λέγοντες,
443 2627 605 2686 Ἡύπερηφανία
617 2635 652 2684 της
661 2633 746 2686 καρδίας
756 2645 794 2675 σου
806 2633 887 2687 έποίησέ
898 2646 930 2676 σοι

144 2703 217 2741 ταῦτα’
238 2696 263 2741 σύ
272 2696 310 2755 γάρ
322 2697 379 2750 εἶπας
388 2704 450 2742 ταῦτα
463 2700 485 2742 ἐν
496 2703 520 2758 τῇ
536 2701 614 2758 διανοίᾳ
628 2714 675 2753 σου,
695 2697 832 2757 Ἀναβήσομαι
848 2703 877 2753 εἰς
893 2700 930 2745 τόν

145 2765 246 2825 ούρανδν,
266 2770 301 2811 καί
317 2767 384 2811 ε’πάνω
399 2773 440 2812 τῶν
455 2766 543 2825 ἀστέρων
558 2773 594 2812 τοῦ
607 2768 695 2826 ούρανοῦ
706 2769 797 2825 θήσομαι
807 2769 843 2815 τόν
853 2769 930 2829 θρόνου

170 2886 196 2919 λλ.
208 2887 281 2920 Rescribe
292 2882 379 2929 ἀγένητοι.
549 2884 624 2932 genitum
634 2893 702 2920 versute
716 2886 779 2926 uteris,
795 2886 871 2931 genitum
881 2886 930 2933 aequi

170 2931 195 2964 λζ),
209 2933 271 2974 Βεμοαι
284 2929 361 2976 γενητόν.
390 2933 477 2966 Carnarius
489 2941 527 2973 ραν·
550 2942 592 2966 voce
604 2933 654 2966 etiarn
667 2932 731 2966 factum
741 2943 802 2966 vocare
814 2933 872 2967 volens
884 2937 918 2969 τελλ.

145 2987 175 3019 (μιν
182 2981 205 3010 ιλιι
215 2980 326 3020 interpretatus
334 2981 358 3011 εει
366 2978 397 3011 sed
406 2977 500 3011 increatum
510 2982 528 3009 et
574 2978 600 3013 13.
612 2980 631 3014 λσ
640 2978 680 3023 λέγε
690 2980 725 3013 ωδ.
736 2979 802 3021 Ηλιδίμ.
826 2979 903 3025 λεχίδιυν.
914 2980 929 3015 λ-

146 3034 180 3055 non
190 3023 259 3066 factum,
269 3035 289 3057 ex
298 3030 346 3069 patre.
353 3022 429 3068 genitum
437 3024 473 3057 sine
480 3023 528 3069 prin·
550 3027 572 3059 ιιι
582 3027 639 3059 vitium
648 3027 685 3059 edil.
695 3026 752 3059 Ριλαν.
765 3025 818 3059 θελοι.
829 3030 877 3069 ιιριι.

146 3068 191 3112 cipio
202 3075 220 3103 et
229 3069 265 3103 sine
273 3077 357 3115 tempore.
381 3070 421 3104 Sive
432 3070 477 3104 enim
484 3081 527 3103 voce
