1988 3392
245 240 338 274 eunden
349 240 392 273 ere.
400 240 428 273 ur.
442 240 497 273 Toni.
505 241 519 273 1.
530 237 597 272 nune.
605 236 687 270 exxur.
834 226 862 266 95

77 331 126 359 vero
143 324 199 374 patre
214 318 325 372 iuniorem,
346 320 452 361 anathema
472 320 506 361 sit.
543 316 566 360 si
584 317 628 373 quis
646 315 741 371 temporis
759 320 863 371 expertem

76 385 174 441 unigeniti
191 383 268 430 Christi
285 402 296 429 a
312 394 368 444 patre
385 388 512 444 procedentis
528 386 651 443 hypostasim
668 384 692 427 ad
709 384 817 439 ingenitam
832 382 863 424 dci

77 454 185 496 essentiam
197 457 284 509 referat,
307 452 538 512 tauquamvdcncicopu,
559 455 596 496 boc
609 455 775 507 estfilzoputrcm,
798 452 864 507 appel-

77 524 128 577 lans,
141 523 246 567 anathema
258 525 291 568 sit.
321 523 344 568 Si
356 526 400 581 quis
411 525 453 567 sula
465 532 564 581 potestate
575 532 651 581 patrem
662 521 758 577 unigeniti
770 521 812 571 lilii,
824 535 865 562 nou

77 600 175 650 potestate
189 593 248 635 simul
260 601 282 638 et
293 595 381 635 essentia
394 607 439 636 csse
450 594 544 646 deliniat,
566 601 659 649 tanquam
673 592 736 632 solam
747 596 865 646 potestatem

77 677 189 720 usurpans,
212 670 232 704 et
249 678 373 706 communem
390 664 408 705 ei
424 677 467 705 cum
486 661 559 705 ceteris
574 663 667 719 operibus
679 660 813 702 conditionem
829 659 864 700 tri-

77 731 152 786 buens,
169 745 233 789 neque
248 747 364 790 germanum
376 748 387 775 a
397 739 452 790 patre
463 731 525 775 filium
540 745 589 775 vere
598 738 663 774 ortum
676 744 722 773 esse
738 729 862 787 praedicans,

78 802 184 844 anathema
195 802 229 844 sit.
260 801 285 846 Si
301 803 345 859 quis
362 811 437 859 patrem
450 809 549 859 potestate
564 802 622 844 simul
632 809 652 843 et
661 800 772 843 substantia
783 799 818 841 lilii
829 813 864 855 pa-

78 879 128 913 trem
144 885 239 914 asserens
255 872 444 914 consubstantialem
459 871 493 912 vel
505 871 593 913 eiusdem
609 886 653 912 cum
669 877 725 927 patre
739 869 863 911 substantiae

78 939 141 983 lilium
156 954 202 983 esse
215 941 280 993 dicat,
297 940 402 983 anathema
416 939 449 981 sit.

136 1008 279 1067 subscripsere
306 1008 404 1062 Basilius,
431 1007 561 1059 Eustatbius,
590 1008 741 1065 Hypereebius,
769 1006 862 1059 Letoius,

78 1077 200 1131 Heorticus,
217 1078 352 1135 Gymnasius,
368 1077 510 1130 Memnonios,
526 1075 642 1133 Eutyches,
660 1076 783 1128 Severinus‚
800 1074 864 1129 Euty·

78 1147 146 1200 cbius,
163 1146 291 1198 Alcimedes,
308 1146 434 1189 Alexander.
466 1144 496 1188 lta
507 1147 568 1188 credo
579 1153 599 1188 ut
610 1160 671 1203 supra
682 1145 777 1201 seriptum
789 1152 828 1197 est,
845 1151 865 1185 et

78 1230 114 1273 per
129 1216 295 1273 subscriptionem
311 1218 416 1271 profiteor.

365 1308 574 1342 HACTENUS.

165 1463 166 1466 Ἴ
203 1423 283 1456 enstLtt
296 1423 325 1456 AG
339 1423 432 1456 GEORGIl
443 1424 474 1457 ET
487 1422 604 1456 SOCIORUM
616 1422 742 1455 reoFEssro.

137 1490 265 1535 Substantiae
285 1506 357 1533 nomen
373 1492 454 1534 minime
473 1492 550 1547 quidem
569 1491 632 1548 ipsum
650 1491 671 1533 iu
687 1490 750 1532 reteri
767 1492 798 1533 vel
811 1505 864 1533 nero
875 1506 962 1552 Capxtt.

78 1567 199 1603 testamento
210 1569 278 1617 aperte
289 1561 397 1617 reperitur,
414 1561 448 1602 sed
459 1561 510 1616 quod
523 1575 548 1602 eo
560 1560 684 1615 significatur
696 1560 769 1616 passim
781 1574 866 1616 expres-

80 1643 124 1671 sum
137 1629 218 1684 legitur.
249 1628 343 1686 Inprimis
354 1629 375 1670 in
392 1644 416 1671 eo
429 1629 473 1670 loco
485 1630 504 1671 iu
520 1643 559 1685 quo
573 1630 622 1670 deus
633 1627 727 1685 Moysem
740 1630 821 1671 mittens
836 1630 865 1671 sio

80 1698 241 1751 eilocutusest,
261 1701 295 1739 Sr'e
304 1701 356 1739 debes
363 1700 416 1752 fileto
425 1701 498 1747 Imnt'l,
520 1701 608 1750 Quicst,
626 1705 666 1740 etc.
697 1696 756 1753 Qriod
769 1699 793 1739 de
807 1706 968 1753 patremmeum

79 1766 196 1823 praesertim
211 1767 295 1818 dicitur,
317 1767 349 1822 qui
364 1767 434 1808 ordine
446 1767 521 1822 primus
534 1767 664 1821 intelligitur,
684 1770 959 1820 uqeoomnr'spu-Epu.c,1c.

80 1839 160 1876 ternitus
176 1838 196 1875 iu
211 1837 387 1876 coeloetiuterru
397 1838 513 1876 nominatur.
546 1832 586 1889 Qui
604 1849 669 1890 neque
684 1835 709 1875 ab
728 1836 768 1877 ullo
781 1842 823 1887 est,
845 1844 865 1877 et

57 1906 59 1910 ⁴
78 1904 104 1945 iis
119 1917 170 1959 quac
182 1910 229 1944 suut
242 1917 314 1945 caussa
326 1910 358 1945 est
369 1911 390 1946 ut
401 1905 448 1945 sint.
480 1902 556 1945 Verum
568 1917 611 1944 eum
623 1911 644 1945 ct
658 1903 710 1945 filius
721 1904 748 1945 sit
763 1905 863 1955 existens,

79 1978 100 2013 et
110 1972 156 2013 illud
168 1970 206 2012 sibi
217 1972 382 2014 communicatum
396 1972 503 2027 acceperit,
520 1970 595 2013 Paulus
608 1970 762 2024 Samosateuus‚
779 1980 799 2014 et
808 1970 865 2013 Mar·

79 2040 150 2092 cellus,
162 2039 186 2080 ab
199 2039 233 2080 illa
249 2038 328 2080 loannis
342 2040 450 2088 sententia,
468 2054 506 2095 qua
518 2039 613 2095 seriptum
625 2047 664 2091 est,
679 2043 704 2080 In
712 2044 810 2094 pmtucr'pzb
820 2049 925 2084 mallonum
934 2054 969 2091 t‚1.

78 2109 155 2149 verbum
168 2114 217 2158 ete,
234 2107 309 2149 erroris
321 2107 448 2149 occasionem
460 2108 594 2164 arripuerunt,
607 2114 629 2149 ut
642 2108 673 2149 dei
686 2107 745 2149 lilium
757 2123 806 2150 vere
819 2123 864 2151 esse

79 2176 139 2218 filium
157 2176 232 2217 nollent
248 2190 366 2232 agnoscere.
404 2175 445 2219 Sed
459 2190 486 2217 ex
500 2177 544 2233 ipsa
561 2176 616 2217 verbi
633 2176 765 2232 appellatione
784 2191 862 2230 arusam,

79 2246 108 2287 uti
120 2245 219 2296 diximus,
239 2244 358 2300 arripientes
373 2245 475 2287 filiumdei
489 2245 618 2296 vocabulum,
640 2245 692 2300 qriod
707 2245 732 2286 ab
748 2260 783 2287 ore
794 2260 864 2303 proue-

79 2313 120 2366 dit,
141 2327 165 2355 ac
182 2328 252 2355 vocem
268 2312 366 2355 nominari
381 2314 494 2355 voluerunt.
526 2310 558 2355 (lb
575 2313 594 2354 id
608 2320 674 2369 patres
689 2313 718 2355 illi
733 2313 766 2369 qui
781 2313 864 2356 Paulum

80 2379 234 2424 Samosateuum
252 2382 381 2434 damnarunt,
404 2381 428 2423 ob
446 2381 504 2422 talem
520 2381 744 2436 interrogatiunculam,
768 2391 789 2424 ut
805 2383 864 2425 filium

80 2450 221 2491 subsistentem
237 2457 258 2491 et
268 2450 387 2491 existentem
398 2456 474 2490 etcum
486 2449 519 2504 qni
530 2456 561 2490 est
574 2463 620 2491 esse
631 2451 803 2504 demonstrarent,
825 2467 865 2492 non

80 2525 146 2560 autem
162 2516 280 2559 vocabulum
295 2517 386 2572 aliquod,
408 2517 467 2558 lilium
488 2515 618 2558 substantiam
634 2524 655 2558 ut
675 2528 771 2560 vocarent
785 2519 864 2561 adducti

80 2593 139 2639 sunt,
161 2600 199 2641 qua
215 2586 338 2628 substantiae
354 2584 486 2641 appellatione
502 2586 521 2626 id
538 2585 589 2639 quod
604 2599 639 2640 per
654 2586 740 2642 seipsum
758 2588 828 2630 existit
839 2589 864 2630 ab

81 2668 106 2696 eo
121 2654 172 2710 quod
188 2667 224 2709 per
240 2667 262 2695 se
278 2667 317 2695 nou
331 2653 401 2694 existit
415 2652 481 2707 aliquo
498 2652 611 2695 discrimine
627 2663 752 2710 separarent.
783 2655 864 2698 Etenim

80 2722 199 2765 vocabulum
212 2735 247 2777 per
262 2735 307 2764 sese
318 2735 358 2763 non
369 2720 472 2773 subsistit,
493 2736 530 2763 nce
541 2735 586 2763 esse
597 2721 628 2763 dei
641 2723 692 2764 filius
703 2731 775 2780 potest.
806 2725 864 2767 Alio-

81 2791 114 2847 qui
126 2791 192 2847 plures
203 2797 262 2832 erunt
272 2790 309 2831 hoc
321 2789 379 2830 modo
390 2789 423 2831 lilii
440 2789 479 2831 dei.
510 2788 562 2832 Nam
575 2798 630 2846 pater
645 2792 705 2833 multa
716 2794 803 2835 omnium
816 2809 863 2836 eon-

82 2858 169 2901 lcssione
180 2858 220 2900 lilio
226 2858 307 2900 loeutus
318 2865 361 2899 est:
378 2865 400 2899 ut
413 2872 458 2899 cum
469 2857 528 2912 dixit,
543 2861 589 2899 Frbt
594 2861 751 2914 firmamentum,
767 2865 825 2903 Fiam
834 2865 864 2903 Iu-

84 2949 154 2985 ΡΩΘΗ
174 2948 227 2984 ΤΩΝ
249 2949 311 2985 ΠΕΡΙ
326 2948 462 2984 ΒΔΣΙΔΕΙΟΝ
510 2950 550 2984 Gan.
559 2951 599 2985 ΧΠ,
606 2971 630 2978 -
646 2953 662 2987 1.
670 2951 700 2988 καὶ
709 2948 733 2988 ὦν
742 2951 779 2989 ἐστι
788 2964 819 2987 om.
829 2956 864 2988 eod.

84 2996 127 3031 ΚΑΙ
137 2994 263 3031 ΓΕΩΡΓΙΟΝ
280 2995 462 3031 ΟῩΠΟΜΝΗΜΑ-
484 2999 550 3041 flbedtp.

84 3041 187 3124 {effigi
217 3044 263 3084 Quod
278 3045 335 3076 uitium
351 3044 464 3077 animaduertit
508 3044 525 3079 ¹2.
537 3055 557 3089 γε
568 3054 599 3078 cm.
611 3047 645 3080 cod.
655 3046 721 3088 Rbedtp.
