1988 3392
249 244 344 278 rinnau
355 245 398 292 nin.
410 246 440 278 in.
452 246 508 280 rom.
518 247 540 279 n.
551 245 621 279 naun.
630 244 721 279 Lxxrn.
836 234 876 276 351

93 326 168 368 minum
185 324 205 365 in
221 339 301 367 caruem
317 332 337 366 ει
352 338 400 366 ossa
420 332 515 367 mutatum
537 340 590 369 esse*
604 326 702 367 affirmare
720 340 758 367 non
779 323 876 366 dubitant.

93 393 165 449 Neque
176 392 229 434 enim
240 394 301 446 dixit,
319 395 476 445 Quemadmodum
487 410 516 434 me
527 409 603 436 curnem
616 403 637 434 et
646 409 690 434 orsu
700 397 767 434 miletis
777 408 825 442 esse,
842 393 877 433 sed

93 464 174 511 dobere,
191 476 217 503 ne
230 451 316 504 fortasse
328 461 410 504 verbum
421 461 486 517 ipsum
498 463 518 504 in
529 463 640 505 istiusmodi
654 476 773 505 conversum
786 476 832 504 esse
842 476 878 517 pu-

92 538 180 582 taretur,
202 531 237 572 sed
250 538 305 572 ntea
318 531 415 572 duntaxat
429 538 449 572 et
460 538 506 573 ante
522 540 605 574 mortem
620 539 696 588 etpost
710 530 877 573 resurrectionem

93 598 187 641 habuisse
203 600 305 641 credatur.

151 666 188 710 His
201 669 225 710 ad
239 682 283 709 eum
297 669 375 710 modum
389 668 521 724 comprobatis
534 669 557 710 de
568 668 613 710 aliis
625 669 691 710 dicere
704 682 874 726 supervacaneum
892 668 965 711 Car-X·

94 744 136 789 est,
154 744 189 778 aut
199 737 276 793 agitare
288 737 413 794 disputando.
444 736 496 779 Nam
511 752 554 779 cnm
569 752 641 794 corpus
654 738 674 779 in
687 753 726 794 qno
740 739 822 780 verbum
837 738 879 779 ine-

93 814 125 849 rat
141 805 239 848 divinitati
257 806 425 848 consubstantiale
437 807 517 849 minine
534 807 607 859 fuerit,
629 808 663 849 sed
679 821 707 849 ex
718 806 784 849 lllaria
802 806 879 863 virgine

93 889 166 918 revera
178 882 257 927 natum,
274 889 357 931 cumque
373 875 455 917 verbum
470 876 534 933 ipsum
551 891 590 918 non
605 877 625 917 in
641 890 688 917 ossa
702 890 821 933 carnemque
836 890 879 917 mn-

93 952 155 987 tatnm
168 944 205 986 sit:
228 945 296 987 sedin
312 958 371 986 carne
387 945 493 987 resederit.
525 943 583 999 Quod
599 945 651 986 enim
669 943 768 987 aloanne
783 945 877 1001 scriptum

93 1022 136 1068 est,
154 1014 234 1054 Verbum
245 1028 291 1054 coro
299 1015 373 1068 foetum
384 1021 423 1062 est,
447 1013 498 1055 huuc
513 1013 571 1055 habet
584 1027 676 1065 sensum,
700 1022 721 1056 ut
735 1029 761 1057 ex
774 1015 833 1057 simili
848 1015 981 1057 leffium-121l

94 1082 167 1139 quendi
176 1084 254 1125 ratione
266 1083 332 1138 colligi
344 1089 417 1139 potest.
450 1081 488 1124 Est
502 1083 555 1124 enim
567 1097 578 1125 a
589 1081 652 1125 Paulo
665 1084 771 1140 scriptum,
788 1086 876 1125 elusus
885 1091 921 1121 Gal.
929 1092 944 1126 3,
951 1093 973 1121 15.

91 1168 129 1207 pro
144 1153 199 1194 nodis
208 1154 274 1207 foetos
289 1159 320 1192 est
333 1153 461 1194 maledictum.
492 1150 519 1194 Ut
535 1152 597 1208 igitur
615 1152 739 1195 maledictum
753 1152 786 1195 ille
800 1154 878 1209 proprie

94 1236 134 1263 non
146 1222 194 1273 luit,
217 1222 252 1263 scd
263 1221 309 1262 ideo
320 1221 382 1263 fuisse
392 1220 475 1274 dicitnr,
499 1222 549 1277 quod
562 1221 610 1263 illud
622 1228 690 1263 nostra
701 1237 772 1264 caussa
784 1235 879 1279 suscepe-

94 1290 131 1343 rit,
147 1289 177 1331 sic
188 1296 208 1331 ει
219 1303 265 1330 earo
273 1291 346 1344 motum
359 1298 398 1339 est,
416 1304 455 1331 non
468 1290 520 1345 quod
530 1291 550 1331 in
563 1304 644 1332 carnem
657 1298 797 1332 commutatum
809 1291 877 1345 luerit,
891 1286 893 1289 ’

94 1360 129 1401 sed
143 1359 193 1414 qnod
207 1372 288 1400 carnem
306 1359 413 1414 pronubis
428 1359 571 1414 assumpserit,
591 1367 611 1398 et
623 1361 678 1399 homo
688 1361 754 1413 foetos
765 1364 797 1400 ιιι.
829 1358 879 1402 Ειε-

94 1428 134 1469 nim
151 1427 189 1469 hoc
203 1427 278 1484 ipsum,
300 1429 381 1468 mrtem
396 1442 442 1468 euro
453 1428 530 1481 fuctum
546 1436 587 1477 est,
604 1428 687 1469 eandem
699 1428 738 1470 vim
756 1429 814 1470 liabet
826 1443 849 1470 ac
860 1429 877 1470 si

94 1496 207 1549 diceretur,
223 1495 290 1538 Homo
303 1497 375 1538 lactum
389 1503 428 1538 est.
460 1493 577 1538 Cuiusmodi
592 1503 623 1538 εει
635 1497 682 1538 illud
698 1496 777 1540 aloele
792 1497 877 1539 dictum:

93 1567 199 1622 Effundam
209 1568 313 1619 despuito
323 1580 363 1606 meo
374 1580 433 1618 super
444 1580 515 1606 omnem
526 1579 609 1606 curnem.
642 1564 700 1620 Quae
713 1566 792 1622 quidem
803 1567 879 1608 denun-
887 1567 921 1597 ¹⁰⁸¹
928 1569 943 1605 ²,
951 1570 974 1598 Ἠ·

94 1635 151 1677 tiatio
166 1648 189 1676 ac
204 1633 310 1690 promissio
326 1648 365 1675 non
381 1634 405 1674 ad
417 1634 516 1690 pecudes,
533 1635 568 1676 sed
582 1634 606 1675 ad
619 1633 708 1676 homiues
720 1635 814 1691 pertinet,
831 1650 879 1691 quo-

93 1718 137 1746 rum
147 1702 211 1759 gratia
226 1702 316 1744 dominus
328 1702 427 1744 esthemo
439 1703 511 1744 lactus.
543 1701 601 1757 Quae
615 1717 659 1744 cnm
671 1703 698 1744 ita
711 1703 761 1756 sint,
779 1718 842 1760 eaque
853 1705 879 1746 sit

94 1772 201 1815 verborum
218 1771 298 1813 illorum
314 1771 426 1822 sementia,
447 1771 479 1813 vel
492 1771 570 1826 seipsos
582 1771 626 1812 iure
645 1773 805 1814 condemnabunt
817 1772 831 1813 ii
845 1773 879 1829 qui

92 1839 159 1883 Maria
168 1840 255 1897 priorem
266 1854 312 1882 esse
323 1853 403 1882 carnem
414 1840 467 1881 illam
480 1840 604 1891 existimant,
621 1854 671 1895 quae
686 1842 710 1882 de
720 1840 787 1884 lllaria
800 1850 878 1899 sumpta

93 1910 130 1963 sit,
153 1917 174 1951 et
183 1916 229 1951 ante
241 1909 295 1951 illam
306 1910 392 1952 humana
402 1909 517 1964 praeditum
527 1909 594 1951 anima
605 1909 667 1951 luisse.
677 1910 773 1963 verbnm,
794 1924 878 1966 eamque

93 1986 198 2034 antequam
215 1978 253 2019 huc
269 1978 373 2019 adveniret
390 1977 491 2019 habuisse.
523 1976 564 2020 Sed
581 1984 602 2018 et
616 1977 644 2019 illi
660 1979 731 2034 nugari
743 1980 834 2021 desinent
844 1980 878 2035 qui

93 2061 174 2090 carnem
186 2047 256 2089 mortis
274 2060 320 2088 esse
331 2059 423 2102 capacem
437 2052 521 2101 negant,
539 2053 559 2087 et
571 2046 595 2088 ad
608 2045 726 2089 immortalis
739 2055 822 2091 naturae
833 2063 878 2090 sor·

94 2124 133 2159 tem
149 2116 321 2171 conditionemque
337 2114 480 2157 transcribunt.
510 2114 564 2157 Nam
582 2115 599 2156 si
612 2123 702 2157 mortuus
716 2125 812 2170 nonest,
829 2133 878 2173 quo-

93 2186 153 2228 modo
164 2183 238 2227 Paulus
254 2186 334 2227 tradere
351 2184 388 2225 hoo
399 2181 510 2226 Corinthiis
524 2184 600 2240 potnit,
624 2185 676 2239 quod
687 2200 708 2225 se
718 2189 814 2240 aeceprsse
824 2186 877 2228 dice·

93 2254 141 2297 bat?
170 2257 262 2306 Quoozum
277 2256 366 2294 Cdmlrtus
380 2260 466 2293 mortum
481 2260 512 2293 εει
520 2268 560 2306 pro
569 2256 655 2307 percutis
668 2257 751 2304 nostm's,
774 2258 982 2305 secundusomne.

93 2327 208 2378 scripturus.
239 2322 356 2377 Resurgere
372 2335 420 2362 vero
437 2320 470 2376 qni
480 2322 545 2377 potuit
562 2321 602 2363 nisi
618 2329 708 2364 mortuus
720 2330 779 2365 antea
793 2324 878 2366 luisset?

94 2390 187 2435 Maximo
199 2405 249 2434 vero
260 2392 335 2448 pudore
346 2389 490 2446 perfunduntur
500 2390 513 2431 ii
524 2391 557 2445 qni
572 2390 722 2455 quaternionem
738 2407 773 2448 pro
789 2392 878 2435 trinitate

38 2490 39 2494 ,
95 2460 188 2503 constitui
204 2474 322 2516 persuasum
334 2458 420 2510 hahent,
442 2458 459 2500 si
470 2472 542 2514 corpus
553 2473 564 2500 e
574 2457 642 2501 Maria
654 2467 721 2501 natum
733 2474 779 2502 esse
792 2461 876 2503 dicatur.

94 2529 148 2573 Nam
158 2529 175 2571 si
187 2528 356 2571 consubstantiale
372 2526 434 2569 verbo
447 2541 519 2583 corpus
534 2527 665 2580 arbitremur,
688 2529 767 2571 trinitas
779 2529 877 2571 nihilomi-

95 2612 132 2641 nus
145 2597 223 2639 trinitas
234 2604 344 2653 permanet,
356 2610 400 2637 cum
412 2595 538 2651 peregrinum
550 2596 624 2638 nullum
635 2597 717 2639 verbum
727 2597 747 2638 in
757 2598 811 2639 illam
821 2599 878 2640 inve-

95 2666 160 2709 hatur.
192 2666 221 2708 Αι
232 2665 249 2707 si
260 2679 332 2721 corpus
343 2665 389 2706 illud
401 2664 453 2705 idem
464 2678 490 2705 ex
502 2662 568 2706 Maria
580 2671 646 2706 natum
657 2664 756 2707 lronrinenr
769 2680 815 2709 esse
825 2665 878 2709 dica-

95 2750 150 2788 mus,
172 2748 255 2776 necesse
268 2741 310 2785 est,
333 2747 376 2774 cum
389 2746 461 2787 corpus
473 2739 543 2774 natura
556 2732 682 2789 peregrinum
700 2734 825 2790 alienumque
842 2736 876 2787 sit,

95 2805 149 2846 utin
163 2804 206 2859 ipso
218 2801 301 2844 verbum
314 2801 411 2852 insideat,
434 2801 585 2856 quaternionem
598 2815 633 2857 pro
645 2801 734 2844 trinitate
745 2817 877 2859 consurgere,

96 2885 180 2928 corpore
196 2871 288 2913 videlicet
303 2870 388 2911 adiecto.

119 2960 135 2996 9.
147 2957 208 3001 πάντες
219 2964 238 2995 Β.
522 2961 549 2995 13.
560 2959 640 3006 peresam
651 2964 671 2995 B.

120 3007 147 3041 10.
159 3005 196 3042 tud
207 3006 300 3053 ἐσχηκέναι
310 3009 329 3040 Β.
523 3005 549 3041 14.
561 3006 591 3051 μὲι
603 3009 651 3040 mest.
663 3018 674 3040 c
685 3010 704 3041 Β.

120 3053 147 3086 11.
159 3048 205 3091 ὅλως
216 3052 246 3087 καὶ
255 3055 275 3085 Β.
521 3053 547 3086 15.
559 3053 644 3095 εἴπωμεν,
656 3053 707 3097 φασὶ,
718 3051 738 3089 τὸ
749 3055 768 3087 Β.

120 3097 146 3132 12.
158 3096 188 3132 nul
200 3096 289 3134 άπὲξιαιει.
311 3093 444 3142 Ἐρυὶιριάσουσι
455 3098 474 3130 Β.
521 3097 547 3132 16.
560 3095 607 3133 οὐδὲν
619 3096 664 3139 ξέναι
675 3100 701 3141 Β.,
712 3101 755 3141 quod
768 3108 823 3134 uerum
833 3102 877 3141 poto.
