1988 3392
207 210 300 245 rauaau
312 210 356 243 cra.
368 212 399 244 ru.
411 211 466 245 rom.
477 211 491 244 1.
503 210 572 244 nana.
581 209 665 244 uxxru.
789 200 830 243 135

98 288 157 344 Quae
173 304 217 331 cum
236 288 263 329 ita
278 289 329 339 sim,
352 290 477 332 contentiosa
493 290 527 331 illa
541 288 606 331 dubiis
622 288 718 331 derebus
733 302 830 344 qaaeca-
884 288 896 319 Ρ

41 364 95 414 ptum
107 362 197 398 nostrum
208 362 304 410 superant
315 357 433 398 tractatione
445 357 586 414 praetermissa
599 355 624 396 iis
636 368 687 410 quae
699 369 711 396 a
721 356 831 397 maioribus

40 424 148 481 accipimus
157 423 292 466 inhaeremus.
324 421 376 478 Quis
389 431 420 466 cst
432 425 485 467 enim
496 425 530 481 qni
547 424 632 467 scientia
644 423 719 465 iactare
730 438 753 466 se
768 431 789 466 et
799 424 830 466 in-

40 493 137 539 solentius
154 494 227 538 audeat
244 493 328 547 efferre,
353 508 397 537 carm
412 493 445 537 ille
462 494 505 553 ipse
521 494 553 538 cui
570 492 638 537 diviua
657 493 757 551 patetaota
773 500 828 549 sunt,

40 568 76 622 qui
88 568 115 608 od
131 568 207 607 tertium
221 581 281 621 usque
292 567 365 607 coelom
375 581 417 607 esse
427 574 513 617 euectus,
536 570 572 622 qui
582 568 659 608 oodo'ru't
671 579 744 607 creona
760 567 886 617 verbasco.
893 572 915 611 1²,
920 572 933 602 ²·

41 650 85 678 cum
97 636 144 688 ille,
164 635 256 692 iuquam,
277 639 342 677 cornis
352 638 430 677 stimulo
440 639 535 677 coercitus
546 640 585 686 sit,
602 651 626 678 oe
636 650 658 676 se
668 643 786 689 arroganter
795 652 830 677 ecr-

42 707 133 746 tolleret?
163 702 216 761 Quin
227 705 323 762 propheta
333 705 378 757 itte,
399 705 431 761 qui
444 705 508 757 dixit,
530 708 610 746 Credidi
615 713 698 760 propter
709 707 761 760 qood
770 713 791 746 et
801 707 830 746 lc·
839 712 935 751 Portam.

40 781 157 823 caturcum,
179 777 353 822 comitaturam,
370 773 446 828 inquit,
462 788 502 815 non
515 781 633 829 atcumque,
650 774 684 816 sed
695 776 760 814 nziois.
792 772 830 815 Et-

40 840 92 883 enim
109 848 183 897 quanto
199 841 282 897 quisque
294 842 318 882 ad
332 841 436 882 scientiam
452 840 533 897 propius
550 841 630 883 videtur
641 842 750 892 accedere,
772 848 829 882 tanto

40 908 104 963 magis
115 915 208 963 reputare
221 922 265 949 cum
278 909 345 950 animo
356 923 393 948 suo
406 907 464 948 debet
478 908 577 949 homiuem
589 922 612 948 se
625 922 679 949 esse.
712 907 756 962 Qua
769 909 828 950 dere

39 976 84 1016 audi
100 975 145 1029 quid
163 974 196 1016 ille
213 975 272 1015 dieat.
310 977 354 1026 Ego
371 988 416 1014 aero
432 977 476 1014 do'ari
490 977 510 1014 io
524 988 605 1014 concessu
619 990 671 1023 meo,
696 979 760 1016 omne
773 977 829 1016 dorae

39 1045 128 1084 mendac.
160 1042 229 1098 ltaque
244 1055 289 1083 oum
304 1047 455 1098 praeceptorem
467 1041 558 1083 veritatis
569 1040 688 1092 habeamus,
711 1041 776 1083 nullos
787 1057 829 1083 am-

39 1111 90 1170 plius
108 1111 204 1154 humanos
223 1111 316 1153 doctores
332 1111 474 1166 adiungamus,
495 1111 530 1153 sed
544 1110 594 1167 apud
606 1124 643 1152 uos
659 1110 697 1168 ipsi
709 1110 827 1167 cogitemus,

40 1197 63 1226 ac
74 1197 137 1240 neque
148 1182 259 1225 divinorum
270 1196 338 1225 rerum
350 1181 419 1224 modos
431 1188 451 1224 et
462 1180 563 1234 raciones,
581 1195 645 1239 neque
658 1181 764 1239 quidquam
777 1181 829 1225 alind

40 1252 139 1295 curiosius
155 1252 280 1309 indagemus.
316 1250 343 1295 Ut
362 1253 414 1294 euim
431 1250 466 1294 lilii
482 1251 634 1308 generationem
651 1252 753 1308 explicare
770 1266 829 1294 nemo

39 1328 117 1380 potest,
138 1321 165 1363 ita
177 1329 196 1364 et
208 1322 287 1364 modurn
299 1321 367 1375 illum,
388 1336 427 1377 quo
439 1329 496 1378 pater
507 1320 588 1376 genuit,
609 1335 704 1364 enarrare
718 1321 829 1379 nulluspo-

40 1397 88 1433 test.
119 1389 195 1432 Verum
207 1390 254 1431 illud
267 1391 292 1432 ad
303 1389 413 1448 doctrinam
424 1391 516 1432 sufficere
528 1395 629 1445 putatote,
646 1393 713 1431 Omor‘o
720 1406 758 1444 per
767 1393 829 1444 comm
837 1400 933 1438 tornatas.

39 1461 93 1513 scroto
104 1466 157 1508 sunt>
173 1467 193 1499 et
203 1461 245 1499 scire
257 1460 380 1513 prosarum
390 1460 484 1498 estnihil.
515 1455 595 1500 Utinam
608 1471 657 1499 vero
667 1458 700 1499 det
710 1459 758 1500 illud
770 1459 829 1501 nobis

40 1525 144 1577 dominus,
165 1533 186 1566 ut
202 1526 270 1567 cadem
286 1540 324 1581 qua
336 1525 462 1567 Abrahamus
475 1525 579 1581 prudentia
592 1525 688 1580 praediti,
711 1526 828 1578 condixit,

39 1596 97 1635 Nono
114 1596 170 1645 coepi
182 1607 225 1632 oum
238 1595 313 1633 domzoo
328 1607 369 1633 roeo
386 1594 480 1646 colloquor}
503 1606 539 1644 ego
555 1607 600 1632 oero
612 1607 654 1632 sarm
670 1600 723 1633 terro
733 1601 754 1633 et
769 1597 825 1642 cinis,
837 1598 932 1637 demtum.

40 1661 91 1702 adeo
100 1667 122 1701 ut
131 1673 171 1700 uun
182 1660 286 1700 cedrorum
298 1658 371 1701 Libani
381 1659 446 1699 iustar
457 1658 580 1710 attollamur,
596 1674 618 1699 eo
628 1662 679 1713 quod
688 1674 726 1700 ooo
737 1663 757 1700 io
768 1663 829 1701 doctis
855 1678 868 1706 1,
874 1678 909 1707 car.

40 1731 134 1770 domoooe
148 1730 253 1781 saptentiae
268 1728 343 1776 cerdis,
364 1729 399 1768 sed
406 1728 460 1781 fidei
476 1729 596 1768 castancam
608 1730 704 1782 perceptis
719 1728 829 1784 aequabilis
863 1712 900 1750 ²¹³

39 1797 73 1842 illa
83 1811 106 1841 ao
118 1796 199 1855 pacilica
210 1795 308 1855 sapientia
319 1803 458 1855 comparatur,
475 1795 519 1850 det,
535 1795 628 1854 iuquam,
651 1795 708 1840 uobis
721 1804 742 1840 ut
753 1811 829 1856 aequa·

40 1884 98 1927 quam
111 1867 244 1921 haesitemus,
260 1882 330 1912 verum
343 1867 435 1924 quicquid
447 1868 527 1911 tandem
537 1882 630 1924 agamus,
647 1868 685 1911 deu
696 1882 719 1911 ac
732 1868 791 1926 patri,
808 1875 829 1912 et

40 1954 84 1982 cum
102 1939 146 1996 ipso
162 1937 202 1981 lilio
212 1937 233 1979 in
250 1937 322 1994 spiritu
335 1946 405 1979 sancto
415 1936 536 1993 placeamus.
568 1934 607 1979 Cui
619 1938 695 1994 gloria,
714 1938 828 1995 imperinm,

39 2007 116 2060 honor,
132 2014 153 2049 et
167 2006 231 2048 virtus
247 2020 300 2048 rruuc
315 2012 335 2047 et
348 2019 428 2062 semper
442 2005 554 2047 insaecula
568 2007 706 2059 saeculorum,
723 2007 797 2049 Amen.

246 2085 370 2120 HACTENUS
382 2085 479 2119 llIELETll
490 2084 619 2120 CONFESSIO.

98 2210 197 2255 Ceterum
211 2209 311 2266 plerisque
327 2223 355 2252 ex
370 2209 447 2251 Ariana
462 2209 549 2251 factione
565 2209 629 2251 visum
642 2217 674 2251 est
686 2209 738 2252 hunc
750 2224 761 2252 e
771 2208 826 2252 Pon·
860 2221 902 2265 esp.

40 2279 80 2321 tica
96 2279 179 2334 regione
196 2278 318 2328 transterre3
340 2277 391 2331 qnod
408 2277 457 2331 ipsis
476 2284 542 2318 tamen
558 2276 650 2327 minime,
674 2284 696 2318 ut
710 2277 825 2333 sperabant,
834 2268 920 2302 XXXIV·

39 2346 161 2402 voluptatem
177 2352 197 2386 et
210 2343 271 2385 otium
288 2344 324 2385 sed
336 2343 446 2385 molestiam
460 2342 533 2384 attulit.
565 2341 628 2398 lgitur
639 2344 780 2400 imperatorem
794 2347 827 2386 de-

40 2414 115 2457 latione
126 2427 163 2456 sua
174 2411 194 2455 iu
205 2410 305 2454 hominem
316 2417 455 2465 commoveat,
472 2411 523 2468 quod
536 2413 645 2469 perlectam
658 2420 770 2456 creaturam
781 2427 828 2456 esse

40 2484 100 2528 lilium
113 2483 200 2542 prolitcri
211 2482 281 2536 nollet,
298 2496 321 2525 ac
331 2481 409 2525 tandem
421 2496 432 2524 e
443 2496 480 2525 sua
491 2481 539 2526 sede
551 2481 662 2526 deturbant.
683 2480 754 2541 ltaque
766 2491 827 2527 noctu

40 2555 154 2599 inexilium
166 2554 281 2611 deportatus
293 2553 317 2595 ad
331 2552 379 2595 haec
396 2567 460 2609 usque
473 2560 562 2610 tempora
581 2552 601 2595 in
620 2552 685 2610 patria
701 2554 766 2610 degit,
786 2555 827 2598 sin·

40 2624 106 2681 gulari
117 2625 193 2666 honore
209 2637 233 2664 ac
244 2622 385 2664 benevoleutia
396 2623 558 2679 prosequendus,
581 2637 625 2664 cum
637 2622 662 2664 cb
674 2623 725 2676 alia,
748 2631 788 2666 tum
802 2624 827 2666 ob

41 2707 66 2735 ea
76 2707 126 2749 quac
140 2706 193 2735 nuuc
203 2690 306 2749 praeclare
318 2690 343 2732 ab
354 2705 379 2733 eo
389 2698 446 2747 gesta
461 2690 577 2744 didicimus,
599 2699 619 2733 et
632 2692 683 2748 quod
695 2692 825 2745 Antiocheni,

41 2761 113 2818 qnibus
127 2761 160 2802 ille
176 2767 267 2818 praeest,
291 2759 389 2801 sinceram
406 2760 464 2816 tidem
482 2760 519 2802 lroc
537 2767 628 2815 tempore
642 2761 771 2816 prolitentnr;
793 2763 827 2818 qui

42 2829 115 2871 nullam
125 2829 217 2885 amplius,
233 2842 257 2870 ac
268 2841 294 2869 ne
306 2826 379 2869 leviter
389 2827 477 2883 quidem,
494 2836 597 2870 creaturae
609 2829 729 2871 mentionem
743 2830 825 2882 faciunt,

42 2897 78 2939 sed
96 2904 172 2953 patrem
193 2904 213 2937 et
232 2896 292 2937 lilium
308 2902 328 2936 et
347 2896 438 2951 spiritum
458 2903 548 2938 sanctum
570 2897 759 2940 consubstantialem
780 2911 826 2940 esse

42 3010 74 3042 toris
91 3018 119 3042 ote
136 3018 187 3042 mauu
201 3011 273 3050 scriptis,
294 3017 322 3041 aec
339 3009 381 3049 typis
397 3011 480 3049 expressis.
