1988 3392
135 227 178 268 468
424 232 636 267 ελαοσισειΡΗλΝιι

136 310 231 372 οῦῢγιάνυ
245 328 264 354 τι
281 311 370 370 δύναμαι
386 312 464 376 εἰδέναι.
501 310 559 366 Πλην
575 311 623 355 οῦδὲ
639 309 711 355 τοῦτον
725 311 777 355 ἐἰσίν
794 308 922 399 άποδέογτες,

136 366 413 437 μάλιστῦιῖἶπῖτοαυτοωω
368 384 427 467 κρτνῇ
439 379 461 424 τό
475 379 593 434 κοιτάζετν’
584 379 688 437 εσχηκότες
698 379 740 437 άμα
751 382 830 438 γυναιξὶ
842 383 877 426 καὶ
887 381 922 426 άν-

135 449 212 507 δράσιν.
245 446 308 494 Οῦτοι
323 451 393 494 δὲκαὶ
408 452 429 493 ἐν
448 448 572 510 5Ἀντιογεία
587 452 637 494 εἰσιν
652 447 693 493 ἀτιδ
708 454 743 505 τῆς
753 450 826 505 Μέσης
837 456 922 523 QQon-

134 523 204 602 ταμοῖν
219 516 340 582 όρμωμενοι.

42 594 88 638 Κεφ.
101 587 123 628 δ’
187 583 263 643 ’Έσγον
278 590 299 632 δὲ
291 607 332 632 το
328 587 445 646 βλαβερόν
456 591 515 632 τοῦτο
528 585 625 645 φρόνημα
637 585 679 632 ἀπό
692 592 728 644 τῆς
739 581 835 646 ἀμετρίας
845 606 885 633 των
894 606 923 633 τι.

134 674 176 701 νων
187 657 280 741 ἀδελφριν
291 657 389 711 ἀφελείας.
423 657 479 708 Τινὲς
491 655 545 717 γάρ
544 674 586 724 των
582 658 710 722 ημετερων
711 656 805 721 αδελφων
815 676 851 701 και
845 655 924 743 όρθο·

133 726 210 796 δόξαν,
232 745 259 783 μη
273 726 421 784 γινώσκοντες
416 725 439 781 QQ
440 743 527 788 QeQQoQ
541 731 583 808 QQQ
593 727 615 769 έν
630 731 711 786 Χριστῷ
727 714 851 812 πολιτείάς,
857 726 880 771 τό
892 744 923 771 κε-

135 801 193 840 λενον
205 795 357 840 ἀποτάσσεσθαι
367 814 395 855 τῳ
406 796 487 879 μόσμω,
502 795 609 851 κτημάτων
618 812 639 839 τε
647 798 704 839 ἰδίων
714 797 749 839 καὶ
756 795 861 853 χρημάτων
871 796 923 840 ἀπο-

135 868 255 919 ξενοῦσθαι,
275 871 349 909 πωλεῖν
360 882 381 907 τε
389 882 414 907 τα
408 864 468 908 ’ίδια
478 882 513 908 κατ
505 863 653 919 μεταδιδόναι
664 871 760 920 πτωχοῖς,
779 864 888 920 λαμβάνειν
901 866 923 909 δὲ

135 932 170 976 τόν
185 933 273 991 σταυρόν
288 935 323 977 καὶ
340 932 464 977 ἀκολουθεῖν
480 934 503 977 ἐν
518 932 615 993 ἀληθείη,
636 931 664 988 μη
682 932 756 991 ἀργόν,
778 932 828 990 μήτε
842 931 923 991 ἀεργόν,

134 1004 169 1046 καί
185 1002 336 1061 ἀκαιροφάγον,
358 1003 407 1059 μηδὲ
427 1007 469 1061 1τῷ
483 1007 561 1058 κηφῆνι
578 1007 619 1046 ταῖν
635 1007 743 1057 μελισσῶν,
767 1000 884 1060 ἐργάζεσθαι
901 1003 923 1047 δὲ

135 1078 179 1122 ταῖς
192 1073 252 1123 ἰδίαις
264 1075 338 1130 χερσίν·
361 1071 426 1128 οῖςπερ
442 1073 476 1114 καί
489 1069 502 1115 ό
513 1070 570 1128 ἀγιος
582 1070 693 1122 ἀπόστολος
705 1075 788 1122 Παῦλος
800 1070 924 1126 ἀποταξάμεέ

134 1159 170 1192 νος
179 1146 208 1200 τῷ
218 1141 288 1201 κόσμμ
294 1177 300 1196 ,
315 1141 379 1199 κηρυξ
390 1141 412 1183 δὲ
422 1138 450 1183 οἰν
461 1145 497 1195 τῆς
508 1137 615 1226 ἀληθείας,
630 1135 656 1184 οὗ
666 1142 689 1183 αί
696 1146 758 1198 χεῖρες
768 1141 793 1185 οῦ
804 1140 868 1196 μόνον
878 1141 923 1184 ἓαν-

135 1228 163 1270 τρο
176 1210 288 1293 έπήρκουη,
304 1209 353 1253 ἀλλά
364 1211 399 1253 καί
410 1215 453 1260 τοῖς
465 1213 560 1253 συνοῦσιν
572 1209 636 1268 αὐτῷ·
652 1207 690 1252 οῦκ
702 1204 747 1254 οῦσι
759 1210 801 1253 δὲ’
792 1213 876 1260 εκείνοτς
888 1209 923 1267 ἀρ-

135 1285 190 1336 γοῖς,
211 1277 277 1322 ἀλλ”
264 1297 306 1334 αμα
316 1293 456 1335 συμπαρουσιν
467 1296 522 1321 αυτω
513 1279 557 1321 έν
567 1297 591 1338 τη
582 1280 694 1337 έργασίιγ·
717 1278 762 1329 2οῖς
774 1297 815 1323 που
825 1284 924 1334 κανχῖιται

134 1349 208 1404 λέγων,
231 1347 321 1391 διδάσκει
338 1353 375 1390 3τε
393 1349 516 1401 σαφέστατα,
538 1345 560 1390 ‘0
577 1345 605 1428 μη
622 1346 752 1431 ἒργρζόμενος
767 1348 818 1404 μηδὲ
833 1336 939 1392 ἐσθιέτω
936 1363 939 1393 ἰ

140 1417 197 1467 Τινὲς
207 1417 230 1460 δέ
243 1434 282 1460 των
294 1418 446 1478 προειρημένων
455 1415 561 1478 ἀδελφοῖν,
584 1433 612 1467 ως
626 1414 675 1470 ἀπό
676 1433 717 1468 του
708 1416 803 1472 Μάνη
807 1416 923 1473 μεμαθηκό-

135 1503 167 1536 τες
177 1479 238 1541 τάχα,
259 1484 361 1536 ίνόίίτως
378 1487 439 1538 είιιω,
460 1490 496 1529 τοῦ
512 1483 554 1529 ἀπό
569 1488 668 1543 Περσίδος
682 1484 843 1542 ἀναβεβηκότος,
865 1484 924 1529 άτινα

135 1553 174 1598 οῦκ
186 1556 246 1610 ἐχρῆν
256 1554 321 1605 οὕτως
331 1553 392 1598 εἶναι’
408 1561 490 1598 σκοπεῖν
502 1555 607 1609 δὲμᾶλλον
619 1553 667 1605 τοῦς
676 1554 782 1604 τοιούτους
793 1556 922 1612 παραγγέλλει

136 1622 219 1676 όθεῖος
234 1623 293 1681 λόγος
309 1622 357 1675 τοῦς
368 1624 431 1679 μηδὲν
448 1624 596 1681 ἐργαζομένους.
628 1621 748 1678 Πεπλάνηκε
762 1622 800 1681 γάρ
814 1642 874 1668 τινων
885 1621 922 1679 την

137 1695 204 1749 αίησιν
221 1691 302 1751 όλόγος
316 1692 392 1748 όπαρά
407 1697 436 1752 τῷ
451 1697 527 1749 σωτῆρι
543 1693 689 1750 γεγραμμένος,
709 1691 828 1750 Ἐργάζεσθε
843 1691 871 1748 μη
885 1691 923 1748 τήν

135 1765 211 1818 βραῖσιν
228 1761 265 1817 την
283 1762 434 1817 ἀπολλυμένην,
458 1761 506 1804 ἀλλά
524 1760 578 1817 4τήν
596 1763 696 1816 μένουσαν
715 1763 742 1812 εἰς
762 1760 814 1817 ζωὴν
833 1759 921 1805 αἰώνιον.

137 1835 248 1887 Νομίζουσι
266 1831 288 1874 δὲ
303 1831 340 1886 τήν
357 1828 497 1886 ἀπολλυμένην
512 1828 560 1874 εἶναι
574 1829 611 1886 την
622 1829 684 1885 καλήν
695 1832 799 1888 ἐργασίαν,
819 1825 844 1886 ἧς
854 1832 884 1881 είς
894 1833 923 1873 δι-

135 1901 247 1956 καιοσύνην
263 1902 332 1955 ἔχομεν
347 1898 383 1942 τόν
399 1899 499 1954 κάματον·
519 1898 564 1955 ἥτις
579 1901 689 1957 ἐπληροῦτο
703 1902 724 1943 έν
736 1898 826 1956 Ἁβραάμ
843 1897 876 1943 διά
886 1904 923 1943 τοῦ

136 1968 222 2025 μόσχου,
244 1970 277 2012 καί
296 1971 334 2012 ὓὲν
350 1973 375 2028 QQ
391 1970 529 2027 καματουργίμ
545 1973 582 2024 τῆς
591 1968 653 2026 γήρας
664 1967 698 2012 διά
709 1974 745 2011 τοῦ
755 1966 834 2023 Ἡλίου,
855 1970 890 2012 καί
902 1970 923 2012 ἐν

135 2042 160 2098 τῇ
172 2040 255 2096 ἐργασίμ
267 2043 303 2081 τοῦ
310 2035 359 2092 Ἰοδβ
375 2036 410 2080 διά
420 2044 461 2081 τῶν
474 2037 538 2081 αὐτοῦ
555 2040 633 2081 παίδων
645 2039 679 2081 καί
691 2036 808 2092 κτημάτων,
828 2039 862 2081 καί
873 2035 923 2081 πάν-

136 2125 176 2150 των
187 2112 227 2150 τοῖν
238 2111 275 2150 τοῦ
286 2112 338 2150 θεοῦ
350 2106 429 2150 δοάλων
445 2111 485 2150 τοῖν
497 2107 525 2157 εἷς
537 2105 667 2162 δικαιοσάνην
681 2105 800 2163 καμνόντων
810 2113 853 2158 ταῖς
863 2108 924 2158 ἰδίαις

75 2201 82 2233 ,s'
135 2177 214 2234 χερσίν,
235 2178 263 2227 εἰς
275 2175 298 2219 τό
311 2177 406 2234 ἐπαρκεῖν
422 2176 457 2219 καί
471 2182 513 2226 τοῖς
526 2175 660 2231 ἒνδεομένοτς·
683 2175 754 2226 καθοίς
769 2174 922 2235 καίένὲκάστῳ

137 2248 274 2304 μοναστηρίῳ,
290 2247 311 2288 ἓν
321 2262 342 2287 τε
351 2250 376 2304 QQ
386 2250 426 2287 τοῖν
437 2247 555 2302 Αἰγυπτίων
566 2244 620 2304 γάρμ
630 2247 665 2288 καί
676 2247 698 2289 ἐν
708 2244 783 2296 πάσαις
792 2243 873 2303 γτόραις,
888 2243 925 2288 οῦὲ

138 2333 166 2359 τω
178 2314 290 2371 κάμνουσιν
306 2316 334 2365 εἰς
345 2312 481 2369 δικαιοσύνην.
510 2312 672 2369 Ώςημέλιττα,
693 2316 748 2372 χερσί
758 2314 794 2369 μέν
804 2315 877 2369 ἔχουσα
888 2313 924 2357 τόν
951 2360 954 2365 ,

120 2400 124 2423 ῑ
136 2381 200 2440 κηρόν
210 2388 247 2439 τῆς
258 2385 362 2440 ἐργασίας,
383 2382 419 2438 τήν
431 2384 452 2426 δὲ
464 2382 545 2437 ψεκάδα
558 2388 594 2426 τοῦ
604 2383 683 2438 μέλιτος
692 2384 714 2426 έν
725 2387 752 2442 τῷ
762 2381 854 2438 στόματι,
875 2382 924 2438 μετά

42 2477 76 2508 pag.
84 2468 125 2499 εστι.
137 2457 175 2507 τῆς
186 2454 239 2503 ἰδίας
249 2450 366 2508 ῦμυηγόρου
377 2455 448 2507 φωνης
457 2450 492 2495 τόν
501 2456 541 2495 τοῖν
558 2450 639 2496 πάντων
652 2451 751 2507 δεσπότην
761 2450 812 2496 κατά
823 2451 860 2508 τήν
871 2454 924 2496 ἰδίαν

137 2523 235 2577 αίσθησιυ
246 2518 350 2576 ῦμνοῦσα,
372 2519 400 2571 οῖς
412 2522 446 2564 καὶ
457 2519 557 2575 Σαλομοδν
567 2526 673 2578 μαρτυρεῖ,
696 2520 727 2564 ίίτι
736 2519 774 2576 την
784 2524 857 2575 σοφίαν
867 2520 924 2578 τιμή·

138 2605 189 2634 σασα
199 2588 306 2675 προηγθη,
327 2588 379 2632 οῦτω
390 2590 424 2633 καί
436 2592 458 2633 οί
468 2594 505 2632 τοῦ
517 2594 569 2633 θεοῦ
579 2593 648 2633 δοῦλοι
662 2608 682 2633 οι
677 2587 775 2645 άληθοῖς
786 2591 855 2633 ἐπὶ
830 2607 867 2646 της
879 2605 920 2634 στε-

138 2664 185 2717 ρεᾶς
196 2660 270 2716 πέτρας
280 2663 316 2714 τῖγς
328 2657 423 2712 ἀληθείας
434 2660 609 2713 τεθεμελιωμένοι,
624 2657 704 2702 καλιάν
714 2656 771 2701 οἶκον
780 2658 848 2702 αῦτοῖν
857 2657 923 2714 ἀσφα·

79 2744 118 2827 μ
137 2732 176 2779 λως
189 2730 355 2811 οἰκοδομοῦντες,
377 2730 437 2778 ἰδίαις
451 2728 505 2784 χερσὶ
519 2725 555 2778 τάς
569 2726 641 2778 λεπτάς
652 2727 720 2770 αὐτῶν
731 2729 823 2784 ἐργασίας
834 2726 922 2786 ἐργάζον-

117 2815 170 2840 τατ
187 2795 238 2840 κατά
252 2814 290 2851 την
309 2794 394 2839 ἑκάστου
409 2797 482 2851 τέχνην
510 2795 547 2839 Ἐν
563 2795 645 2852 στόματι
660 2797 682 2840 δὲ
699 2795 768 2852 σχεδόν
784 2800 852 2840 πᾶσαν
866 2799 924 2840 θείαν

104 2902 108 2947 λ
160 2910 246 2949 Nm
228 2925 247 2948 το
259 2909 349 2956 numan
360 2915 422 2956 assolet
433 2914 469 2947 ωδ.
479 2914 520 2947 Βλα-
543 2924 609 2959 κηφηνι
619 2925 654 2949 των
666 2912 752 2957 μελισσων
763 2909 923 2957 ομοιονσῖλαι,ἐ

138 2960 171 3013 δίς.
543 2961 579 2994 κτλ.
604 2961 691 2993 συντονίας
705 2961 780 2993 convertit
793 2969 848 3004 neque
859 2957 922 2992 mtem

161 3001 273 3049 σἈντιογία
284 3006 319 3038 σαί.
330 3005 396 3047 Ηλαίίς
542 3005 608 3049 pestive
623 3004 678 3038 cibum
694 3004 797 3048 capientem,
814 3015 868 3049 neque
877 3004 923 3037 hunc

162 3051 202 3083 (λιν
213 3052 240 3083 lv.
251 3069 274 3075 -
299 3050 314 3083 1
325 3051 378 3083 Deest
388 3048 465 3085 ἐοινεναι
488 3051 520 3084 Pe·
542 3050 598 3084 aheno
608 3049 667 3085 labore
677 3056 754 3095 partum
766 3049 813 3084 velut
822 3061 874 3094 vespa
886 3061 923 3084 cum

138 3099 196 3130 ίανίαε.
219 3098 248 3130 Ios
264 3097 336 3138 Scaliqer
353 3098 415 3138 supplet
431 3095 477 3140 μηδὲ
492 3095 518 3141 τῷ
542 3096 601 3142 εμὼυτ
612 3096 661 3131 solet
