1988 3392
257 239 706 278 1111111111111.11111111111111111.
831 227 874 270 tte

91 326 134 377 des,
151 312 195 366 carm
207 323 225 369 ei
235 324 268 381 qni
278 339 289 366 e
301 323 362 366 nihilo
375 325 461 366 condidit
473 325 577 377 universa,
594 326 614 365 ct
627 322 650 364 ad
664 334 724 362 11111111
738 319 825 376 perfecte
839 331 873 359 ea·

91 395 135 436 dem
148 392 251 435 elaborare
264 393 298 435 illa
310 400 387 449 potest,
410 393 482 449 quique
498 394 569 436 nullius
586 389 704 435 incrementi
721 395 741 430 et
751 386 874 429 accessionis

90 469 148 518 eget,
166 464 192 503 'et
208 462 240 504 illa
257 462 334 517 legibus
349 462 390 503 suis
408 476 432 503 ac
448 462 539 507 decretis,
552 461 672 512 adstrinxit,
698 457 780 501 verbum
797 455 873 512 affingis

89 530 213 585 istiusmodi,
230 533 281 587 quod
294 539 419 586 augmentum
432 531 541 574 divinitatis
551 531 651 582 admittat,
669 541 734 584 neque
744 526 814 567 saltem
829 539 873 566 cum

90 599 163 642 creatis
176 599 200 641 ab
213 600 256 657 ipso
273 600 332 642 rebus
348 601 453 657 adaequari
468 601 550 656 pateris.
581 599 636 655 Quas
650 612 694 641 11111
707 596 807 653 perfectas
817 593 874 635 initio

90 668 229 725 absolutusque
245 669 323 712 molitus
342 677 383 720 est,
409 677 450 712 tum
467 684 517 725 quae
535 683 563 711 ex
578 669 627 725 ipsis
643 667 739 724 pullulant
756 662 873 706 accessione

90 751 140 794 opus
151 737 224 779 babere
235 737 344 794 sapientiae
355 752 403 779 suae
415 740 495 780 decreto
507 738 620 790 constitnit3
643 734 752 778 cuiusmodi
764 739 810 774 sunt
823 744 873 786 quae

90 805 183 863 deinceps
195 813 240 848 nata
250 814 308 859 suut,
332 815 479 862 nascunturque
496 807 596 863 quotidie,
619 804 680 847 veluti
695 803 785 853 coelum,
809 807 872 850 terra,

92 888 155 930 aqua,
177 879 224 927 aer,
248 875 291 927 sol,
313 874 385 927 lunae,
408 876 485 926 sidera,
510 883 592 930 etquae
608 887 634 915 ex
652 872 708 927 aquis
722 872 824 918 oriuntur,
848 868 872 910 ad

89 943 153 999 ipsum
167 943 265 985 bominem
279 957 350 998 nsque.
381 943 445 999 Igitur
461 957 525 999 neque
544 943 621 983 coelum
636 940 786 997 imperfectum,
808 950 873 992 neque

89 1018 163 1053 terram
175 1026 264 1053 mancam
275 1012 412 1067 defectamque
424 1011 521 1063 condidit,
543 1012 577 1052 sed
589 1011 695 1066 perlectam
707 1007 770 1058 111111,
791 1005 873 1061 perinde

90 1087 149 1135 atque
166 1080 256 1130 coelum,·
281 1080 359 1121 tametsi
376 1080 456 1122 minime
475 1080 615 1135 aspectabilem
632 1078 695 1134 ipsam
713 1074 873 1128 inconditomque

90 1147 202 1199 fabricarit,
227 1156 308 1205 propter
320 1148 462 1204 expolitionem
474 1156 494 1190 ct
505 1155 596 1189 ornatum
609 1147 663 1188 illum
680 1158 737 1199 quem
749 1142 874 1199 postmodum

90 1223 134 1257 crat
146 1216 264 1258 effecturus:
287 1216 322 1258 sed
335 1224 355 1257 et
366 1231 436 1273 aquam
454 1231 476 1258 ac
492 1217 558 1258 lumen
574 1216 621 1257 illud
637 1221 683 1255 aute
698 1211 764 1253 omnia
780 1223 874 1266 procrea-

90 1292 130 1326 tum
141 1279 213 1338 edidit,
230 1299 252 1326 ac
267 1299 302 1341 per
311 1299 394 1337 verum,
415 1285 525 1326 increatum
537 1299 560 1326 ac
572 1285 631 1326 vitale
643 1284 709 1324 1111111
720 1281 815 1322 universa
827 1293 873 1334 pro-

90 1353 159 1404 duxit3
177 1360 217 1395 tum
227 1354 304 1395 demum
315 1361 390 1405 cetera,
407 1367 457 1409 quae
468 1361 542 1395 eterra
551 1358 691 1408 propagantur,
708 1349 787 1391 adiecit.
819 1345 873 1389 Ante

91 1421 157 1463 omnia
169 1435 218 1463 vero
233 1422 378 1463 firmamentum
394 1421 457 1478 ipsum
470 1422 554 1463 crearit.
585 1420 662 1462 Horam
675 1419 761 1460 omnium
773 1431 833 1474 porro
844 1414 874 1457 ni-

91 1489 117 1530 bil
126 1489 277 1545 imperfectum,
293 1491 329 1533 scd
340 1490 431 1532 absoluta
443 1490 509 1532 omnia
522 1490 629 1531 constituta
640 1496 693 1531 sunt.
724 1489 827 1534 maducat,
843 1484 874 1525 in·
887 1492 927 1521 Gen.
936 1490 978 1527 1,11.

91 1557 143 1612 quit,
160 1566 212 1599 terra
221 1560 298 1600 herbum
309 1562 399 1599 vibentem
411 1563 506 1600 seminans
516 1574 579 1599 semen
591 1561 617 1598 ud
627 1559 769 1598 similitudinem
780 1558 800 1595 in
812 1562 872 1601 11111,

90 1634 111 1665 et
123 1629 196 1679 lignum
208 1629 346 1682 fructiferum,
372 1631 427 1668 cazas
441 1643 504 1668 semen
522 1631 542 1668 iu
559 1631 600 1680 ajuro
616 1630 643 1667 sit
655 1629 681 1667 cd
697 1626 838 1665 similitudmem
854 1624 874 1661 in

90 1701 150 1736 terro.
182 1695 358 1738 Animadvertisne
368 1711 426 1752 quam
438 1697 510 1738 nullam
523 1695 606 1738 subinde
617 1709 667 1752 quae
678 1694 772 1750 producta
784 1698 831 1734 sunt
842 1705 875 1732 ac-

90 1765 201 1807 cessionem
213 1764 397 1824 incrementumque
410 1765 579 1817 desideraverint,
596 1766 631 1807 sed
642 1763 707 1815 virili,
731 1761 790 1804 atita
802 1761 874 1811 dicam,

91 1834 164 1876 robore
177 1835 277 1891 praedita,
300 1836 396 1877 ctadulta
413 1837 479 1877 statim
498 1835 530 1877 dei
547 1836 640 1877 mandato
655 1832 778 1891 prodierint?
808 1828 876 1886 111111-

91 1918 175 1960 cumque
185 1918 235 1947 vero
246 1903 320 1946 bomini
331 1905 420 1947 subiecta
430 1912 488 1958 saint,
505 1912 539 1947 aut
549 1905 617 1947 insunt
628 1906 648 1947 iu
660 1918 696 1956 co,
713 1902 756 1944 solo
768 1901 831 1943 adhuc
843 1914 875 1942 se-

91 1972 145 2015 miue
156 1980 265 2026 contenta,
282 1974 365 2016 necdum
377 1975 465 2031 perfecta
477 1973 530 2016 illius
541 1974 648 2016 dominatui
660 1972 766 2015 commissa
779 1978 836 2023 sunt3
853 1977 875 2012 111

90 2042 109 2083 is
119 2042 170 2084 bene
181 2043 205 2084 de
216 2057 239 2085 sc
250 2044 342 2085 meritum
360 2043 453 2099 ignorare
466 2057 506 2084 non
523 2051 591 2100 posset
607 2044 639 2099 qni
650 2052 670 2084 et
680 2042 740 2083 rebus
752 2040 843 2082 omnibus
853 2047 875 2081 ut

92 2111 132 2154 sint
141 2111 264 2168 impertitur,
287 2120 307 2154 et
318 2111 409 2154 omnibus
424 2112 515 2168 superior
528 2120 570 2165 cst,
591 2126 615 2153 ac
630 2112 708 2168 singula
719 2125 781 2167 opera
791 2124 827 2151 sua
840 2123 875 2166 pro

90 2180 144 2222 illius
159 2182 338 2238 opportunitatibus
353 2181 500 2237 commodisque
515 2181 626 2236 dilargitur.

151 2251 176 2292 ll.
208 2248 343 2305 Quamobrem
365 2251 442 2292 occulta
458 2265 526 2291 rerum
537 2250 613 2292 semina
624 2250 757 2291 continentem
770 2247 788 2289 ei
801 2255 874 2288 terram

93 2319 179 2370 tradidit,
197 2328 279 2376 eamque
293 2320 413 2362 fundamenti
426 2334 449 2361 ac
462 2320 525 2372 basis,
542 2328 563 2361 ut
576 2320 602 2361 ita
614 2320 685 2369 dicam,
702 2318 746 2358 vice
758 2316 874 2369 substravit,

93 2402 116 2430 ac
126 2388 181 2429 velut
191 2389 292 2430 matricem
309 2388 391 2441 obtulit,
408 2396 429 2430 ut
440 2403 491 2444 quae
502 2389 526 2430 ab
538 2388 563 2431 iis
576 2389 636 2430 rebus
649 2394 758 2445 propagata
771 2393 817 2428 suut
826 2400 875 2442 quas

93 2458 141 2498 deus
152 2457 251 2513 perlectas
265 2458 371 2514 produxit,
394 2473 438 2499 cum
451 2458 506 2500 velut
523 2458 599 2499 semina
610 2458 704 2513 quaedam
716 2456 796 2513 proprio
806 2456 875 2498 labore

92 2533 112 2567 et
124 2526 221 2568 industria
232 2525 252 2567 in
265 2534 339 2568 terram
350 2527 476 2584 deposuerit,
499 2526 609 2569 cuiusmodi
622 2534 669 2568 sunt
681 2526 773 2568 arborum
787 2540 810 2567 ao
822 2533 876 2566 cete-

91 2609 159 2637 rorum
172 2595 191 2636 id
202 2609 266 2650 genus
278 2596 367 2648 semina,
390 2611 433 2638 oum
448 2597 508 2647 baec,
530 2597 622 2651 inquunt,
644 2595 757 2651 singillatim
770 2595 876 2636 relutcal-

39 2694 43 2698 -
92 2664 156 2705 culum
168 2679 180 2705 a
192 2664 287 2720 perfectis
296 2664 335 2705 illis
346 2666 440 2721 operibus
451 2673 550 2706 mutuatus
560 2666 579 2706 in
592 2673 664 2706 terram
678 2665 792 2715 demiserit,
809 2679 876 2720 aper-

92 2734 145 2774 lecto
157 2732 194 2774 deo
206 2733 350 2775 incrementum
366 2733 475 2789 accipiant,
498 2733 629 2789 paulatimque
645 2747 695 2788 quae
712 2733 745 2773 ille
762 2733 876 2774 conseverit

92 2801 219 2854 adolescant3
244 2815 269 2842 ne
287 2802 304 2842 si
320 2801 373 2842 illum
390 2802 466 2857 ipsum,
490 2802 546 2843 cuius
564 2802 602 2843 ista
621 2801 718 2842 benedicio
737 2809 874 2852 succrescunt,

115 2959 131 2994 9.
144 2958 242 3002 edulcatam
253 2963 298 2995 codd.
309 2971 346 2994 mss.
357 2964 425 3002 uterquc.
444 2959 472 2995 ed·
495 2966 529 2995 tam
540 2964 595 3002 scripti
605 2971 654 3002 quum
665 2963 708 2993 editi,

93 3005 184 3050 planesiaco
194 3008 238 3039 editt.
521 3008 547 3041 11.
560 3005 607 3047 ξύλον
620 3009 696 3039 mendum
710 3009 806 3048 typographi
821 3009 878 3050 tentor

116 3052 143 3084 10.
166 3050 303 3097 χρυσιμευόπων
326 3054 380 3086 vitiose
403 3053 475 3086 coniuent
497 3055 514 3086 tn
526 3055 550 3085 ed.
563 3055 616 3086 Petcc.
631 3054 684 3085 Colca.
695 3055 743 3094 repet.
