1988 3392
158 241 201 283 372
449 227 660 282 ελαοτιυειειιλαιι

158 329 180 371 ἒν
193 329 270 387 Νιναίρι
282 326 441 385 ὁμολογηθεῖσαν
452 329 528 380 πίστιν,
543 328 578 370 ναί
589 325 622 385 μὴ’
627 325 775 383 ὁμολογοῦντας
786 327 809 370 ἔτι
819 332 855 383 τῆς
865 328 943 383 οῦσίας,

157 395 172 451 ἢ
184 395 294 451 δμοοῦσιον
310 395 360 440 εῖναι
374 395 410 439 τῦν
422 395 467 439 υίδν
477 400 505 456 τῷ
517 398 583 454 πατρί.
609 395 760 450 Ἀναθεματίζω
771 395 793 438 δὲ
804 397 838 439 ιιαλ
853 395 902 448 τοῦς
913 399 943 441 λε’-

157 483 229 523 γοντας
244 465 266 510 τῦ
285 470 363 520 πνεῦμα
379 464 402 508 τιί
418 464 476 522 ἀγιον
494 468 566 521 κτίσμα
584 464 618 508 διαί
635 469 672 508 τοῦ
687 466 735 507 υίοῦ
750 462 836 521 γεγονός.
861 463 906 509 Ἔτι
921 467 943 510 δὲ

158 534 297 592 ἀναθεματίζω
309 533 345 590 την
356 536 477 590 Σαβελλίου,
492 536 528 579 naz
541 538 654 586 Φωτεινοῦ,
669 535 704 577 καὶ
714 538 782 576 πᾶσαν
790 535 877 589 αῖρεσιυ,
892 547 944 579 στοι-

157 610 200 660 χοῖν
215 609 240 664 τῇ
255 607 319 647 πίστει
334 608 360 663 τῇ
374 602 425 647 νατά
443 606 542 656 Νίκαιαν,
557 604 591 647 ναί
606 605 657 646 πᾶσι
671 608 713 654 τοῖς
727 602 914 660 προγεγραμμένοις.

477 683 623 721 ΕΠΛΗΡΩΘΗ.

62 967 98 996 pag.
106 959 146 1006 1ο1ρ.
212 947 316 1005 Ἐλὲγομεν
329 949 351 991 δὲ
361 949 396 991 ναὶ
408 953 436 1008 τῷ
446 949 526 1006 ἀδελφῷ
540 949 626 1006 Βιταλίφ
639 949 727 998 καὶτοῖς
737 946 774 991 σῦν
784 946 850 1007 ου’τρῖ,
873 952 897 992 Τι’
908 951 943 994 ναὶ

60 996 214 1071 Κεφ’κγ’ῦμεῖς
223 1018 299 1074 λέγετες
315 1019 334 1060 εί
344 1021 363 1060 τί
376 1019 428 1061 ἐστιν
444 1017 545 1072 ἀναμέσον
557 1014 626 1072 ὑμῶν,
649 1015 798 1073 διορθώσασθε.
827 1015 850 1060 ‘0
862 1018 884 1061 δὲ
896 1019 943 1074 ἔφη,

157 1087 281 1144 Λεγέτωσαν.
306 1084 400 1141 ’Έφησαν
411 1086 433 1129 δὲ
443 1085 474 1129 ὅτι
486 1084 511 1129 οῦ
521 1086 601 1142 λέγουσι
611 1084 647 1128 τόν
659 1084 747 1142 Χριστδν
758 1086 831 1130 τέλειον
841 1088 942 1144 γεγονέναι

157 1153 273 1212 ἀνθρωττον.
303 1153 325 1197 Ὁ
337 1155 359 1197 δὲ
370 1153 434 1205 εῦθῦς
445 1155 547 1212 ἀπεκρίθη
559 1153 601 1206 ὅτι,
624 1155 677 1207 Ναί,
698 1152 943 1212 δμολογοῦμεντῦνΧρι-

157 1222 296 1267 στδντὲλειον
316 1222 429 1281 ἀνθρωττον
449 1224 557 1277 εἰληφέναι.
589 1216 628 1265 Ἦν
647 1223 670 1265 δὲ
687 1227 746 1266 τοῦτο
765 1221 885 1278 θαυμαστδν
901 1230 944 1275 τοῖς

157 1290 256 1335 ἀκούσασι
262 1326 268 1346 ,
289 1293 324 1335 καί
335 1296 397 1349 χαρᾶς
408 1293 499 1346 ἔμπλεον.
529 1289 614 1342 Εἰδῦτες
627 1289 684 1346 ἡμεῖς
695 1290 732 1346 την
742 1290 833 1335 διάνοιαν
844 1296 885 1335 τοῖν
894 1310 943 1350 προ-

156 1359 239 1415 φάσεων
249 1359 284 1404 τδν
295 1366 345 1404 νοῦν
355 1365 396 1403 τοῖν
407 1362 464 1403 ἰδίων
475 1360 569 1414 ἀδελφῶν
579 1358 733 1416 σφετεριζόντων
742 1358 765 1403 τῦ
778 1359 861 1417 ἀκριβὲς
871 1362 942 1416 ἕνεμεί

156 1445 219 1484 ναμεν
230 1430 342 1488 ἐρωτῶντες
353 1429 396 1483 δτι,
420 1428 483 1472 Φῦσει
495 1428 560 1486 σάρκα
571 1426 674 1486 ὁμολογεῖς
683 1427 719 1472 τὸν
732 1427 820 1487 Χριστδν
830 1430 942 1484 είληφὲναις

157 1495 170 1541 δ
182 1498 204 1541 δὲ
215 1501 328 1541 συνετίθετο
343 1497 386 1551 δτι,
408 1501 456 1540 Ναί.
482 1496 534 1541 Ἀπδ
551 1500 636 1554 Μαρίας
649 1503 686 1552 τῆς
700 1496 758 1554 ἀγίας
773 1499 878 1555 παρθένου
895 1497 942 1541 ἀνευ

157 1567 272 1623 σπέρματος
282 1565 357 1624 ἀνδρός
366 1568 401 1610 υαλ
412 1565 447 1610 διά
457 1565 572 1621 πνεῦματος
582 1564 653 1623 ἁγίους
674 1563 686 1609 o‘
694 1566 760 1609 δὲκαὶ
770 1571 829 1610 τοῦτο
840 1564 942 1624 σῖμολόγει.

159 1634 223 1679 Φῦσει
239 1637 262 1679 ἐν
275 1641 311 1692 τῆς
325 1636 430 1693 παρθένου
448 1633 515 1678 ε’λθσίν
527 1632 564 1689 τη“ν
580 1633 644 1691 σάρκα
661 1634 767 1689 ἀνείληφεν
778 1632 791 1678 o‘
802 1634 851 1687 θεὸς
860 1635 919 1692 λόγος
931 1633 943 1679 o‘

157 1703 202 1755 υῖῦς
211 1709 250 1748 τοῦ
261 1709 324 1756 θεοῦ,·
339 1702 351 1747 δ
361 1702 410 1759 μετιί
421 1702 499 1760 βοίρους
510 1706 630 1747 συνετίθετο.
654 1701 709 1758 Ἤδη
719 1704 741 1746 δὲ
752 1705 774 1747 ἒν
782 1708 835 1763 χαρρῖ
845 1703 942 1747 καθιστά-

157 1779 221 1827 μεθα,
244 1770 313 1827 ἐπειδὴ
329 1771 384 1829 παρά
399 1790 460 1815 τινων
475 1770 527 1829 πρῦς
538 1769 593 1826 ἡμᾶς
605 1773 634 1821 εἰς
645 1771 732 1829 Κῦπρον
743 1770 844 1815 ἐλθόντων
854 1771 942 1828 ηἰιοιίσα-

156 1858 192 1896 μεν
201 1846 242 1884 τοῖν
251 1843 403 1898 προειρημένων
413 1844 492 1883 παίδων
504 1839 535 1883 ὅτι
546 1838 591 1883 οὐδ’
601 1840 652 1891 δ’λως
661 1839 675 1896 ἡ
685 1839 734 1898 σάρξ
743 1839 784 1884 ἀπδ
795 1843 880 1898 Μαρίας
889 1839 942 1897 σῖμο-

155 1915 237 1966 λογεῖτο.
261 1908 310 1952 Ὅτε
322 1909 344 1951 δὲ
355 1907 417 1959 αῦτῦς
433 1907 599 1964 δεῦλαβὲστατος
617 1907 669 1965 ἀνὴρ
687 1909 710 1952 εἰι
726 1906 811 1966 Μαρίας
826 1908 863 1965 τὴν
879 1909 943 1967 σάριια

156 1978 285 2033 ἀνειληφέναι
296 1976 331 2020 τάν
344 1976 416 2034 τιῦριον
427 1975 485 2032 ἡμῶν
492 1977 574 2031 Ἰησοῦν
587 1975 676 2032 Χριστὸν
686 1974 810 2034 σῖμολόγησε,
824 1977 886 2022 πάλιν
896 1976 943 2035 παρ’

155 2044 213 2101 ἡμῶν
226 2047 318 2104 ἠρωτῦτο
329 2048 347 2090 εἰ
356 2048 391 2090 ναί
401 2045 469 2102 ψυχήν
479 2048 565 2101 είληφιν.
594 2043 616 2088 Ὁ
626 2046 691 2089 δὲκαὶ
702 2047 731 2097 εἰς
739 2051 798 2091 τοῦτο
808 2044 884 2102 δμοίως
893 2045 942 2102 μεταλ

154 2115 231 2173 βοίρους
244 2119 369 2169 συνετίθετο,
391 2113 506 2171 σῖςοῦχρη
521 2116 584 2170 λέγειν
598 2112 670 2165 ἀλλοις,
693 2113 742 2158 ἀλλά
754 2114 806 2159 υατά
817 2115 883 2159 πάντα
894 2116 942 2171 ἀλη-

155 2183 231 2227 θεῦειυ,
263 2182 309 2242 Χρὴ
321 2183 358 2241 γάρ
371 2182 407 2227 τὸν
418 2185 464 2239 περὶ
475 2183 572 2237 ἀληθείας
585 2182 705 2239 ἀνθρώποις
717 2182 820 2240 γράφοντα
830 2183 866 2228 τάν
876 2183 942 2227 πάντα

154 2257 205 2296 νοῦν
216 2256 288 2296 δοῦναι
297 2251 336 2309 πρδ
349 2250 463 2307 ὀφθαλμοῖν
474 2252 510 2306 μὲν
521 2250 557 2295 το’ν
567 2250 633 2307 φόβον
643 2256 680 2294 τοῦ
690 2257 743 2295 θεοῦ
754 2254 816 2307 ἔχειν,
831 2253 865 2296 καὶ
877 2253 940 2308 μηδὲν

155 2322 349 2380 παραπεποιημὲνον
363 2323 391 2372 είς
404 2320 442 2376 την
456 2326 491 2376 τῆς
505 2325 585 2378 γραφῆς
600 2322 717 2378 ἐπαγγελίαν
732 2319 850 2365 συντοίττειν.

60 2753 144 2800 Ram&
212 2743 316 2803 Ὡμολιίγει
326 2741 363 2790 οῦν
372 2745 385 2791 δ
394 2746 486 2797 Βιτάλιος
499 2749 533 2791 ναὶ
548 2748 617 2805 ψυχὴν
632 2748 669 2806 την
683 2749 817 2809 ἀνθρωπίνην
831 2748 939 2808 εἰληφέναι.

158 2809 224 2867 Οῦτος
239 2813 276 2871 γαίρ
292 2810 318 2869 ἦν
337 2814 348 2859 ὁ
365 2815 427 2860 εἰπεῖν
443 2816 485 2869 ὅτι,
506 2818 548 2860 Ναὶ
564 2819 637 2871 τέλειος
653 2818 763 2878 ἀνθρωπος
777 2815 804 2876 ἦν
819 2818 831 2865 δ
846 2820 939 2880 Χριστός.

156 2882 209 2928 Εἶτα
221 2883 271 2941 μεταλ
282 2882 304 2928 τῦ
319 2887 416 2941 ἐρωτῆσαι
429 2884 483 2941 η’μάς
494 2889 539 2945 περὶ
549 2894 617 2944 ψυχῆς
628 2891 663 2933 καί
676 2889 760 2948 σαριιδς,
779 2889 824 2934 τότε
835 2890 939 2949 ἀρωτησα·

156 2971 203 3010 μεν,
219 2958 278 2998 Νοῦν
289 2955 358 3010 ἔλαβεν
368 2954 435 3000 ε’λθυίν
446 2953 459 2999 δ
471 2955 570 3014 Χριστῦς;
599 2956 622 3000 Ὁ
634 2959 656 3002 δὲ
668 2957 733 3010 εῦθῦς
744 2958 856 3016 ἠρνήσατο,
871 2962 939 3018 λέγων,
955 3013 957 3016 y

158 3024 214 3079 Οὐχί,
245 3021 298 3067 Εἶτα
310 3023 368 3080 ἡμεῖς
377 3024 429 3084 πρῦς
439 3024 510 3080 αῦτῦν,
527 3031 576 3078 Παῖς
586 3022 624 3071 οῦν
633 3029 695 3085 λέγεις
706 3029 779 3072 τέλειον
789 3030 890 3088 γεγονέναι
904 3028 937 3073 ἀν·
