<?xml version="1.0" encoding="UTF-8"?>
<!DOCTYPE html PUBLIC "-//W3C//DTD XHTML 1.0 Transitional//EN"
    "http://www.w3.org/TR/xhtml1/DTD/xhtml1-transitional.dtd">
<html xmlns="http://www.w3.org/1999/xhtml" xml:lang="en" lang="en">
 <head>
  <title>
</title>
<meta http-equiv="Content-Type" content="text/html;charset=utf-8" />
  <meta name='ocr-system' content='tesseract 3.04.00' />
  <meta name='ocr-capabilities' content='ocr_page ocr_carea ocr_par ocr_line ocrx_word'/>
</head>
<body>
  <div class='ocr_page' id='page_1' title='image "./MN41650ucmf_1/MN41650ucmf_1_0127.png"; bbox 0 0 1988 3392; ppageno 0'>
   <div class='ocr_carea' id='block_1_1' title="bbox 241 222 857 270">
    <p class='ocr_par' dir='ltr' id='par_1_1' title="bbox 241 222 857 270">
     <span class='ocr_line' id='line_1_1' title="bbox 241 222 857 270; baseline 0 -4"><span class='ocrx_word' id='word_1_1' title='bbox 241 231 334 267; x_wconf 75' lang='lat' dir='ltr'><strong>raanan</strong></span> <span class='ocrx_word' id='word_1_2' title='bbox 347 232 389 268; x_wconf 83' lang='lat' dir='ltr'><strong>mn</strong></span> <span class='ocrx_word' id='word_1_3' title='bbox 397 234 428 268; x_wconf 87' lang='lat' dir='ltr'><strong>ru.</strong></span> <span class='ocrx_word' id='word_1_4' title='bbox 439 234 495 270; x_wconf 87' lang='lat' dir='ltr'><strong>rom.</strong></span> <span class='ocrx_word' id='word_1_5' title='bbox 504 234 517 268; x_wconf 91' lang='lat'><strong>1.</strong></span> <span class='ocrx_word' id='word_1_6' title='bbox 530 233 597 268; x_wconf 83' lang='lat' dir='ltr'><strong>uana.</strong></span> <span class='ocrx_word' id='word_1_7' title='bbox 607 232 689 266; x_wconf 80' lang='lat' dir='ltr'><strong>nxxm.</strong></span> <span class='ocrx_word' id='word_1_8' title='bbox 817 222 857 267; x_wconf 87' lang='lat'><strong>105</strong></span> 
     </span>
    </p>
   </div>
   <div class='ocr_carea' id='block_1_2' title="bbox 23 309 968 2989">
    <p class='ocr_par' dir='ltr' id='par_1_2' title="bbox 72 309 859 1116">
     <span class='ocr_line' id='line_1_2' title="bbox 72 309 858 374; baseline -0.003 -18"><span class='ocrx_word' id='word_1_9' title='bbox 72 313 105 356; x_wconf 91' lang='lat' dir='ltr'><strong>illa</strong></span> <span class='ocrx_word' id='word_1_10' title='bbox 115 311 189 366; x_wconf 85' lang='lat' dir='ltr'><strong>verba,</strong></span> <span class='ocrx_word' id='word_1_11' title='bbox 210 315 299 374; x_wconf 82' lang='lat' dir='ltr'><strong>Formam</strong></span> <span class='ocrx_word' id='word_1_12' title='bbox 313 309 480 370; x_wconf 72' lang='lat' dir='ltr'><strong>sercz&#39;uccrpabns,</strong></span> <span class='ocrx_word' id='word_1_13' title='bbox 502 323 523 357; x_wconf 84' lang='lat' dir='ltr'><strong>ct</strong></span> <span class='ocrx_word' id='word_1_14' title='bbox 535 319 555 357; x_wconf 72' lang='grc' dir='ltr'><strong>ιιι</strong></span> <span class='ocrx_word' id='word_1_15' title='bbox 567 316 710 356; x_wconf 78' lang='lat' dir='ltr'><strong>szinz&#39;lr&#39;tudrbcm</strong></span> <span class='ocrx_word' id='word_1_16' title='bbox 723 315 858 369; x_wconf 81' lang='lat' dir='ltr'><strong>bomrbcmsn-</strong></span> 
     </span>
     <span class='ocr_line' id='line_1_3' title="bbox 74 380 859 441; baseline 0 -17"><span class='ocrx_word' id='word_1_17' title='bbox 74 391 131 432; x_wconf 83' lang='lat' dir='ltr'><strong>ctus,</strong></span> <span class='ocrx_word' id='word_1_18' title='bbox 149 396 229 425; x_wconf 84' lang='lat' dir='ltr'><strong>carnem</strong></span> <span class='ocrx_word' id='word_1_19' title='bbox 240 382 296 426; x_wconf 87' lang='lat' dir='ltr'><strong>illum</strong></span> <span class='ocrx_word' id='word_1_20' title='bbox 307 397 318 426; x_wconf 90' lang='lat' dir='ltr'><strong>e</strong></span> <span class='ocrx_word' id='word_1_21' title='bbox 329 383 407 440; x_wconf 79' lang='lat' dir='ltr'><strong>virgine</strong></span> <span class='ocrx_word' id='word_1_22' title='bbox 418 385 527 441; x_wconf 86' lang='lat' dir='ltr'><strong>sumpsisse</strong></span> <span class='ocrx_word' id='word_1_23' title='bbox 538 385 648 427; x_wconf 86' lang='lat' dir='ltr'><strong>declarant.</strong></span> <span class='ocrx_word' id='word_1_24' title='bbox 680 380 816 438; x_wconf 77' lang='lat' dir='ltr'><strong>Quamobrem</strong></span> <span class='ocrx_word' id='word_1_25' title='bbox 825 383 859 425; x_wconf 86' lang='lat' dir='ltr'><strong>illa</strong></span> 
     </span>
     <span class='ocr_line' id='line_1_4' title="bbox 73 452 858 509; baseline 0 -15"><span class='ocrx_word' id='word_1_26' title='bbox 73 452 116 509; x_wconf 91' lang='lat' dir='ltr'><strong>ipsa</strong></span> <span class='ocrx_word' id='word_1_27' title='bbox 127 465 186 505; x_wconf 90' lang='lat' dir='ltr'><strong>caro,</strong></span> <span class='ocrx_word' id='word_1_28' title='bbox 203 467 260 508; x_wconf 91' lang='lat' dir='ltr'><strong>qnam</strong></span> <span class='ocrx_word' id='word_1_29' title='bbox 274 453 306 495; x_wconf 90' lang='lat' dir='ltr'><strong>dei</strong></span> <span class='ocrx_word' id='word_1_30' title='bbox 317 452 371 495; x_wconf 87' lang='lat' dir='ltr'><strong>lilius</strong></span> <span class='ocrx_word' id='word_1_31' title='bbox 383 453 457 506; x_wconf 92' lang='lat' dir='ltr'><strong>induit,</strong></span> <span class='ocrx_word' id='word_1_32' title='bbox 474 454 542 496; x_wconf 85' lang='lat' dir='ltr'><strong>eadem</strong></span> <span class='ocrx_word' id='word_1_33' title='bbox 557 461 588 496; x_wconf 88' lang='lat' dir='ltr'><strong>cst</strong></span> <span class='ocrx_word' id='word_1_34' title='bbox 600 467 645 495; x_wconf 91' lang='lat' dir='ltr'><strong>cum</strong></span> <span class='ocrx_word' id='word_1_35' title='bbox 664 459 777 494; x_wconf 86' lang='lat' dir='ltr'><strong>ceterorum</strong></span> <span class='ocrx_word' id='word_1_36' title='bbox 795 452 858 494; x_wconf 90' lang='lat' dir='ltr'><strong>homi-</strong></span> 
     </span>
     <span class='ocr_line' id='line_1_5' title="bbox 73 520 858 577; baseline -0.003 -13"><span class='ocrx_word' id='word_1_37' title='bbox 73 536 119 565; x_wconf 88' lang='lat' dir='ltr'><strong>num</strong></span> <span class='ocrx_word' id='word_1_38' title='bbox 132 535 204 574; x_wconf 75' lang='lat' dir='ltr'><strong>carne,</strong></span> <span class='ocrx_word' id='word_1_39' title='bbox 225 521 250 563; x_wconf 88' lang='lat' dir='ltr'><strong>ad</strong></span> <span class='ocrx_word' id='word_1_40' title='bbox 262 521 362 564; x_wconf 89' lang='lat' dir='ltr'><strong>hominnm</strong></span> <span class='ocrx_word' id='word_1_41' title='bbox 375 534 424 564; x_wconf 85' lang='lat' dir='ltr'><strong>vero</strong></span> <span class='ocrx_word' id='word_1_42' title='bbox 437 523 585 565; x_wconf 91' lang='lat' dir='ltr'><strong>similitudinem</strong></span> <span class='ocrx_word' id='word_1_43' title='bbox 602 535 647 564; x_wconf 87' lang='lat' dir='ltr'><strong>csse</strong></span> <span class='ocrx_word' id='word_1_44' title='bbox 659 521 743 573; x_wconf 92' lang='lat' dir='ltr'><strong>dicitur,</strong></span> <span class='ocrx_word' id='word_1_45' title='bbox 766 520 858 577; x_wconf 89' lang='lat' dir='ltr'><strong>quoniam</strong></span> 
     </span>
     <span class='ocr_line' id='line_1_6' title="bbox 73 588 859 649; baseline -0.001 -16"><span class='ocrx_word' id='word_1_46' title='bbox 73 605 113 633; x_wconf 90' lang='lat' dir='ltr'><strong>non</strong></span> <span class='ocrx_word' id='word_1_47' title='bbox 126 589 179 633; x_wconf 84' lang='lat' dir='ltr'><strong>virili</strong></span> <span class='ocrx_word' id='word_1_48' title='bbox 189 596 234 633; x_wconf 89' lang='lat' dir='ltr'><strong>satu</strong></span> <span class='ocrx_word' id='word_1_49' title='bbox 245 604 268 633; x_wconf 89' lang='lat' dir='ltr'><strong>ac</strong></span> <span class='ocrx_word' id='word_1_50' title='bbox 280 591 386 633; x_wconf 74' lang='lat' dir='ltr'>concubitu</span> <span class='ocrx_word' id='word_1_51' title='bbox 397 591 497 634; x_wconf 92' lang='lat' dir='ltr'><strong>hominum</strong></span> <span class='ocrx_word' id='word_1_52' title='bbox 510 606 565 634; x_wconf 88' lang='lat' dir='ltr'><strong>moro</strong></span> <span class='ocrx_word' id='word_1_53' title='bbox 577 597 686 649; x_wconf 78' lang='lat' dir='ltr'><strong>prognatus</strong></span> <span class='ocrx_word' id='word_1_54' title='bbox 697 597 737 633; x_wconf 90' lang='lat' dir='ltr'><strong>cst.</strong></span> <span class='ocrx_word' id='word_1_55' title='bbox 766 588 815 632; x_wconf 92' lang='lat' dir='ltr'><strong>Non</strong></span> <span class='ocrx_word' id='word_1_56' title='bbox 826 604 859 632; x_wconf 87' lang='lat' dir='ltr'><strong>se·</strong></span> 
     </span>
     <span class='ocr_line' id='line_1_7' title="bbox 73 659 859 718; baseline -0.001 -16"><span class='ocrx_word' id='word_1_57' title='bbox 73 674 109 703; x_wconf 91' lang='lat' dir='ltr'><strong>cus</strong></span> <span class='ocrx_word' id='word_1_58' title='bbox 119 674 142 702; x_wconf 92' lang='lat' dir='ltr'><strong>ac</strong></span> <span class='ocrx_word' id='word_1_59' title='bbox 152 659 215 711; x_wconf 86' lang='lat' dir='ltr'><strong>lilius,</strong></span> <span class='ocrx_word' id='word_1_60' title='bbox 237 674 281 702; x_wconf 87' lang='lat' dir='ltr'><strong>cnm</strong></span> <span class='ocrx_word' id='word_1_61' title='bbox 294 660 375 717; x_wconf 91' lang='lat' dir='ltr'><strong>spiritus</strong></span> <span class='ocrx_word' id='word_1_62' title='bbox 388 660 426 712; x_wconf 93' lang='lat' dir='ltr'><strong>sit,</strong></span> <span class='ocrx_word' id='word_1_63' title='bbox 443 667 463 703; x_wconf 90' lang='lat' dir='ltr'><strong>ct</strong></span> <span class='ocrx_word' id='word_1_64' title='bbox 475 660 556 718; x_wconf 89' lang='lat' dir='ltr'><strong>spiritus</strong></span> <span class='ocrx_word' id='word_1_65' title='bbox 567 675 577 702; x_wconf 92' lang='lat' dir='ltr'><strong>a</strong></span> <span class='ocrx_word' id='word_1_66' title='bbox 589 668 645 717; x_wconf 91' lang='lat' dir='ltr'><strong>patre</strong></span> <span class='ocrx_word' id='word_1_67' title='bbox 658 660 684 702; x_wconf 88' lang='lat' dir='ltr'><strong>sit</strong></span> <span class='ocrx_word' id='word_1_68' title='bbox 696 660 788 716; x_wconf 84' lang='lat' dir='ltr'><strong>genitus,</strong></span> <span class='ocrx_word' id='word_1_69' title='bbox 811 673 859 715; x_wconf 91' lang='lat' dir='ltr'><strong>qna-</strong></span> 
     </span>
     <span class='ocr_line' id='line_1_8' title="bbox 73 727 859 787; baseline -0.001 -16"><span class='ocrx_word' id='word_1_70' title='bbox 73 735 132 771; x_wconf 90' lang='lat' dir='ltr'><strong>tenus</strong></span> <span class='ocrx_word' id='word_1_71' title='bbox 149 727 229 784; x_wconf 86' lang='lat' dir='ltr'><strong>spiritus</strong></span> <span class='ocrx_word' id='word_1_72' title='bbox 245 743 257 771; x_wconf 93' lang='lat' dir='ltr'><strong>a</strong></span> <span class='ocrx_word' id='word_1_73' title='bbox 272 727 348 787; x_wconf 86' lang='lat' dir='ltr'><strong>spiritu</strong></span> <span class='ocrx_word' id='word_1_74' title='bbox 358 730 441 786; x_wconf 92' lang='lat' dir='ltr'><strong>prodiit,</strong></span> <span class='ocrx_word' id='word_1_75' title='bbox 458 729 509 772; x_wconf 88' lang='lat' dir='ltr'><strong>idem</strong></span> <span class='ocrx_word' id='word_1_76' title='bbox 525 737 614 772; x_wconf 85' lang='lat' dir='ltr'><strong>osteum</strong></span> <span class='ocrx_word' id='word_1_77' title='bbox 629 729 675 782; x_wconf 92' lang='lat' dir='ltr'><strong>illo,</strong></span> <span class='ocrx_word' id='word_1_78' title='bbox 697 728 749 771; x_wconf 91' lang='lat' dir='ltr'><strong>sicut</strong></span> <span class='ocrx_word' id='word_1_79' title='bbox 761 736 859 784; x_wconf 90' lang='lat' dir='ltr'><strong>qnatenus</strong></span> 
     </span>
     <span class='ocr_line' id='line_1_9' title="bbox 74 797 858 850; baseline -0.003 -10"><span class='ocrx_word' id='word_1_80' title='bbox 74 811 121 840; x_wconf 89' lang='lat' dir='ltr'><strong>caro</strong></span> <span class='ocrx_word' id='word_1_81' title='bbox 138 812 165 840; x_wconf 82' lang='lat' dir='ltr'><strong>ex</strong></span> <span class='ocrx_word' id='word_1_82' title='bbox 181 812 241 841; x_wconf 87' lang='lat' dir='ltr'><strong>carue</strong></span> <span class='ocrx_word' id='word_1_83' title='bbox 257 799 320 840; x_wconf 87' lang='lat' dir='ltr'><strong>lactus</strong></span> <span class='ocrx_word' id='word_1_84' title='bbox 336 806 379 849; x_wconf 88' lang='lat' dir='ltr'><strong>cst,</strong></span> <span class='ocrx_word' id='word_1_85' title='bbox 401 797 480 841; x_wconf 86' lang='lat' dir='ltr'><strong>Mariae</strong></span> <span class='ocrx_word' id='word_1_86' title='bbox 492 798 603 850; x_wconf 85' lang='lat' dir='ltr'><strong>videlicet,</strong></span> <span class='ocrx_word' id='word_1_87' title='bbox 620 798 671 840; x_wconf 85' lang='lat' dir='ltr'><strong>idem</strong></span> <span class='ocrx_word' id='word_1_88' title='bbox 688 804 719 839; x_wconf 89' lang='lat' dir='ltr'><strong>est</strong></span> <span class='ocrx_word' id='word_1_89' title='bbox 730 812 775 840; x_wconf 89' lang='lat' dir='ltr'><strong>curn</strong></span> <span class='ocrx_word' id='word_1_90' title='bbox 788 811 858 839; x_wconf 89' lang='lat' dir='ltr'><strong>carne.</strong></span> 
     </span>
     <span class='ocr_line' id='line_1_10' title="bbox 73 861 859 923; baseline -0.003 -14"><span class='ocrx_word' id='word_1_91' title='bbox 73 861 138 913; x_wconf 86' lang='lat' dir='ltr'><strong>Porro</strong></span> <span class='ocrx_word' id='word_1_92' title='bbox 155 874 252 923; x_wconf 89' lang='lat' dir='ltr'><strong>quatenus</strong></span> <span class='ocrx_word' id='word_1_93' title='bbox 269 867 313 909; x_wconf 90' lang='lat' dir='ltr'><strong>sine</strong></span> <span class='ocrx_word' id='word_1_94' title='bbox 328 867 437 923; x_wconf 87' lang='lat' dir='ltr'><strong>profluvio,</strong></span> <span class='ocrx_word' id='word_1_95' title='bbox 459 867 552 923; x_wconf 80' lang='lat' dir='ltr'><strong>passione</strong></span> <span class='ocrx_word' id='word_1_96' title='bbox 570 881 593 908; x_wconf 92' lang='lat' dir='ltr'><strong>ac</strong></span> <span class='ocrx_word' id='word_1_97' title='bbox 611 866 709 909; x_wconf 88' lang='lat' dir='ltr'><strong>divisione</strong></span> <span class='ocrx_word' id='word_1_98' title='bbox 721 867 761 908; x_wconf 92' lang='lat' dir='ltr'><strong>ulla</strong></span> <span class='ocrx_word' id='word_1_99' title='bbox 776 881 788 908; x_wconf 95' lang='lat' dir='ltr'><strong>a</strong></span> <span class='ocrx_word' id='word_1_100' title='bbox 802 872 859 923; x_wconf 90' lang='lat' dir='ltr'><strong>patre</strong></span> 
     </span>
     <span class='ocr_line' id='line_1_11' title="bbox 73 934 859 992; baseline -0.001 -14"><span class='ocrx_word' id='word_1_101' title='bbox 73 935 153 992; x_wconf 78' lang='lat' dir='ltr'><strong>genitus</strong></span> <span class='ocrx_word' id='word_1_102' title='bbox 170 942 211 988; x_wconf 90' lang='lat' dir='ltr'><strong>est,</strong></span> <span class='ocrx_word' id='word_1_103' title='bbox 233 935 294 992; x_wconf 88' lang='lat' dir='ltr'><strong>patris</strong></span> <span class='ocrx_word' id='word_1_104' title='bbox 306 943 337 978; x_wconf 91' lang='lat' dir='ltr'><strong>est</strong></span> <span class='ocrx_word' id='word_1_105' title='bbox 348 935 429 987; x_wconf 90' lang='lat' dir='ltr'><strong>similis,</strong></span> <span class='ocrx_word' id='word_1_106' title='bbox 450 949 488 978; x_wconf 86' lang='lat' dir='ltr'><strong>nec</strong></span> <span class='ocrx_word' id='word_1_107' title='bbox 501 934 657 986; x_wconf 89' lang='lat' dir='ltr'><strong>idcmcumeo,</strong></span> <span class='ocrx_word' id='word_1_108' title='bbox 681 935 710 976; x_wconf 91' lang='lat' dir='ltr'><strong>sie</strong></span> <span class='ocrx_word' id='word_1_109' title='bbox 727 935 810 978; x_wconf 85' lang='lat' dir='ltr'><strong>etlilius</strong></span> <span class='ocrx_word' id='word_1_110' title='bbox 826 949 859 977; x_wconf 88' lang='lat' dir='ltr'><strong>se-</strong></span> 
     </span>
     <span class='ocr_line' id='line_1_12' title="bbox 74 1003 859 1058; baseline -0.001 -11"><span class='ocrx_word' id='word_1_111' title='bbox 74 1005 159 1047; x_wconf 88' lang='lat' dir='ltr'><strong>cundum</strong></span> <span class='ocrx_word' id='word_1_112' title='bbox 171 1018 264 1056; x_wconf 88' lang='lat' dir='ltr'><strong>carnem,</strong></span> <span class='ocrx_word' id='word_1_113' title='bbox 285 1018 309 1045; x_wconf 85' lang='lat' dir='ltr'><strong>cc</strong></span> <span class='ocrx_word' id='word_1_114' title='bbox 320 1007 462 1046; x_wconf 65' lang='lat' dir='ltr'><strong>sanctitudinem</strong></span> <span class='ocrx_word' id='word_1_115' title='bbox 474 1006 569 1045; x_wconf 71' lang='lat' dir='ltr'><strong>bornehem</strong></span> <span class='ocrx_word' id='word_1_116' title='bbox 576 1004 643 1058; x_wconf 79' lang='lat' dir='ltr'><strong>sactus</strong></span> <span class='ocrx_word' id='word_1_117' title='bbox 655 1011 695 1053; x_wconf 86' lang='lat' dir='ltr'><strong>est,</strong></span> <span class='ocrx_word' id='word_1_118' title='bbox 719 1017 756 1045; x_wconf 86' lang='lat' dir='ltr'><strong>nec</strong></span> <span class='ocrx_word' id='word_1_119' title='bbox 766 1011 797 1046; x_wconf 96' lang='grc' dir='ltr'><strong>εει</strong></span> <span class='ocrx_word' id='word_1_120' title='bbox 806 1003 859 1046; x_wconf 87' lang='lat' dir='ltr'><strong>idem</strong></span> 
     </span>
     <span class='ocr_line' id='line_1_13' title="bbox 75 1072 319 1116; baseline -0.008 0"><span class='ocrx_word' id='word_1_121' title='bbox 75 1072 156 1116; x_wconf 86' lang='lat' dir='ltr'><strong>omuino</strong></span> <span class='ocrx_word' id='word_1_122' title='bbox 172 1087 216 1115; x_wconf 93' lang='lat' dir='ltr'><strong>cum</strong></span> <span class='ocrx_word' id='word_1_123' title='bbox 231 1072 319 1115; x_wconf 90' lang='lat' dir='ltr'><strong>bomine.</strong></span> 
     </span>
    </p>

    <p class='ocr_par' dir='ltr' id='par_1_3' title="bbox 23 1137 968 2989">
     <span class='ocr_line' id='line_1_14' title="bbox 132 1137 930 1199; baseline -0.004 -15"><span class='ocrx_word' id='word_1_124' title='bbox 132 1140 219 1198; x_wconf 84' lang='lat' dir='ltr'><strong>lgitur</strong></span> <span class='ocrx_word' id='word_1_125' title='bbox 213 1156 234 1183; x_wconf 94' lang='lat' dir='ltr'><strong>m</strong></span> <span class='ocrx_word' id='word_1_126' title='bbox 250 1141 334 1198; x_wconf 91' lang='lat' dir='ltr'><strong>epistola</strong></span> <span class='ocrx_word' id='word_1_127' title='bbox 352 1142 375 1183; x_wconf 89' lang='lat' dir='ltr'><strong>ad</strong></span> <span class='ocrx_word' id='word_1_128' title='bbox 391 1139 529 1199; x_wconf 87' lang='lat' dir='ltr'><strong>Philippenses</strong></span> <span class='ocrx_word' id='word_1_129' title='bbox 547 1141 584 1183; x_wconf 89' lang='lat' dir='ltr'><strong>hoc</strong></span> <span class='ocrx_word' id='word_1_130' title='bbox 605 1141 638 1183; x_wconf 91' lang='lat' dir='ltr'><strong>illc</strong></span> <span class='ocrx_word' id='word_1_131' title='bbox 656 1155 694 1183; x_wconf 91' lang='lat' dir='ltr'><strong>nos</strong></span> <span class='ocrx_word' id='word_1_132' title='bbox 709 1140 788 1192; x_wconf 91' lang='lat' dir='ltr'><strong>docuit,</strong></span> <span class='ocrx_word' id='word_1_133' title='bbox 810 1155 859 1196; x_wconf 91' lang='lat' dir='ltr'><strong>quo·</strong></span> <span class='ocrx_word' id='word_1_134' title='bbox 889 1137 930 1181; x_wconf 78' lang='lat' dir='ltr'><strong>Gap.</strong></span> 
     </span>
     <span class='ocr_line' id='line_1_15' title="bbox 75 1184 941 1267; baseline -0.001 -14"><span class='ocrx_word' id='word_1_135' title='bbox 75 1211 134 1253; x_wconf 91' lang='lat' dir='ltr'><strong>modo</strong></span> <span class='ocrx_word' id='word_1_136' title='bbox 144 1210 178 1253; x_wconf 86' lang='lat' dir='ltr'><strong>filii</strong></span> <span class='ocrx_word' id='word_1_137' title='bbox 190 1210 303 1267; x_wconf 69' lang='lat' dir='ltr'><strong>hypostasis</strong></span> <span class='ocrx_word' id='word_1_138' title='bbox 316 1210 377 1267; x_wconf 88' lang='lat' dir='ltr'><strong>patris</strong></span> <span class='ocrx_word' id='word_1_139' title='bbox 388 1209 491 1267; x_wconf 76' lang='lat' dir='ltr'><strong>hypostasi</strong></span> <span class='ocrx_word' id='word_1_140' title='bbox 502 1210 529 1252; x_wconf 91' lang='lat' dir='ltr'><strong>sit</strong></span> <span class='ocrx_word' id='word_1_141' title='bbox 541 1209 623 1263; x_wconf 79' lang='lat' dir='ltr'><strong>similis3</strong></span> <span class='ocrx_word' id='word_1_142' title='bbox 640 1208 722 1267; x_wconf 89' lang='lat' dir='ltr'><strong>spiritus</strong></span> <span class='ocrx_word' id='word_1_143' title='bbox 736 1209 789 1252; x_wconf 91' lang='lat' dir='ltr'><strong>enim</strong></span> <span class='ocrx_word' id='word_1_144' title='bbox 801 1223 813 1251; x_wconf 90' lang='lat' dir='ltr'><strong>a</strong></span> <span class='ocrx_word' id='word_1_145' title='bbox 826 1224 861 1266; x_wconf 90' lang='lat' dir='ltr'><strong>pa·</strong></span> <span class='ocrx_word' id='word_1_146' title='bbox 876 1184 918 1218; x_wconf 80' lang='lat' dir='ltr'><strong>xt&#39;t</strong></span> <span class='ocrx_word' id='word_1_147' title='bbox 913 1184 941 1216; x_wconf 87' lang='lat'><strong>11.</strong></span> 
     </span>
     <span class='ocr_line' id='line_1_16' title="bbox 75 1277 861 1336; baseline -0.004 -14"><span class='ocrx_word' id='word_1_148' title='bbox 75 1287 106 1322; x_wconf 89' lang='lat' dir='ltr'><strong>tre</strong></span> <span class='ocrx_word' id='word_1_149' title='bbox 121 1279 254 1336; x_wconf 79' lang='lat' dir='ltr'><strong>progreditur.</strong></span> <span class='ocrx_word' id='word_1_150' title='bbox 285 1277 387 1334; x_wconf 78' lang='lat' dir='ltr'><strong>Quare</strong></span> <span class='ocrx_word' id='word_1_151' title='bbox 370 1278 485 1335; x_wconf 81' lang='lat' dir='ltr'><strong>suspiritus</strong></span> <span class='ocrx_word' id='word_1_152' title='bbox 502 1280 603 1321; x_wconf 89' lang='lat' dir='ltr'><strong>notionem</strong></span> <span class='ocrx_word' id='word_1_153' title='bbox 614 1278 743 1331; x_wconf 88' lang='lat' dir='ltr'><strong>consideres,</strong></span> <span class='ocrx_word' id='word_1_154' title='bbox 766 1278 817 1320; x_wconf 87' lang='lat' dir='ltr'><strong>idem</strong></span> <span class='ocrx_word' id='word_1_155' title='bbox 830 1284 861 1319; x_wconf 84' lang='lat' dir='ltr'><strong>est</strong></span> 
     </span>
     <span class='ocr_line' id='line_1_17' title="bbox 73 1346 861 1405; baseline -0.003 -14"><span class='ocrx_word' id='word_1_156' title='bbox 73 1354 120 1391; x_wconf 85' lang='lat' dir='ltr'><strong>&#39;cum</strong></span> <span class='ocrx_word' id='word_1_157' title='bbox 138 1355 201 1405; x_wconf 88' lang='lat' dir='ltr'><strong>patre.</strong></span> <span class='ocrx_word' id='word_1_158' title='bbox 232 1346 319 1390; x_wconf 89' lang='lat' dir='ltr'><strong>Perinde</strong></span> <span class='ocrx_word' id='word_1_159' title='bbox 335 1362 359 1390; x_wconf 89' lang='lat' dir='ltr'><strong>ac</strong></span> <span class='ocrx_word' id='word_1_160' title='bbox 375 1347 442 1390; x_wconf 90' lang='lat' dir='ltr'><strong>carnis</strong></span> <span class='ocrx_word' id='word_1_161' title='bbox 457 1347 511 1390; x_wconf 87' lang='lat' dir='ltr'><strong>illum</strong></span> <span class='ocrx_word' id='word_1_162' title='bbox 530 1348 585 1390; x_wconf 91' lang='lat' dir='ltr'><strong>notio</strong></span> <span class='ocrx_word' id='word_1_163' title='bbox 596 1347 647 1390; x_wconf 90' lang='lat' dir='ltr'><strong>idem</strong></span> <span class='ocrx_word' id='word_1_164' title='bbox 660 1362 704 1389; x_wconf 90' lang='lat' dir='ltr'><strong>cum</strong></span> <span class='ocrx_word' id='word_1_165' title='bbox 720 1347 799 1389; x_wconf 89' lang='lat' dir='ltr'><strong>homine</strong></span> <span class='ocrx_word' id='word_1_166' title='bbox 813 1361 861 1389; x_wconf 90' lang='lat' dir='ltr'><strong>con-</strong></span> 
     </span>
     <span class='ocr_line' id='line_1_18' title="bbox 75 1414 861 1473; baseline -0.001 -14"><span class='ocrx_word' id='word_1_167' title='bbox 75 1416 148 1460; x_wconf 87' lang='lat' dir='ltr'><strong>stituit.</strong></span> <span class='ocrx_word' id='word_1_168' title='bbox 177 1416 226 1459; x_wconf 86' lang='lat' dir='ltr'><strong>Nou</strong></span> <span class='ocrx_word' id='word_1_169' title='bbox 238 1417 290 1458; x_wconf 89' lang='lat' dir='ltr'><strong>idem</strong></span> <span class='ocrx_word' id='word_1_170' title='bbox 301 1431 351 1460; x_wconf 90' lang='lat' dir='ltr'><strong>vcro</strong></span> <span class='ocrx_word' id='word_1_171' title='bbox 364 1423 403 1469; x_wconf 90' lang='lat' dir='ltr'><strong>est,</strong></span> <span class='ocrx_word' id='word_1_172' title='bbox 420 1417 455 1458; x_wconf 88' lang='lat' dir='ltr'><strong>sed</strong></span> <span class='ocrx_word' id='word_1_173' title='bbox 468 1416 537 1459; x_wconf 91' lang='lat' dir='ltr'><strong>similis</strong></span> <span class='ocrx_word' id='word_1_174' title='bbox 549 1416 654 1469; x_wconf 80' lang='lat' dir='ltr'><strong>duntaxat,</strong></span> <span class='ocrx_word' id='word_1_175' title='bbox 671 1424 768 1472; x_wconf 86' lang='lat' dir='ltr'><strong>quatenus</strong></span> <span class='ocrx_word' id='word_1_176' title='bbox 779 1414 861 1473; x_wconf 88' lang='lat' dir='ltr'><strong>spiritus</strong></span> 
     </span>
     <span class='ocr_line' id='line_1_19' title="bbox 75 1483 861 1542; baseline -0.001 -15"><span class='ocrx_word' id='word_1_177' title='bbox 75 1485 121 1538; x_wconf 91' lang='lat' dir='ltr'><strong>ille,</strong></span> <span class='ocrx_word' id='word_1_178' title='bbox 137 1484 170 1542; x_wconf 91' lang='lat' dir='ltr'><strong>qui</strong></span> <span class='ocrx_word' id='word_1_179' title='bbox 181 1485 234 1528; x_wconf 89' lang='lat' dir='ltr'><strong>lilius</strong></span> <span class='ocrx_word' id='word_1_180' title='bbox 247 1492 290 1537; x_wconf 87' lang='lat' dir='ltr'><strong>est,</strong></span> <span class='ocrx_word' id='word_1_181' title='bbox 307 1499 347 1527; x_wconf 91' lang='lat' dir='ltr'><strong>non</strong></span> <span class='ocrx_word' id='word_1_182' title='bbox 358 1492 389 1527; x_wconf 90' lang='lat' dir='ltr'><strong>est</strong></span> <span class='ocrx_word' id='word_1_183' title='bbox 399 1492 463 1542; x_wconf 88' lang='lat' dir='ltr'><strong>pater.</strong></span> <span class='ocrx_word' id='word_1_184' title='bbox 495 1483 523 1527; x_wconf 83' lang='lat' dir='ltr'><strong>Et</strong></span> <span class='ocrx_word' id='word_1_185' title='bbox 533 1485 566 1527; x_wconf 90' lang='lat' dir='ltr'><strong>illa</strong></span> <span class='ocrx_word' id='word_1_186' title='bbox 581 1499 639 1536; x_wconf 89' lang='lat' dir='ltr'><strong>caro,</strong></span> <span class='ocrx_word' id='word_1_187' title='bbox 657 1499 714 1541; x_wconf 87' lang='lat' dir='ltr'><strong>qnam</strong></span> <span class='ocrx_word' id='word_1_188' title='bbox 726 1485 765 1527; x_wconf 92' lang='lat' dir='ltr'><strong>sihi</strong></span> <span class='ocrx_word' id='word_1_189' title='bbox 778 1484 861 1527; x_wconf 88' lang='lat' dir='ltr'><strong>verbum</strong></span> 
     </span>
     <span class='ocr_line' id='line_1_20' title="bbox 76 1553 862 1610; baseline -0.001 -15"><span class='ocrx_word' id='word_1_190' title='bbox 76 1553 178 1605; x_wconf 84' lang='lat' dir='ltr'><strong>adiunxit,</strong></span> <span class='ocrx_word' id='word_1_191' title='bbox 200 1567 239 1595; x_wconf 91' lang='lat' dir='ltr'><strong>non</strong></span> <span class='ocrx_word' id='word_1_192' title='bbox 253 1567 264 1595; x_wconf 91' lang='lat' dir='ltr'><strong>c</strong></span> <span class='ocrx_word' id='word_1_193' title='bbox 280 1553 332 1595; x_wconf 82' lang='lat' dir='ltr'><strong>virili</strong></span> <span class='ocrx_word' id='word_1_194' title='bbox 346 1560 391 1595; x_wconf 90' lang='lat' dir='ltr'><strong>satu</strong></span> <span class='ocrx_word' id='word_1_195' title='bbox 404 1567 427 1596; x_wconf 89' lang='lat' dir='ltr'><strong>ac</strong></span> <span class='ocrx_word' id='word_1_196' title='bbox 438 1553 540 1610; x_wconf 88' lang='lat' dir='ltr'><strong>voluptate</strong></span> <span class='ocrx_word' id='word_1_197' title='bbox 552 1554 697 1610; x_wconf 75' lang='lat' dir='ltr'><strong>proficiscitur,</strong></span> <span class='ocrx_word' id='word_1_198' title='bbox 719 1554 755 1595; x_wconf 85' lang='lat' dir='ltr'><strong>sed</strong></span> <span class='ocrx_word' id='word_1_199' title='bbox 766 1567 790 1595; x_wconf 89' lang='lat' dir='ltr'><strong>eo</strong></span> <span class='ocrx_word' id='word_1_200' title='bbox 803 1553 862 1595; x_wconf 89' lang='lat' dir='ltr'><strong>modo</strong></span> 
     </span>
     <span class='ocr_line' id='line_1_21' title="bbox 76 1621 861 1678; baseline -0.001 -15"><span class='ocrx_word' id='word_1_201' title='bbox 76 1621 145 1678; x_wconf 92' lang='lat' dir='ltr'><strong>quiin</strong></span> <span class='ocrx_word' id='word_1_202' title='bbox 162 1621 268 1677; x_wconf 51' lang='lat' dir='ltr'><strong>euvangelio</strong></span> <span class='ocrx_word' id='word_1_203' title='bbox 288 1621 379 1664; x_wconf 87' lang='lat' dir='ltr'><strong>traditur.</strong></span> <span class='ocrx_word' id='word_1_204' title='bbox 415 1621 453 1663; x_wconf 93' lang='lat' dir='ltr'><strong>His</strong></span> <span class='ocrx_word' id='word_1_205' title='bbox 470 1622 530 1678; x_wconf 81' lang='lat' dir='ltr'><strong>igitur</strong></span> <span class='ocrx_word' id='word_1_206' title='bbox 545 1622 649 1674; x_wconf 89' lang='lat' dir='ltr'><strong>omnibus,</strong></span> <span class='ocrx_word' id='word_1_207' title='bbox 670 1628 692 1664; x_wconf 94' lang='lat' dir='ltr'><strong>ut</strong></span> <span class='ocrx_word' id='word_1_208' title='bbox 710 1629 769 1664; x_wconf 87' lang='lat' dir='ltr'><strong>antea</strong></span> <span class='ocrx_word' id='word_1_209' title='bbox 789 1622 861 1663; x_wconf 89' lang='lat' dir='ltr'><strong>dictum</strong></span> 
     </span>
     <span class='ocr_line' id='line_1_22' title="bbox 76 1689 861 1748; baseline -0.001 -16"><span class='ocrx_word' id='word_1_210' title='bbox 76 1697 115 1744; x_wconf 89' lang='lat' dir='ltr'><strong>cst,</strong></span> <span class='ocrx_word' id='word_1_211' title='bbox 136 1690 299 1747; x_wconf 88' lang='lat' dir='ltr'><strong>quemadmodum</strong></span> <span class='ocrx_word' id='word_1_212' title='bbox 316 1690 381 1743; x_wconf 89' lang='lat' dir='ltr'><strong>lilius,</strong></span> <span class='ocrx_word' id='word_1_213' title='bbox 403 1697 500 1747; x_wconf 90' lang='lat' dir='ltr'><strong>quatenus</strong></span> <span class='ocrx_word' id='word_1_214' title='bbox 516 1698 547 1734; x_wconf 89' lang='lat' dir='ltr'><strong>est</strong></span> <span class='ocrx_word' id='word_1_215' title='bbox 562 1705 585 1733; x_wconf 93' lang='lat' dir='ltr'><strong>ac</strong></span> <span class='ocrx_word' id='word_1_216' title='bbox 599 1690 691 1733; x_wconf 89' lang='lat' dir='ltr'><strong>subsistit</strong></span> <span class='ocrx_word' id='word_1_217' title='bbox 701 1691 756 1748; x_wconf 90' lang='lat' dir='ltr'><strong>ipse,</strong></span> <span class='ocrx_word' id='word_1_218' title='bbox 778 1690 828 1745; x_wconf 91' lang='lat' dir='ltr'><strong>patri</strong></span> <span class='ocrx_word' id='word_1_219' title='bbox 839 1689 861 1731; x_wconf 88' lang='lat' dir='ltr'><strong>in</strong></span> 
     </span>
     <span class='ocr_line' id='line_1_23' title="bbox 77 1758 863 1815; baseline 0 -15"><span class='ocrx_word' id='word_1_220' title='bbox 77 1759 168 1801; x_wconf 90' lang='lat' dir='ltr'><strong>omuibus</strong></span> <span class='ocrx_word' id='word_1_221' title='bbox 180 1759 206 1801; x_wconf 92' lang='lat' dir='ltr'><strong>sit</strong></span> <span class='ocrx_word' id='word_1_222' title='bbox 217 1758 298 1811; x_wconf 88' lang='lat' dir='ltr'><strong>similis,</strong></span> <span class='ocrx_word' id='word_1_223' title='bbox 318 1758 372 1801; x_wconf 84' lang='lat' dir='ltr'><strong>lilius</strong></span> <span class='ocrx_word' id='word_1_224' title='bbox 384 1773 421 1801; x_wconf 86' lang='lat' dir='ltr'><strong>nos</strong></span> <span class='ocrx_word' id='word_1_225' title='bbox 431 1760 518 1801; x_wconf 84' lang='lat' dir='ltr'><strong>edocuit.</strong></span> <span class='ocrx_word' id='word_1_226' title='bbox 549 1758 719 1815; x_wconf 83' lang='lat' dir='ltr'><strong>Quemadmodum</strong></span> <span class='ocrx_word' id='word_1_227' title='bbox 731 1773 781 1802; x_wconf 90' lang='lat' dir='ltr'><strong>vero</strong></span> <span class='ocrx_word' id='word_1_228' title='bbox 792 1758 863 1801; x_wconf 92' lang='lat' dir='ltr'><strong>volun-</strong></span> 
     </span>
     <span class='ocr_line' id='line_1_24' title="bbox 77 1826 864 1885; baseline -0.001 -16"><span class='ocrx_word' id='word_1_229' title='bbox 77 1834 117 1870; x_wconf 85' lang='lat' dir='ltr'><strong>tate</strong></span> <span class='ocrx_word' id='word_1_230' title='bbox 129 1835 150 1869; x_wconf 89' lang='grc' dir='ltr'><strong>ει</strong></span> <span class='ocrx_word' id='word_1_231' title='bbox 161 1828 240 1869; x_wconf 89' lang='lat' dir='ltr'><strong>actione</strong></span> <span class='ocrx_word' id='word_1_232' title='bbox 252 1827 386 1884; x_wconf 80' lang='lat' dir='ltr'><strong>operibusque</strong></span> <span class='ocrx_word' id='word_1_233' title='bbox 397 1829 423 1870; x_wconf 91' lang='lat' dir='ltr'><strong>sit</strong></span> <span class='ocrx_word' id='word_1_234' title='bbox 434 1828 516 1880; x_wconf 88' lang='lat' dir='ltr'><strong>similis,</strong></span> <span class='ocrx_word' id='word_1_235' title='bbox 538 1843 565 1870; x_wconf 86' lang='lat' dir='ltr'><strong>cx</strong></span> <span class='ocrx_word' id='word_1_236' title='bbox 576 1828 661 1885; x_wconf 87' lang='lat' dir='ltr'><strong>epistola</strong></span> <span class='ocrx_word' id='word_1_237' title='bbox 676 1829 699 1869; x_wconf 89' lang='lat' dir='ltr'><strong>ad</strong></span> <span class='ocrx_word' id='word_1_238' title='bbox 713 1827 817 1870; x_wconf 80' lang='lat' dir='ltr'><strong>Romanos</strong></span> <span class='ocrx_word' id='word_1_239' title='bbox 834 1826 864 1869; x_wconf 92' lang='lat' dir='ltr'><strong>di·</strong></span> 
     </span>
     <span class='ocr_line' id='line_1_25' title="bbox 77 1895 958 1951; baseline -0.006 -14"><span class='ocrx_word' id='word_1_240' title='bbox 77 1895 169 1947; x_wconf 85' lang='lat' dir='ltr'><strong>dicimus,</strong></span> <span class='ocrx_word' id='word_1_241' title='bbox 185 1895 219 1938; x_wconf 89' lang='lat' dir='ltr'><strong>uhi</strong></span> <span class='ocrx_word' id='word_1_242' title='bbox 230 1896 263 1938; x_wconf 89' lang='lat' dir='ltr'><strong>ille</strong></span> <span class='ocrx_word' id='word_1_243' title='bbox 275 1895 333 1948; x_wconf 81' lang='lat' dir='ltr'><strong>dixit,</strong></span> <span class='ocrx_word' id='word_1_244' title='bbox 350 1899 507 1938; x_wconf 74' lang='lat' dir='ltr'><strong>insimilitudine</strong></span> <span class='ocrx_word' id='word_1_245' title='bbox 518 1901 584 1938; x_wconf 78' lang='lat' dir='ltr'><strong>cornis</strong></span> <span class='ocrx_word' id='word_1_246' title='bbox 592 1900 670 1951; x_wconf 79' lang='lat' dir='ltr'><strong>peccati</strong></span> <span class='ocrx_word' id='word_1_247' title='bbox 678 1899 810 1937; x_wconf 78' lang='lat' dir='ltr'><strong>condemnavit</strong></span> <span class='ocrx_word' id='word_1_248' title='bbox 816 1910 862 1949; x_wconf 85' lang='lat' dir='ltr'><strong>pec·</strong></span> <span class='ocrx_word' id='word_1_249' title='bbox 871 1904 958 1942; x_wconf 55' lang='lat' dir='ltr'><strong>nomast.</strong></span> 
     </span>
     <span class='ocr_line' id='line_1_26' title="bbox 77 1963 863 2020; baseline -0.001 -14"><span class='ocrx_word' id='word_1_250' title='bbox 77 1973 140 2006; x_wconf 81' lang='lat' dir='ltr'><strong>catum</strong></span> <span class='ocrx_word' id='word_1_251' title='bbox 152 1967 172 2006; x_wconf 79' lang='lat' dir='ltr'><strong>in</strong></span> <span class='ocrx_word' id='word_1_252' title='bbox 183 1978 248 2005; x_wconf 84' lang='lat' dir='ltr'><strong>carne.</strong></span> <span class='ocrx_word' id='word_1_253' title='bbox 279 1963 333 2007; x_wconf 85' lang='lat' dir='ltr'><strong>Nam</strong></span> <span class='ocrx_word' id='word_1_254' title='bbox 345 1964 378 2006; x_wconf 88' lang='lat' dir='ltr'><strong>illa</strong></span> <span class='ocrx_word' id='word_1_255' title='bbox 390 1978 449 2016; x_wconf 92' lang='lat' dir='ltr'><strong>caro,</strong></span> <span class='ocrx_word' id='word_1_256' title='bbox 467 1980 524 2020; x_wconf 90' lang='lat' dir='ltr'><strong>quam</strong></span> <span class='ocrx_word' id='word_1_257' title='bbox 537 1965 568 2007; x_wconf 89' lang='lat' dir='ltr'><strong>dei</strong></span> <span class='ocrx_word' id='word_1_258' title='bbox 581 1966 632 2008; x_wconf 87' lang='lat' dir='ltr'><strong>lilius</strong></span> <span class='ocrx_word' id='word_1_259' title='bbox 643 1965 718 2017; x_wconf 89' lang='lat' dir='ltr'><strong>induit,</strong></span> <span class='ocrx_word' id='word_1_260' title='bbox 735 1965 781 2006; x_wconf 91' lang='lat' dir='ltr'><strong>licet</strong></span> <span class='ocrx_word' id='word_1_261' title='bbox 794 1965 863 2007; x_wconf 89' lang='lat' dir='ltr'><strong>eadem</strong></span> 
     </span>
     <span class='ocr_line' id='line_1_27' title="bbox 74 2032 863 2089; baseline -0.003 -13"><span class='ocrx_word' id='word_1_262' title='bbox 74 2040 187 2089; x_wconf 51' lang='lat' dir='ltr'><strong>¹essctcum</strong></span> <span class='ocrx_word' id='word_1_263' title='bbox 200 2046 260 2075; x_wconf 88' lang='lat' dir='ltr'><strong>carne</strong></span> <span class='ocrx_word' id='word_1_264' title='bbox 274 2032 362 2089; x_wconf 88' lang='lat' dir='ltr'><strong>peccati,</strong></span> <span class='ocrx_word' id='word_1_265' title='bbox 385 2034 487 2075; x_wconf 74' lang='lat' dir='ltr'><strong>eteoclem</strong></span> <span class='ocrx_word' id='word_1_266' title='bbox 500 2034 596 2075; x_wconf 88' lang='lat' dir='ltr'><strong>modoad</strong></span> <span class='ocrx_word' id='word_1_267' title='bbox 611 2035 695 2087; x_wconf 79' lang='lat' dir='ltr'><strong>laniem,</strong></span> <span class='ocrx_word' id='word_1_268' title='bbox 717 2033 783 2086; x_wconf 87' lang='lat' dir='ltr'><strong>sitim,</strong></span> <span class='ocrx_word' id='word_1_269' title='bbox 804 2040 863 2089; x_wconf 88' lang='lat' dir='ltr'><strong>atque</strong></span> 
     </span>
     <span class='ocr_line' id='line_1_28' title="bbox 77 2100 863 2157; baseline -0.003 -13"><span class='ocrx_word' id='word_1_270' title='bbox 77 2116 181 2153; x_wconf 89' lang='lat' dir='ltr'><strong>somnum,</strong></span> <span class='ocrx_word' id='word_1_271' title='bbox 203 2116 242 2157; x_wconf 92' lang='lat' dir='ltr'><strong>quo</strong></span> <span class='ocrx_word' id='word_1_272' title='bbox 259 2100 335 2156; x_wconf 89' lang='lat' dir='ltr'><strong>reliqna</strong></span> <span class='ocrx_word' id='word_1_273' title='bbox 348 2115 395 2142; x_wconf 92' lang='lat' dir='ltr'><strong>caro</strong></span> <span class='ocrx_word' id='word_1_274' title='bbox 406 2102 470 2142; x_wconf 89' lang='lat' dir='ltr'><strong>omnis</strong></span> <span class='ocrx_word' id='word_1_275' title='bbox 481 2101 628 2157; x_wconf 75' lang='lat' dir='ltr'><strong>impelleretur,</strong></span> <span class='ocrx_word' id='word_1_276' title='bbox 650 2102 681 2143; x_wconf 91' lang='lat' dir='ltr'><strong>his</strong></span> <span class='ocrx_word' id='word_1_277' title='bbox 693 2109 758 2143; x_wconf 90' lang='lat' dir='ltr'><strong>tamen</strong></span> <span class='ocrx_word' id='word_1_278' title='bbox 771 2101 863 2143; x_wconf 90' lang='lat' dir='ltr'><strong>omnihus</strong></span> 
     </span>
     <span class='ocr_line' id='line_1_29' title="bbox 77 2168 968 2227; baseline -0.006 -14"><span class='ocrx_word' id='word_1_279' title='bbox 77 2184 202 2227; x_wconf 88' lang='lat' dir='ltr'><strong>nequaquam</strong></span> <span class='ocrx_word' id='word_1_280' title='bbox 213 2170 238 2211; x_wconf 88' lang='lat' dir='ltr'><strong>ad</strong></span> <span class='ocrx_word' id='word_1_281' title='bbox 249 2177 332 2226; x_wconf 84' lang='lat' dir='ltr'><strong>peccata</strong></span> <span class='ocrx_word' id='word_1_282' title='bbox 342 2169 488 2211; x_wconf 88' lang='lat' dir='ltr'><strong>concitabatur.</strong></span> <span class='ocrx_word' id='word_1_283' title='bbox 518 2168 628 2227; x_wconf 86' lang='lat' dir='ltr'><strong>Propterea</strong></span> <span class='ocrx_word' id='word_1_284' title='bbox 642 2169 693 2212; x_wconf 84' lang='lat' dir='ltr'><strong>dixit</strong></span> <span class='ocrx_word' id='word_1_285' title='bbox 703 2170 819 2227; x_wconf 90' lang='lat' dir='ltr'><strong>apostolus,</strong></span> <span class='ocrx_word' id='word_1_286' title='bbox 840 2173 863 2211; x_wconf 84' lang='lat' dir='ltr'><strong>In</strong></span> <span class='ocrx_word' id='word_1_287' title='bbox 871 2178 968 2216; x_wconf 55' lang='lat' dir='ltr'><strong>manaem.</strong></span> 
     </span>
     <span class='ocr_line' id='line_1_30' title="bbox 77 2239 864 2294; baseline -0.001 -14"><span class='ocrx_word' id='word_1_288' title='bbox 77 2242 202 2280; x_wconf 78' lang='lat' dir='ltr'><strong>similitudine</strong></span> <span class='ocrx_word' id='word_1_289' title='bbox 212 2242 277 2280; x_wconf 83' lang='lat' dir='ltr'><strong>cornis</strong></span> <span class='ocrx_word' id='word_1_290' title='bbox 286 2242 372 2292; x_wconf 79' lang='lat' dir='ltr'><strong>peccati,</strong></span> <span class='ocrx_word' id='word_1_291' title='bbox 396 2239 448 2294; x_wconf 92' lang='lat' dir='ltr'><strong>quod</strong></span> <span class='ocrx_word' id='word_1_292' title='bbox 461 2239 530 2280; x_wconf 86' lang='lat' dir='ltr'><strong>eodem</strong></span> <span class='ocrx_word' id='word_1_293' title='bbox 543 2253 587 2280; x_wconf 90' lang='lat' dir='ltr'><strong>cnm</strong></span> <span class='ocrx_word' id='word_1_294' title='bbox 602 2239 636 2281; x_wconf 93' lang='lat' dir='ltr'><strong>illo</strong></span> <span class='ocrx_word' id='word_1_295' title='bbox 654 2240 737 2290; x_wconf 89' lang='lat' dir='ltr'><strong>recidit,</strong></span> <span class='ocrx_word' id='word_1_296' title='bbox 759 2241 864 2291; x_wconf 77' lang='lat' dir='ltr'><strong>Quaecum-</strong></span> 
     </span>
     <span class='ocr_line' id='line_1_31' title="bbox 78 2306 864 2365; baseline 0 -15"><span class='ocrx_word' id='word_1_297' title='bbox 78 2312 172 2364; x_wconf 84' lang='lat' dir='ltr'><strong>qucem&#39;m</strong></span> <span class='ocrx_word' id='word_1_298' title='bbox 179 2316 238 2362; x_wconf 83' lang='lat' dir='ltr'><strong>poter</strong></span> <span class='ocrx_word' id='word_1_299' title='bbox 244 2309 306 2362; x_wconf 76' lang='lat' dir='ltr'><strong>fucit,</strong></span> <span class='ocrx_word' id='word_1_300' title='bbox 329 2309 376 2348; x_wconf 84' lang='lat' dir='ltr'><strong>buce</strong></span> <span class='ocrx_word' id='word_1_301' title='bbox 386 2309 471 2361; x_wconf 82' lang='lat' dir='ltr'><strong>ctfib&#39;us</strong></span> <span class='ocrx_word' id='word_1_302' title='bbox 481 2309 637 2363; x_wconf 78' lang='lat' dir='ltr'><strong>sabor&#39;lr&#39;tersccr&#39;t.</strong></span> <span class='ocrx_word' id='word_1_303' title='bbox 668 2306 722 2350; x_wconf 84' lang='lat' dir='ltr'><strong>Nam</strong></span> <span class='ocrx_word' id='word_1_304' title='bbox 734 2315 804 2365; x_wconf 84' lang='lat' dir='ltr'><strong>pater,</strong></span> <span class='ocrx_word' id='word_1_305' title='bbox 820 2323 864 2350; x_wconf 85' lang='lat' dir='ltr'><strong>cum</strong></span> 
     </span>
     <span class='ocr_line' id='line_1_32' title="bbox 78 2375 865 2435; baseline -0.003 -14"><span class='ocrx_word' id='word_1_306' title='bbox 78 2379 105 2422; x_wconf 90' lang='lat' dir='ltr'><strong>sit</strong></span> <span class='ocrx_word' id='word_1_307' title='bbox 115 2376 210 2435; x_wconf 85' lang='lat' dir='ltr'><strong>spiritns,</strong></span> <span class='ocrx_word' id='word_1_308' title='bbox 231 2384 324 2433; x_wconf 92' lang='lat' dir='ltr'><strong>tanquam</strong></span> <span class='ocrx_word' id='word_1_309' title='bbox 339 2375 443 2433; x_wconf 89' lang='lat' dir='ltr'><strong>principali</strong></span> <span class='ocrx_word' id='word_1_310' title='bbox 454 2377 513 2418; x_wconf 89' lang='lat' dir='ltr'><strong>modo</strong></span> <span class='ocrx_word' id='word_1_311' title='bbox 525 2377 583 2429; x_wconf 86' lang='lat' dir='ltr'><strong>iacit,</strong></span> <span class='ocrx_word' id='word_1_312' title='bbox 603 2377 655 2420; x_wconf 90' lang='lat' dir='ltr'><strong>iilius</strong></span> <span class='ocrx_word' id='word_1_313' title='bbox 671 2392 721 2420; x_wconf 90' lang='lat' dir='ltr'><strong>vero</strong></span> <span class='ocrx_word' id='word_1_314' title='bbox 736 2377 769 2434; x_wconf 88' lang='lat' dir='ltr'><strong>qui</strong></span> <span class='ocrx_word' id='word_1_315' title='bbox 786 2378 865 2435; x_wconf 87' lang='lat' dir='ltr'><strong>etipse</strong></span> 
     </span>
     <span class='ocr_line' id='line_1_33' title="bbox 80 2446 864 2504; baseline -0.003 -14"><span class='ocrx_word' id='word_1_316' title='bbox 80 2447 161 2504; x_wconf 88' lang='lat' dir='ltr'><strong>spiritus</strong></span> <span class='ocrx_word' id='word_1_317' title='bbox 174 2453 218 2499; x_wconf 89' lang='lat' dir='ltr'><strong>est,</strong></span> <span class='ocrx_word' id='word_1_318' title='bbox 239 2461 279 2488; x_wconf 94' lang='lat' dir='ltr'><strong>nou</strong></span> <span class='ocrx_word' id='word_1_319' title='bbox 293 2446 394 2502; x_wconf 90' lang='lat' dir='ltr'><strong>principali</strong></span> <span class='ocrx_word' id='word_1_320' title='bbox 408 2446 478 2498; x_wconf 90' lang='lat' dir='ltr'><strong>modo,</strong></span> <span class='ocrx_word' id='word_1_321' title='bbox 500 2446 555 2488; x_wconf 88' lang='lat' dir='ltr'><strong>velut</strong></span> <span class='ocrx_word' id='word_1_322' title='bbox 568 2454 636 2503; x_wconf 90' lang='lat' dir='ltr'><strong>pater,</strong></span> <span class='ocrx_word' id='word_1_323' title='bbox 657 2447 692 2489; x_wconf 92' lang='lat' dir='ltr'><strong>sed</strong></span> <span class='ocrx_word' id='word_1_324' title='bbox 705 2446 798 2489; x_wconf 88' lang='lat' dir='ltr'><strong>similiter</strong></span> <span class='ocrx_word' id='word_1_325' title='bbox 808 2448 864 2488; x_wconf 85' lang='lat' dir='ltr'><strong>iacit.</strong></span> 
     </span>
     <span class='ocr_line' id='line_1_34' title="bbox 79 2513 866 2573; baseline -0.003 -13"><span class='ocrx_word' id='word_1_326' title='bbox 79 2515 179 2573; x_wconf 81' lang='lat' dir='ltr'><strong>Quocirca</strong></span> <span class='ocrx_word' id='word_1_327' title='bbox 190 2515 206 2558; x_wconf 93' lang='lat' dir='ltr'><strong>si</strong></span> <span class='ocrx_word' id='word_1_328' title='bbox 218 2529 299 2557; x_wconf 89' lang='lat' dir='ltr'><strong>carnem</strong></span> <span class='ocrx_word' id='word_1_329' title='bbox 309 2515 407 2570; x_wconf 86' lang='lat' dir='ltr'><strong>utrimque</strong></span> <span class='ocrx_word' id='word_1_330' title='bbox 419 2522 507 2571; x_wconf 85' lang='lat' dir='ltr'><strong>spectes,</strong></span> <span class='ocrx_word' id='word_1_331' title='bbox 517 2516 568 2557; x_wconf 89' lang='lat' dir='ltr'><strong>idem</strong></span> <span class='ocrx_word' id='word_1_332' title='bbox 581 2523 612 2558; x_wconf 91' lang='lat' dir='ltr'><strong>est</strong></span> <span class='ocrx_word' id='word_1_333' title='bbox 624 2531 668 2558; x_wconf 90' lang='lat' dir='ltr'><strong>cum</strong></span> <span class='ocrx_word' id='word_1_334' title='bbox 682 2516 795 2558; x_wconf 89' lang='lat' dir='ltr'><strong>hominihus</strong></span> <span class='ocrx_word' id='word_1_335' title='bbox 806 2513 866 2558; x_wconf 88' lang='lat' dir='ltr'><strong>Chri·</strong></span> 
     </span>
     <span class='ocr_line' id='line_1_35' title="bbox 78 2584 864 2642; baseline -0.001 -14"><span class='ocrx_word' id='word_1_336' title='bbox 78 2593 133 2638; x_wconf 83' lang='lat' dir='ltr'><strong>stus;</strong></span> <span class='ocrx_word' id='word_1_337' title='bbox 158 2585 321 2642; x_wconf 89' lang='lat' dir='ltr'><strong>quemadmodum</strong></span> <span class='ocrx_word' id='word_1_338' title='bbox 332 2584 349 2626; x_wconf 92' lang='lat' dir='ltr'><strong>si</strong></span> <span class='ocrx_word' id='word_1_339' title='bbox 365 2584 456 2640; x_wconf 88' lang='lat' dir='ltr'><strong>spiritum</strong></span> <span class='ocrx_word' id='word_1_340' title='bbox 471 2584 570 2641; x_wconf 88' lang='lat' dir='ltr'><strong>utrimque</strong></span> <span class='ocrx_word' id='word_1_341' title='bbox 586 2593 676 2641; x_wconf 89' lang='lat' dir='ltr'><strong>spectes,</strong></span> <span class='ocrx_word' id='word_1_342' title='bbox 702 2585 754 2627; x_wconf 87' lang='lat' dir='ltr'><strong>idem</strong></span> <span class='ocrx_word' id='word_1_343' title='bbox 773 2592 804 2627; x_wconf 89' lang='lat' dir='ltr'><strong>est</strong></span> <span class='ocrx_word' id='word_1_344' title='bbox 820 2600 864 2627; x_wconf 89' lang='lat' dir='ltr'><strong>cum</strong></span> 
     </span>
     <span class='ocr_line' id='line_1_36' title="bbox 79 2653 865 2713; baseline -0.003 -15"><span class='ocrx_word' id='word_1_345' title='bbox 79 2663 143 2713; x_wconf 88' lang='lat' dir='ltr'><strong>patre.</strong></span> <span class='ocrx_word' id='word_1_346' title='bbox 175 2653 216 2698; x_wconf 92' lang='lat' dir='ltr'><strong>lam</strong></span> <span class='ocrx_word' id='word_1_347' title='bbox 235 2661 331 2711; x_wconf 86' lang='lat' dir='ltr'><strong>quatenus</strong></span> <span class='ocrx_word' id='word_1_348' title='bbox 347 2653 391 2695; x_wconf 88' lang='lat' dir='ltr'><strong>sine</strong></span> <span class='ocrx_word' id='word_1_349' title='bbox 402 2655 479 2697; x_wconf 91' lang='lat' dir='ltr'><strong>scminc</strong></span> <span class='ocrx_word' id='word_1_350' title='bbox 490 2655 570 2710; x_wconf 84' lang='lat' dir='ltr'><strong>genitus</strong></span> <span class='ocrx_word' id='word_1_351' title='bbox 581 2661 624 2706; x_wconf 89' lang='lat' dir='ltr'><strong>est,</strong></span> <span class='ocrx_word' id='word_1_352' title='bbox 650 2669 689 2698; x_wconf 89' lang='lat' dir='ltr'><strong>non</strong></span> <span class='ocrx_word' id='word_1_353' title='bbox 701 2655 752 2697; x_wconf 89' lang='lat' dir='ltr'><strong>idem</strong></span> <span class='ocrx_word' id='word_1_354' title='bbox 764 2662 807 2708; x_wconf 86' lang='lat' dir='ltr'><strong>cst,</strong></span> <span class='ocrx_word' id='word_1_355' title='bbox 829 2656 865 2698; x_wconf 90' lang='lat' dir='ltr'><strong>sed</strong></span> 
     </span>
     <span class='ocr_line' id='line_1_37' title="bbox 80 2723 871 2784; baseline -0.001 -17"><span class='ocrx_word' id='word_1_356' title='bbox 80 2725 163 2777; x_wconf 78' lang='lat' dir='ltr'><strong>similis3</strong></span> <span class='ocrx_word' id='word_1_357' title='bbox 186 2724 268 2782; x_wconf 90' lang='lat' dir='ltr'><strong>perinde</strong></span> <span class='ocrx_word' id='word_1_358' title='bbox 282 2729 341 2779; x_wconf 91' lang='lat' dir='ltr'><strong>atque</strong></span> <span class='ocrx_word' id='word_1_359' title='bbox 353 2730 450 2779; x_wconf 91' lang='lat' dir='ltr'><strong>quatenus</strong></span> <span class='ocrx_word' id='word_1_360' title='bbox 461 2725 505 2766; x_wconf 92' lang='lat' dir='ltr'><strong>sine</strong></span> <span class='ocrx_word' id='word_1_361' title='bbox 521 2723 617 2781; x_wconf 87' lang='lat' dir='ltr'><strong>profluvio</strong></span> <span class='ocrx_word' id='word_1_362' title='bbox 627 2724 668 2766; x_wconf 94' lang='lat' dir='ltr'><strong>ullo</strong></span> <span class='ocrx_word' id='word_1_363' title='bbox 680 2738 704 2766; x_wconf 88' lang='lat' dir='ltr'><strong>ac</strong></span> <span class='ocrx_word' id='word_1_364' title='bbox 713 2724 806 2782; x_wconf 90' lang='lat' dir='ltr'><strong>passione</strong></span> <span class='ocrx_word' id='word_1_365' title='bbox 820 2739 871 2784; x_wconf 69' lang='lat' dir='ltr'><strong>pro-⁴</strong></span> 
     </span>
     <span class='ocr_line' id='line_1_38' title="bbox 80 2793 865 2850; baseline -0.004 -12"><span class='ocrx_word' id='word_1_366' title='bbox 80 2795 141 2838; x_wconf 88' lang='lat' dir='ltr'><strong>cessit</strong></span> <span class='ocrx_word' id='word_1_367' title='bbox 154 2794 218 2846; x_wconf 89' lang='lat' dir='ltr'><strong>lilius,</strong></span> <span class='ocrx_word' id='word_1_368' title='bbox 239 2808 279 2836; x_wconf 88' lang='lat' dir='ltr'><strong>non</strong></span> <span class='ocrx_word' id='word_1_369' title='bbox 291 2793 343 2835; x_wconf 89' lang='lat' dir='ltr'><strong>idem</strong></span> <span class='ocrx_word' id='word_1_370' title='bbox 356 2799 397 2844; x_wconf 89' lang='lat' dir='ltr'><strong>cst,</strong></span> <span class='ocrx_word' id='word_1_371' title='bbox 419 2794 455 2836; x_wconf 91' lang='lat' dir='ltr'><strong>scd</strong></span> <span class='ocrx_word' id='word_1_372' title='bbox 466 2793 548 2835; x_wconf 83' lang='lat' dir='ltr'><strong>similis:</strong></span> <span class='ocrx_word' id='word_1_373' title='bbox 570 2800 668 2850; x_wconf 84' lang='lat' dir='ltr'><strong>quatenus</strong></span> <span class='ocrx_word' id='word_1_374' title='bbox 681 2808 730 2836; x_wconf 88' lang='lat' dir='ltr'><strong>vero</strong></span> <span class='ocrx_word' id='word_1_375' title='bbox 744 2797 865 2836; x_wconf 80' lang='lat' dir='ltr'><strong>z‘nszim&#39;litc-</strong></span> 
     </span>
     <span class='ocr_line' id='line_1_39' title="bbox 23 2862 865 2918; baseline -0.001 -12"><span class='ocrx_word' id='word_1_376' title='bbox 23 2891 25 2894; x_wconf 95' lang='lat'>-</span> <span class='ocrx_word' id='word_1_377' title='bbox 79 2867 123 2906; x_wconf 78' lang='lat' dir='ltr'><strong>deire</strong></span> <span class='ocrx_word' id='word_1_378' title='bbox 133 2871 163 2905; x_wconf 79' lang='lat' dir='ltr'><strong>est</strong></span> <span class='ocrx_word' id='word_1_379' title='bbox 172 2866 237 2905; x_wconf 80' lang='lat' dir='ltr'><strong>curnis</strong></span> <span class='ocrx_word' id='word_1_380' title='bbox 246 2866 328 2918; x_wconf 78' lang='lat' dir='ltr'><strong>peccati,</strong></span> <span class='ocrx_word' id='word_1_381' title='bbox 346 2876 385 2904; x_wconf 89' lang='lat' dir='ltr'><strong>nou</strong></span> <span class='ocrx_word' id='word_1_382' title='bbox 396 2862 449 2905; x_wconf 86' lang='lat' dir='ltr'><strong>idem</strong></span> <span class='ocrx_word' id='word_1_383' title='bbox 461 2869 493 2904; x_wconf 90' lang='lat' dir='ltr'><strong>est</strong></span> <span class='ocrx_word' id='word_1_384' title='bbox 503 2877 548 2905; x_wconf 89' lang='lat' dir='ltr'><strong>cum</strong></span> <span class='ocrx_word' id='word_1_385' title='bbox 559 2862 626 2905; x_wconf 89' lang='lat' dir='ltr'><strong>earnis</strong></span> <span class='ocrx_word' id='word_1_386' title='bbox 639 2863 813 2915; x_wconf 87' lang='lat' dir='ltr'><strong>commotionibus,</strong></span> <span class='ocrx_word' id='word_1_387' title='bbox 829 2863 865 2905; x_wconf 86' lang='lat' dir='ltr'><strong>scd</strong></span> 
     </span>
     <span class='ocr_line' id='line_1_40' title="bbox 80 2931 865 2989; baseline -0.001 -13"><span class='ocrx_word' id='word_1_388' title='bbox 80 2933 158 2976; x_wconf 90' lang='lat' dir='ltr'><strong>similis.</strong></span> <span class='ocrx_word' id='word_1_389' title='bbox 188 2931 236 2975; x_wconf 91' lang='lat' dir='ltr'><strong>Non</strong></span> <span class='ocrx_word' id='word_1_390' title='bbox 249 2933 307 2975; x_wconf 87' lang='lat' dir='ltr'><strong>aliter</strong></span> <span class='ocrx_word' id='word_1_391' title='bbox 320 2939 378 2989; x_wconf 87' lang='lat' dir='ltr'><strong>atquc</strong></span> <span class='ocrx_word' id='word_1_392' title='bbox 393 2931 445 2974; x_wconf 88' lang='lat' dir='ltr'><strong>idem</strong></span> <span class='ocrx_word' id='word_1_393' title='bbox 456 2932 490 2989; x_wconf 92' lang='lat' dir='ltr'><strong>qui</strong></span> <span class='ocrx_word' id='word_1_394' title='bbox 500 2932 639 2975; x_wconf 89' lang='lat' dir='ltr'><strong>commotionis</strong></span> <span class='ocrx_word' id='word_1_395' title='bbox 653 2933 706 2975; x_wconf 94' lang='lat' dir='ltr'><strong>illius</strong></span> <span class='ocrx_word' id='word_1_396' title='bbox 717 2931 865 2975; x_wconf 87' lang='lat' dir='ltr'><strong>similitudinem</strong></span> 
     </span>
    </p>
   </div>
   <div class='ocr_carea' id='block_1_3' title="bbox 80 3045 781 3141">
    <p class='ocr_par' dir='ltr' id='par_1_4' title="bbox 80 3045 781 3141">
     <span class='ocr_line' id='line_1_41' title="bbox 80 3045 781 3092; baseline -0.001 -9"><span class='ocrx_word' id='word_1_397' title='bbox 80 3051 131 3092; x_wconf 82' lang='lat' dir='ltr'><strong>princ.</strong></span> <span class='ocrx_word' id='word_1_398' title='bbox 155 3046 199 3084; x_wconf 62' lang='lat' dir='ltr'><strong>nebda</strong></span> <span class='ocrx_word' id='word_1_399' title='bbox 211 3049 236 3082; x_wconf 84' lang='lat' dir='ltr'><strong>ed.</strong></span> <span class='ocrx_word' id='word_1_400' title='bbox 247 3050 303 3083; x_wconf 83' lang='lat' dir='ltr'><strong>Petnu.</strong></span> <span class='ocrx_word' id='word_1_401' title='bbox 482 3043 781 3103; x_wconf 58' lang='lat' dir='ltr'><strong>redrbnuacimsnotompPrtumM.</strong></span> 
     </span>
     <span class='ocr_line' id='line_1_42' title="bbox 103 3089 700 3141; baseline 0 -11"><span class='ocrx_word' id='word_1_402' title='bbox 103 3096 184 3131; x_wconf 65' lang='grc' dir='ltr'><strong>διεῖδε</strong></span> <span class='ocrx_word' id='word_1_403' title='bbox 195 3093 226 3130; x_wconf 85' lang='grc' dir='ltr'><strong>και</strong></span> <span class='ocrx_word' id='word_1_404' title='bbox 240 3092 312 3132; x_wconf 70' lang='lat' dir='ltr'><strong>naat—</strong></span> <span class='ocrx_word' id='word_1_405' title='bbox 320 3092 378 3130; x_wconf 73' lang='grc' dir='ltr'>-καὶ</span> <span class='ocrx_word' id='word_1_406' title='bbox 393 3103 461 3141; x_wconf 71' lang='grc' dir='ltr'><strong>τειευμα</strong></span> <span class='ocrx_word' id='word_1_407' title='bbox 506 3085 700 3140; x_wconf 67' lang='grc' dir='ltr'><strong>διἰιιεεὸςπεροῧν.</strong></span> 
     </span>
    </p>
   </div>
   <div class='ocr_carea' id='block_1_4' title="bbox 0 0 1008 3392">
    <p class='ocr_par' dir='ltr' id='par_1_5' title="bbox 0 0 1008 3392">
     <span class='ocr_line' id='line_1_43' title="bbox 0 0 1008 3392; baseline 0 0"><span class='ocrx_word' id='word_1_408' title='bbox 0 0 1008 3392; x_wconf 95' lang='lat' dir='ltr'><strong> </strong></span> 
     </span>
    </p>
   </div>
  </div>
 </body>
</html>
