1988 3392
160 223 202 266 268
449 232 531 266 τιαατι
543 232 659 266 εειειιιαιι

160 310 273 368 ἒνδημῆσας
281 312 348 357 ἔδωκα
359 311 407 370 ῦμῖν
419 309 456 356 6τά
467 313 571 370 γενέσθαι,
592 312 627 358 διά
636 317 673 359 τοῦ
684 314 757 372 ρἠτοῦ,
771 310 863 359 Ἔδωκεν
873 314 943 369 αὐτοῖς

161 385 253 435 ἐξουσίαν
264 385 324 428 τέκνα
335 388 386 428 θεοῦ
394 384 493 440 γενέσθαι.
524 383 601 442 Διόπερ
611 386 646 429 καῖ
657 384 718 435 αὐτὸς
729 381 776 441 παρ’
787 381 855 435 αῦτοῖς
864 385 944 442 γενάμε·

160 470 195 503 νος
206 452 288 509 μορφῆν
298 453 372 496 δοῦλον
382 454 450 508 ἔλαβε,
465 453 589 510 προσφάτως
598 453 708 512 προσφάτῳ
720 454 889 509 ἐπικοινωνῆσας,
903 460 944 499 τοῖν

161 520 295 577 οἰρχοῑζάντων
306 520 420 575 7μενάντων
428 523 450 565 ἒν
461 521 573 576 ταυτότητι,
588 524 623 564 καί
634 521 662 576 μῆ
673 523 701 571 είς
712 520 806 577 σύγχυσιν
815 522 944 576 μεταβαινόν-

160 607 210 641 των,
230 591 281 631 υῖῦν
296 589 331 642 μὲν
343 586 460 639 άνθραίπων
471 588 505 632 διά
514 594 551 643 τῆς
560 594 643 643 μετοχῆς
655 591 683 640 εἰς
695 588 815 646 ἀφθαρσίαν
827 592 944 644 μεταβαλλο-

161 659 238 712 μένων,
252 654 292 697 ἄλλ’
303 654 341 697 οῦκ
351 658 379 705 είς
388 654 534 710 ῦμοουσιάτητα
545 658 706 710 συνενουμὲνων,
721 658 755 698 καὶ
767 661 804 700 τοῦ
815 655 852 711 τῆν
862 657 945 714 μορφῆν

161 724 235 768 δοῦλον
243 722 340 778 λαβόντος
352 721 386 766 διά
396 729 434 766 τοῦ
445 725 481 778 μὲν
492 724 604 779 Λαβάντος,
619 723 642 768 τά
653 723 773 781 πρόσφατον
781 727 895 779 δηλοῦντος,
910 724 944 769 διά

78 804 151 843 ωροτε.
162 794 183 838 δὲ
192 797 239 849 τοῦ,
256 791 291 837 Ἐν
306 797 374 855 μορφῆ
391 798 443 838 θεοῦ
457 791 593 853 ῦπάρχοντος,
616 795 644 846 είς
655 793 732 853 τροπῆν
747 791 774 851 μῆ
789 794 944 854 παρερχομένου.

165 864 245 910 Τούτων
256 865 277 908 δὲ
291 863 355 916 οῦτως
370 862 445 919 άντων,
465 867 500 909 καὶ
512 866 533 909 ἓν
543 868 606 925 τελείγι
617 864 688 924 γνοίσει
702 864 767 917 οῦτως
778 865 834 924 παρά
844 872 887 918 τοῖς
898 872 945 911 θεο-

161 935 264 985 διδάκτοις
274 939 345 988 σαφῶς
356 933 532 991 ὁμολογουμένων,
548 934 595 979 οῦτε
606 935 639 989 τῦ,
662 935 713 986 Θεάς
723 953 762 989 μου
773 937 808 979 καὶ
820 935 870 987 θεὸς
880 933 945 991 ὑμῶν,

164 1003 232 1056 8οῦτε,
243 1001 266 1045 ‘0
276 1002 341 1059 πατῆρ
352 1021 391 1057 μου
401 1005 435 1046 καὶ
446 1003 511 1062 πατῆρ
524 1002 588 1058 ὑμῶν,
604 1003 645 1048 άπῦ
661 1009 697 1058 τῆς
708 1003 759 1047 κατά
771 1003 793 1048 τῦ
807 1003 889 1061 εῦλογον
903 1006 946 1047 ε’πι-

162 1073 268 1120 κοινωνίας
283 1069 318 1114 διά
333 1076 370 1114 τοῦ
385 1069 494 1125 ὁμωνύμου
507 1075 578 1115 διοίσει
592 1077 628 1127 τῆς
638 1073 766 1127 ἀκραιφνοῦς
776 1071 846 1122 οῦσίας
857 1070 898 1114 άπῦ
911 1077 947 1126 τῆς

162 1138 261 1196 ὑπεροχῆς
272 1143 308 1192 τῆς
317 1140 369 1187 ἰδίας
380 1138 479 1192 ἰδιότητος
489 1138 566 1195 πατρίς
576 1139 628 1196 πράς
637 1139 690 1192 υἱῦν,
701 1140 735 1182 καὶ
743 1142 789 1182 υἱοῦ
800 1138 851 1196 πράς
861 1140 946 1196 πατέρα,

162 1208 197 1250 καὶ
212 1205 270 1263 άγίου
285 1205 399 1260 πνεύματος
414 1205 514 1257 οίςαῦτως.

221 1485 298 1539 Κεφάλ.
307 1486 387 1529 Ἀετίου
398 1484 429 1539 ιη’.
445 1487 474 1527 Εἰ
482 1483 494 1540 ῆ
502 1486 610 1542 ἄγὲννητος
621 1484 680 1529 οῦσία
690 1488 783 1542 κρείττων
793 1486 835 1528 ἐστὶ
845 1487 946 1542 γενέσεως,

163 1556 246 1597 οῖκοθεν
256 1555 329 1608 λε’χοοσα
339 1552 361 1596 τά
372 1559 466 1608 κρεῖττον,
483 1551 591 1595 αῦτοουσία
602 1554 655 1595 ἐστίν
665 1548 778 1609 άγὲννητος.
811 1551 841 1595 Οά
850 1551 888 1609 γάρ
898 1557 947 1608 βου-

162 1620 245 1674 λόμενος
256 1620 387 1675 ὅτιβούλεται
398 1619 490 1675 γενέσεώς
499 1622 541 1663 ἔστι
551 1622 652 1676 κρείττων,
667 1619 708 1663 ἀλλ’
720 1619 751 1663 ὅτι
762 1621 859 1674 πέφυκεν.
888 1620 946 1664 Αῦτά

163 1684 200 1732 οῦν
218 1687 335 1744 ὑπάρχουσα
352 1688 411 1731 οῦσία
426 1686 532 1744 οίγέννητος
547 1685 618 1738 άθεῦς
631 1686 697 1731 οῦδενῖ
713 1687 765 1747 λόγῳ
784 1690 884 1746 ἐπιτρέπει
899 1686 947 1732 καθ’

163 1758 235 1813 ἑαυτῆς
247 1758 323 1814 γένεσιν
335 1758 452 1813 ἐπινοῆσαι,
472 1754 558 1801 οίθοῦσα
574 1758 673 1816 φέρεσθαι
684 1755 735 1802 κατά
748 1762 788 1803 τοῖν
798 1762 897 1817 γεννητῶν
907 1762 947 1803 πῦ-

164 1843 202 1872 σαν
214 1829 301 1882 ἒξὲτασιν
315 1829 351 1872 καὶ
365 1826 431 1872 πάντα
445 1825 545 1885 λογισμόν.

218 1967 295 2025 Ἀνατρ
315 1973 362 2017 Τοῖς
370 1965 438 2017 αὐτοῖς
450 1965 504 2021 ῆμῦς
517 1971 612 2022 σκαλμοῖς
625 1968 740 2023 περιέβαλεν
752 1966 838 2019 Ἀίτιος,
854 1973 947 2012 ταυτολο-

161 2042 204 2093 γεῖν
214 2035 275 2090 ῆμοῖς,
291 2034 319 2084 οῖς
332 2037 393 2090 ἔφην,
408 2037 442 2078 καῖ
455 2033 550 2084 πολλάκις
560 2036 718 2090 παρασκευάζων
728 2035 761 2078 διά
773 2034 810 2090 τῆν
823 2037 843 2087 ἐξ
855 2034 947 2093 άπαργῆς

162 2103 207 2158 άχρι
216 2104 283 2153 τέλους
294 2103 359 2145 αὐτοῦ
369 2104 415 2158 περὶ
427 2107 467 2145 τῶν
478 2102 545 2144 αὐτοῖν
556 2104 689 2158 ταυτολογίαν.
713 2103 744 2146 Οῦ
751 2103 790 2159 γάρ
799 2120 848 2146 ποτε
858 2101 874 2157 ῆ
882 2106 948 2153 πίστις

161 2170 175 2226 ῆ
186 2172 250 2214 πάντα
266 2169 337 2214 πιστῦν
353 2168 444 2221 σώζουσα
457 2171 480 2212 ἒκ
493 2174 640 2225 συλλογιστικῆς
651 2167 749 2220 ῦπονοίας
761 2169 878 2226 άνθράπων
891 2171 946 2214 συνέ·

162 2254 243 2295 στηκεν·
256 2237 325 2294 ἕπειδῆ
336 2237 373 2296 γάρ
382 2239 496 2293 ἐπισφαλεῖς
506 2238 556 2280 εἰσιν
565 2239 588 2280 αί
596 2242 636 2281 τοῖν
645 2237 764 2296 άνθροίπων
774 2237 868 2294 διάνοιαι,
879 2240 914 2283 καὶ
923 2237 948 2284 οῦ

120 2335 121 2338 =
163 2309 274 2367 δυνάμεναι
289 2307 340 2367 πρῦς
352 2307 374 2353 τῦ
386 2306 468 2367 άπειρον
477 2313 513 2365 τῆς
523 2312 560 2352 τοῦ
571 2313 622 2352 θεοῦ
638 2306 708 2361 οίισίας
721 2310 875 2355 ἕπεκτείνεσθαι.
906 2311 947 2354 Καὶ

164 2379 202 2438 γάρ
214 2380 236 2424 τῦ
247 2385 288 2423 πᾶν
297 2385 333 2435 τῆς
345 2382 442 2436 σωτηρίας
454 2377 512 2434 ῆμῦν
524 2383 614 2437 Χριστοῦ
630 2378 712 2431 ζωτικὸν
722 2379 832 2438 μυστῆριον
843 2379 948 2432 Ἰουδαίοις

165 2451 200 2504 μὲν
212 2448 335 2503 σκάνδαλον,
345 2449 428 2505 Ἕλλησι
439 2449 461 2492 δὲ
471 2451 549 2506 μωρία,
570 2447 619 2503 ῆμῖν
630 2449 650 2492 δὲ
662 2455 704 2500 τοῖς
716 2454 797 2505 κλητοῖς
808 2448 916 2502 Ἰουδαίοις
926 2467 947 2494 τε

163 2520 197 2561 καί
204 2518 286 2572 Ἕλλησι
299 2518 385 2575 Χριστός
397 2523 449 2561 θεοῦ
460 2517 588 2571 δύναμιςκαὶ
598 2522 649 2559 θεοῦ
659 2521 730 2571 σοφία·
752 2517 783 2561 ὅτι
796 2516 819 2560 τά
832 2517 901 2574 μωρόν
911 2523 947 2562 τοῦ

163 2591 215 2628 θεοῦ
226 2586 343 2641 σοφάτερον
352 2591 391 2629 τῶν
401 2584 519 2639 ἀνθρώπων
531 2585 583 2636 ἐστὶ,
604 2585 638 2626 καί
649 2583 672 2626 τά
684 2584 767 2635 άσθενὲς
780 2590 817 2627 τοῦ
829 2590 881 2629 θεοῦ
893 2588 947 2640 ίσχυ-

164 2652 245 2709 ρότερον
255 2659 295 2695 τῶν
307 2653 423 2710 ἀνθρώπων
435 2655 480 2695 ἐστί.
512 2655 561 2701 Παῖς
573 2646 610 2693 οῦν
619 2652 657 2695 οῦκ
666 2650 692 2695 άν
701 2669 730 2703 τις
741 2652 776 2695 τάν
785 2651 860 2695 Ἀέτιον
871 2654 893 2696 ἒν
905 2659 948 2703 τοῖς

162 2720 267 2770 Ἰουδαίοις
279 2723 314 2776 μὲν
326 2721 359 2764 διά
371 2720 393 2764 τῦ
405 2722 518 2764 σκάνδαλον
529 2724 569 2762 τοῖν
581 2719 644 2763 αὐτοῦ
655 2726 788 2777 συλλογισμων
801 2720 946 2776 καταστήσειεν,

158 2790 245 2849 Ἕλληνα
258 2791 280 2835 δὲ
290 2789 323 2836 διά
334 2790 356 2836 τά
369 2792 391 2837 ἐκ
402 2796 437 2848 τῆς
450 2792 501 2842 ἰδίας
514 2790 646 2846 ε’θελοσοφίας
661 2793 738 2850 μωρίαν
752 2788 846 2849 ῆγεῖσθαι
863 2789 899 2848 τῆν
912 2795 948 2837 τοῦ

163 2870 215 2908 θεοῦ
231 2861 341 2919 άλῆθειαν,
371 2865 413 2907 Καὶ
430 2861 468 2921 γάρ
488 2859 516 2912 εἷς
531 2862 565 2904 καὶ
580 2865 674 2920 κρείττων
689 2862 755 2917 πάσης
770 2865 851 2914 κτίσεως
867 2864 902 2907 καὶ
912 2866 947 2918 δη-

187 2958 203 2993 6.
214 2957 382 3001 ,,Ι)ετεικοινωιοῦς,
392 2965 421 2991 aut
427 2956 482 2992 simile
492 2955 545 3002 ιμιίιλιι
568 2968 618 3002 quam
629 2969 661 3002 ego
672 2968 730 2992 amore
739 2957 826 2990 hominum
834 2957 893 2991 ductus
903 2955 948 3002 apud

164 3007 246 3038 annotavit
256 3006 336 3039 petavius.
359 3006 437 3046 Equidem
450 3005 490 3036 nihil
503 3005 545 3036 εκεῖ-
568 3014 598 3036 vos
608 3015 687 3047 praesens
698 3002 737 3036 dedi
747 3003 795 3037 vobis
808 3010 826 3037 ut
835 3003 903 3044 fieretis,
916 3015 948 3037 ve-

165 3053 206 3083 disse
215 3055 264 3092 puto,
281 3052 309 3083 sed
320 3052 437 3083 rescribendum
448 3046 488 3092 ὑμῖν
501 3048 547 3087 ἔντος
568 3049 595 3081 λιιι
606 3049 670 3082 dictum
682 3055 708 3082 est
718 3052 752 3083 οιιί.

165 3095 249 3141 γενέσθαι.
281 3097 368 3129 Οοιπαείιιτ
381 3098 427 3128 vertit
442 3094 546 3135 societatem,
