<?xml version="1.0" encoding="UTF-8"?>
<!DOCTYPE html PUBLIC "-//W3C//DTD XHTML 1.0 Transitional//EN"
    "http://www.w3.org/TR/xhtml1/DTD/xhtml1-transitional.dtd">
<html xmlns="http://www.w3.org/1999/xhtml" xml:lang="en" lang="en">
 <head>
  <title>
</title>
<meta http-equiv="Content-Type" content="text/html;charset=utf-8" />
  <meta name='ocr-system' content='tesseract 3.04.00' />
  <meta name='ocr-capabilities' content='ocr_page ocr_carea ocr_par ocr_line ocrx_word'/>
</head>
<body>
  <div class='ocr_page' id='page_1' title='image "./MN41650ucmf_1/MN41650ucmf_1_0481.png"; bbox 0 0 1988 3392; ppageno 0'>
   <div class='ocr_carea' id='block_1_1' title="bbox 239 230 853 282">
    <p class='ocr_par' dir='ltr' id='par_1_1' title="bbox 239 230 853 282">
     <span class='ocr_line' id='line_1_1' title="bbox 239 230 853 282; baseline -0.008 0"><span class='ocrx_word' id='word_1_1' title='bbox 239 247 332 282; x_wconf 81' lang='lat' dir='ltr'>enmann</span> <span class='ocrx_word' id='word_1_2' title='bbox 343 248 385 281; x_wconf 82' lang='lat' dir='ltr'>nra.</span> <span class='ocrx_word' id='word_1_3' title='bbox 394 250 424 282; x_wconf 89' lang='grc' dir='ltr'>ιιι.</span> <span class='ocrx_word' id='word_1_4' title='bbox 435 249 490 282; x_wconf 87' lang='lat' dir='ltr'>rom.</span> <span class='ocrx_word' id='word_1_5' title='bbox 498 249 518 281; x_wconf 92' lang='grc' dir='ltr'>ιι.</span> <span class='ocrx_word' id='word_1_6' title='bbox 531 247 598 281; x_wconf 82' lang='lat' dir='ltr'>nana.</span> <span class='ocrx_word' id='word_1_7' title='bbox 607 245 690 280; x_wconf 77' lang='lat' dir='ltr'>cxxix.</span> <span class='ocrx_word' id='word_1_8' title='bbox 811 230 853 272; x_wconf 76' lang='grc'>459</span> 
     </span>
    </p>
   </div>
   <div class='ocr_carea' id='block_1_2' title="bbox 8 322 963 2919">
    <p class='ocr_par' dir='ltr' id='par_1_2' title="bbox 8 322 963 2919">
     <span class='ocr_line' id='line_1_2' title="bbox 72 322 854 385; baseline -0.013 -11"><span class='ocrx_word' id='word_1_9' title='bbox 72 328 129 374; x_wconf 89' lang='lat' dir='ltr'>buius</span> <span class='ocrx_word' id='word_1_10' title='bbox 142 328 233 385; x_wconf 79' lang='lat' dir='ltr'><strong>promissi</strong></span> <span class='ocrx_word' id='word_1_11' title='bbox 246 329 283 370; x_wconf 83' lang='lat' dir='ltr'>lide</span> <span class='ocrx_word' id='word_1_12' title='bbox 295 328 448 381; x_wconf 76' lang='lat' dir='ltr'>corroboraret,</span> <span class='ocrx_word' id='word_1_13' title='bbox 469 330 520 385; x_wconf 91' lang='lat' dir='ltr'>qnod</span> <span class='ocrx_word' id='word_1_14' title='bbox 532 329 595 385; x_wconf 89' lang='lat' dir='ltr'>ipsum</span> <span class='ocrx_word' id='word_1_15' title='bbox 609 335 675 369; x_wconf 89' lang='lat' dir='ltr'>tamen</span> <span class='ocrx_word' id='word_1_16' title='bbox 691 325 753 368; x_wconf 83' lang='lat' dir='ltr'>fraudi</span> <span class='ocrx_word' id='word_1_17' title='bbox 769 322 854 366; x_wconf 90' lang='lat' dir='ltr'>nonnul-</span> 
     </span>
     <span class='ocr_line' id='line_1_3' title="bbox 68 393 852 454; baseline -0.01 -13"><span class='ocrx_word' id='word_1_18' title='bbox 68 401 93 444; x_wconf 88' lang='lat' dir='ltr'>lis</span> <span class='ocrx_word' id='word_1_19' title='bbox 104 398 148 440; x_wconf 84' lang='lat' dir='ltr'>tuit.</span> <span class='ocrx_word' id='word_1_20' title='bbox 180 397 242 453; x_wconf 79' lang='lat' dir='ltr'>Atqui</span> <span class='ocrx_word' id='word_1_21' title='bbox 255 398 298 440; x_wconf 88' lang='lat' dir='ltr'>fieri</span> <span class='ocrx_word' id='word_1_22' title='bbox 310 412 349 439; x_wconf 88' lang='lat' dir='ltr'>non</span> <span class='ocrx_word' id='word_1_23' title='bbox 361 404 426 453; x_wconf 89' lang='lat' dir='ltr'>potest</span> <span class='ocrx_word' id='word_1_24' title='bbox 441 405 462 439; x_wconf 91' lang='lat' dir='ltr'>ut</span> <span class='ocrx_word' id='word_1_25' title='bbox 472 398 504 453; x_wconf 88' lang='lat' dir='ltr'>qni</span> <span class='ocrx_word' id='word_1_26' title='bbox 515 406 594 454; x_wconf 88' lang='lat' dir='ltr'>praeter</span> <span class='ocrx_word' id='word_1_27' title='bbox 610 409 734 439; x_wconf 88' lang='lat' dir='ltr'>communem</span> <span class='ocrx_word' id='word_1_28' title='bbox 752 393 852 435; x_wconf 90' lang='lat' dir='ltr'>bominum</span> 
     </span>
     <span class='ocr_line' id='line_1_4' title="bbox 69 464 852 516; baseline -0.011 -4"><span class='ocrx_word' id='word_1_29' title='bbox 69 474 159 512; x_wconf 88' lang='lat' dir='ltr'>naturam</span> <span class='ocrx_word' id='word_1_30' title='bbox 174 474 269 509; x_wconf 87' lang='lat' dir='ltr'>nascatur</span> <span class='ocrx_word' id='word_1_31' title='bbox 280 467 300 508; x_wconf 93' lang='lat' dir='ltr'>in</span> <span class='ocrx_word' id='word_1_32' title='bbox 315 466 384 508; x_wconf 88' lang='lat' dir='ltr'>terris.</span> <span class='ocrx_word' id='word_1_33' title='bbox 415 464 455 508; x_wconf 89' lang='lat' dir='ltr'>Uni</span> <span class='ocrx_word' id='word_1_34' title='bbox 468 467 506 508; x_wconf 90' lang='lat' dir='ltr'>boc</span> <span class='ocrx_word' id='word_1_35' title='bbox 519 467 650 508; x_wconf 87' lang='lat' dir='ltr'>conveniebat</span> <span class='ocrx_word' id='word_1_36' title='bbox 666 464 707 516; x_wconf 69' lang='lat' dir='ltr'>itti,</span> <span class='ocrx_word' id='word_1_37' title='bbox 729 464 762 505; x_wconf 91' lang='lat' dir='ltr'>uni</span> <span class='ocrx_word' id='word_1_38' title='bbox 780 471 852 505; x_wconf 87' lang='lat' dir='ltr'>natura</span> 
     </span>
     <span class='ocr_line' id='line_1_5' title="bbox 69 531 851 592; baseline -0.009 -13"><span class='ocrx_word' id='word_1_39' title='bbox 69 535 137 579; x_wconf 79' lang='lat' dir='ltr'><strong>cessit.</strong></span> <span class='ocrx_word' id='word_1_40' title='bbox 168 534 218 586; x_wconf 86' lang='lat' dir='ltr'>llic,</span> <span class='ocrx_word' id='word_1_41' title='bbox 234 536 326 592; x_wconf 88' lang='lat' dir='ltr'>inquam,</span> <span class='ocrx_word' id='word_1_42' title='bbox 342 535 396 577; x_wconf 87' lang='lat' dir='ltr'>velut</span> <span class='ocrx_word' id='word_1_43' title='bbox 407 534 482 576; x_wconf 83' lang='lat' dir='ltr'>artilex</span> <span class='ocrx_word' id='word_1_44' title='bbox 492 549 516 576; x_wconf 91' lang='lat' dir='ltr'>ac</span> <span class='ocrx_word' id='word_1_45' title='bbox 528 536 629 587; x_wconf 87' lang='lat' dir='ltr'>dominus,</span> <span class='ocrx_word' id='word_1_46' title='bbox 645 533 774 590; x_wconf 87' lang='lat' dir='ltr'>semetipsum</span> <span class='ocrx_word' id='word_1_47' title='bbox 787 546 798 573; x_wconf 92' lang='lat' dir='ltr'>e</span> <span class='ocrx_word' id='word_1_48' title='bbox 811 531 851 572; x_wconf 87' lang='lat' dir='ltr'>rir-</span> 
     </span>
     <span class='ocr_line' id='line_1_6' title="bbox 69 600 851 662; baseline -0.008 -16"><span class='ocrx_word' id='word_1_49' title='bbox 69 606 115 662; x_wconf 80' lang='lat' dir='ltr'>gine</span> <span class='ocrx_word' id='word_1_50' title='bbox 134 611 226 660; x_wconf 86' lang='lat' dir='ltr'>tanquam</span> <span class='ocrx_word' id='word_1_51' title='bbox 239 619 250 645; x_wconf 91' lang='lat' dir='ltr'>e</span> <span class='ocrx_word' id='word_1_52' title='bbox 264 602 320 646; x_wconf 82' lang='lat' dir='ltr'>terra</span> <span class='ocrx_word' id='word_1_53' title='bbox 339 604 443 656; x_wconf 84' lang='lat' dir='ltr'>formavit,</span> <span class='ocrx_word' id='word_1_54' title='bbox 465 605 513 646; x_wconf 89' lang='lat' dir='ltr'>dens</span> <span class='ocrx_word' id='word_1_55' title='bbox 524 618 535 644; x_wconf 89' lang='lat' dir='ltr'>e</span> <span class='ocrx_word' id='word_1_56' title='bbox 546 604 602 645; x_wconf 91' lang='lat' dir='ltr'>coelo</span> <span class='ocrx_word' id='word_1_57' title='bbox 616 604 752 653; x_wconf 88' lang='lat' dir='ltr'>descendens,</span> <span class='ocrx_word' id='word_1_58' title='bbox 768 600 851 642; x_wconf 86' lang='lat' dir='ltr'>verbum</span> 
     </span>
     <span class='ocr_line' id='line_1_7' title="bbox 70 668 852 730; baseline -0.009 -14"><span class='ocrx_word' id='word_1_59' title='bbox 70 673 148 730; x_wconf 79' lang='lat' dir='ltr'>virgine</span> <span class='ocrx_word' id='word_1_60' title='bbox 158 679 271 729; x_wconf 87' lang='lat' dir='ltr'>susceptum</span> <span class='ocrx_word' id='word_1_61' title='bbox 285 688 356 729; x_wconf 89' lang='lat' dir='ltr'>corpus</span> <span class='ocrx_word' id='word_1_62' title='bbox 367 672 464 725; x_wconf 87' lang='lat' dir='ltr'>induens,</span> <span class='ocrx_word' id='word_1_63' title='bbox 486 687 525 714; x_wconf 89' lang='lat' dir='ltr'>uon</span> <span class='ocrx_word' id='word_1_64' title='bbox 540 673 585 714; x_wconf 90' lang='lat' dir='ltr'>idco</span> <span class='ocrx_word' id='word_1_65' title='bbox 597 680 663 714; x_wconf 90' lang='lat' dir='ltr'>tamen</span> <span class='ocrx_word' id='word_1_66' title='bbox 675 679 697 714; x_wconf 91' lang='lat' dir='ltr'>ut</span> <span class='ocrx_word' id='word_1_67' title='bbox 708 672 756 713; x_wconf 84' lang='lat' dir='ltr'>baec</span> <span class='ocrx_word' id='word_1_68' title='bbox 773 668 852 711; x_wconf 88' lang='lat' dir='ltr'>adorari</span> 
     </span>
     <span class='ocr_line' id='line_1_8' title="bbox 69 739 851 796; baseline -0.009 -11"><span class='ocrx_word' id='word_1_69' title='bbox 69 742 152 794; x_wconf 86' lang='lat' dir='ltr'>debeat,</span> <span class='ocrx_word' id='word_1_70' title='bbox 173 748 208 783; x_wconf 86' lang='lat' dir='ltr'>aut</span> <span class='ocrx_word' id='word_1_71' title='bbox 218 749 239 782; x_wconf 91' lang='lat' dir='ltr'>nt</span> <span class='ocrx_word' id='word_1_72' title='bbox 250 755 294 783; x_wconf 93' lang='lat' dir='ltr'>eam</span> <span class='ocrx_word' id='word_1_73' title='bbox 310 742 397 784; x_wconf 85' lang='lat' dir='ltr'>divinam</span> <span class='ocrx_word' id='word_1_74' title='bbox 409 742 433 782; x_wconf 85' lang='lat' dir='ltr'>ad</span> <span class='ocrx_word' id='word_1_75' title='bbox 447 749 536 783; x_wconf 89' lang='lat' dir='ltr'>naturam</span> <span class='ocrx_word' id='word_1_76' title='bbox 549 742 721 796; x_wconf 73' lang='lat' dir='ltr'>conditionemque</span> <span class='ocrx_word' id='word_1_77' title='bbox 735 739 851 789; x_wconf 84' lang='lat' dir='ltr'>transferat,</span> 
     </span>
     <span class='ocr_line' id='line_1_9' title="bbox 69 806 852 867; baseline -0.009 -13"><span class='ocrx_word' id='word_1_78' title='bbox 69 824 133 867; x_wconf 89' lang='lat' dir='ltr'>neque</span> <span class='ocrx_word' id='word_1_79' title='bbox 145 817 166 852; x_wconf 93' lang='lat' dir='ltr'>ut</span> <span class='ocrx_word' id='word_1_80' title='bbox 177 810 295 851; x_wconf 84' lang='lat' dir='ltr'>sacrificium</span> <span class='ocrx_word' id='word_1_81' title='bbox 306 810 359 852; x_wconf 89' lang='lat' dir='ltr'>illins</span> <span class='ocrx_word' id='word_1_82' title='bbox 369 811 389 851; x_wconf 98' lang='lat' dir='ltr'>in</span> <span class='ocrx_word' id='word_1_83' title='bbox 400 824 472 852; x_wconf 88' lang='lat' dir='ltr'>nonrcn</span> <span class='ocrx_word' id='word_1_84' title='bbox 483 811 587 861; x_wconf 82' lang='lat' dir='ltr'>offeratur,</span> <span class='ocrx_word' id='word_1_85' title='bbox 604 824 669 865; x_wconf 88' lang='lat' dir='ltr'>neque</span> <span class='ocrx_word' id='word_1_86' title='bbox 679 817 734 850; x_wconf 88' lang='lat' dir='ltr'>tanto</span> <span class='ocrx_word' id='word_1_87' title='bbox 746 806 852 850; x_wconf 80' lang='lat' dir='ltr'>intervallo</span> 
     </span>
     <span class='ocr_line' id='line_1_10' title="bbox 69 876 852 933; baseline -0.004 -12"><span class='ocrx_word' id='word_1_88' title='bbox 69 879 162 923; x_wconf 86' lang='lat' dir='ltr'>mulieres</span> <span class='ocrx_word' id='word_1_89' title='bbox 180 879 295 921; x_wconf 73' lang='lat' dir='ltr'>sacerdotes</span> <span class='ocrx_word' id='word_1_90' title='bbox 312 878 449 920; x_wconf 76' lang='lat' dir='ltr'>instituantur.</span> <span class='ocrx_word' id='word_1_91' title='bbox 480 878 525 920; x_wconf 87' lang='lat' dir='ltr'>Hoc</span> <span class='ocrx_word' id='word_1_92' title='bbox 542 893 566 919; x_wconf 93' lang='lat' dir='ltr'>ne</span> <span class='ocrx_word' id='word_1_93' title='bbox 580 879 601 919; x_wconf 93' lang='lat' dir='ltr'>in</span> <span class='ocrx_word' id='word_1_94' title='bbox 615 876 696 920; x_wconf 89' lang='lat' dir='ltr'>Salome</span> <span class='ocrx_word' id='word_1_95' title='bbox 713 877 791 933; x_wconf 89' lang='lat' dir='ltr'>quidem</span> <span class='ocrx_word' id='word_1_96' title='bbox 808 877 852 918; x_wconf 85' lang='lat' dir='ltr'>lieri</span> 
     </span>
     <span class='ocr_line' id='line_1_11' title="bbox 69 940 852 1002; baseline -0.005 -12"><span class='ocrx_word' id='word_1_97' title='bbox 69 948 132 991; x_wconf 85' lang='lat' dir='ltr'>voluit</span> <span class='ocrx_word' id='word_1_98' title='bbox 147 948 209 998; x_wconf 89' lang='lat' dir='ltr'>deus,</span> <span class='ocrx_word' id='word_1_99' title='bbox 233 962 270 989; x_wconf 91' lang='lat' dir='ltr'>nec</span> <span class='ocrx_word' id='word_1_100' title='bbox 286 947 306 989; x_wconf 93' lang='lat' dir='ltr'>iu</span> <span class='ocrx_word' id='word_1_101' title='bbox 322 946 396 989; x_wconf 88' lang='lat' dir='ltr'>Maria.</span> <span class='ocrx_word' id='word_1_102' title='bbox 432 940 479 989; x_wconf 88' lang='lat' dir='ltr'>Non</span> <span class='ocrx_word' id='word_1_103' title='bbox 497 947 516 988; x_wconf 89' lang='lat' dir='ltr'>ei</span> <span class='ocrx_word' id='word_1_104' title='bbox 532 946 644 1002; x_wconf 87' lang='lat' dir='ltr'>baptizandi</span> <span class='ocrx_word' id='word_1_105' title='bbox 663 953 780 1002; x_wconf 88' lang='lat' dir='ltr'>potestatem</span> <span class='ocrx_word' id='word_1_106' title='bbox 797 945 852 996; x_wconf 86' lang='lat' dir='ltr'>lecit,</span> 
     </span>
     <span class='ocr_line' id='line_1_12' title="bbox 70 1013 852 1072; baseline -0.006 -14"><span class='ocrx_word' id='word_1_107' title='bbox 70 1032 108 1059; x_wconf 91' lang='lat' dir='ltr'>uon</span> <span class='ocrx_word' id='word_1_108' title='bbox 121 1016 222 1072; x_wconf 80' lang='lat' dir='ltr'>discipulis</span> <span class='ocrx_word' id='word_1_109' title='bbox 233 1016 365 1068; x_wconf 86' lang='lat' dir='ltr'>benedicere,</span> <span class='ocrx_word' id='word_1_110' title='bbox 382 1031 421 1057; x_wconf 92' lang='lat' dir='ltr'>non</span> <span class='ocrx_word' id='word_1_111' title='bbox 432 1016 451 1057; x_wconf 91' lang='lat' dir='ltr'>in</span> <span class='ocrx_word' id='word_1_112' title='bbox 462 1015 522 1057; x_wconf 84' lang='lat' dir='ltr'>terris</span> <span class='ocrx_word' id='word_1_113' title='bbox 533 1029 628 1071; x_wconf 83' lang='lat' dir='ltr'>praeesse</span> <span class='ocrx_word' id='word_1_114' title='bbox 639 1014 750 1065; x_wconf 85' lang='lat' dir='ltr'>mandavit,</span> <span class='ocrx_word' id='word_1_115' title='bbox 767 1014 802 1054; x_wconf 85' lang='lat' dir='ltr'>sed</span> <span class='ocrx_word' id='word_1_116' title='bbox 814 1013 852 1054; x_wconf 88' lang='lat' dir='ltr'>boc</span> 
     </span>
     <span class='ocr_line' id='line_1_13' title="bbox 70 1082 854 1140; baseline -0.006 -13"><span class='ocrx_word' id='word_1_117' title='bbox 70 1100 129 1128; x_wconf 90' lang='lat' dir='ltr'>unum</span> <span class='ocrx_word' id='word_1_118' title='bbox 145 1085 209 1126; x_wconf 88' lang='lat' dir='ltr'>voluit</span> <span class='ocrx_word' id='word_1_119' title='bbox 224 1091 245 1125; x_wconf 91' lang='lat' dir='ltr'>ut</span> <span class='ocrx_word' id='word_1_120' title='bbox 255 1092 345 1126; x_wconf 89' lang='lat' dir='ltr'>sanctum</span> <span class='ocrx_word' id='word_1_121' title='bbox 359 1085 404 1140; x_wconf 89' lang='lat' dir='ltr'>qnid</span> <span class='ocrx_word' id='word_1_122' title='bbox 416 1091 437 1125; x_wconf 89' lang='lat' dir='ltr'>et</span> <span class='ocrx_word' id='word_1_123' title='bbox 448 1091 586 1126; x_wconf 88' lang='lat' dir='ltr'>consecratum</span> <span class='ocrx_word' id='word_1_124' title='bbox 599 1090 665 1133; x_wconf 88' lang='lat' dir='ltr'>esset,</span> <span class='ocrx_word' id='word_1_125' title='bbox 688 1097 711 1124; x_wconf 93' lang='lat' dir='ltr'>ac</span> <span class='ocrx_word' id='word_1_126' title='bbox 722 1082 810 1123; x_wconf 90' lang='lat' dir='ltr'>coeleste</span> <span class='ocrx_word' id='word_1_127' title='bbox 821 1096 854 1123; x_wconf 91' lang='lat' dir='ltr'>re-</span> 
     </span>
     <span class='ocr_line' id='line_1_14' title="bbox 69 1151 854 1210; baseline -0.005 -15"><span class='ocrx_word' id='word_1_128' title='bbox 69 1168 128 1210; x_wconf 82' lang='lat' dir='ltr'>gnum</span> <span class='ocrx_word' id='word_1_129' title='bbox 142 1153 294 1210; x_wconf 82' lang='lat' dir='ltr'>adipisceretur.</span> <span class='ocrx_word' id='word_1_130' title='bbox 326 1151 367 1196; x_wconf 90' lang='lat' dir='ltr'>Sed</span> <span class='ocrx_word' id='word_1_131' title='bbox 384 1152 460 1194; x_wconf 90' lang='lat' dir='ltr'>necilli</span> <span class='ocrx_word' id='word_1_132' title='bbox 476 1166 526 1208; x_wconf 90' lang='lat' dir='ltr'>qnae</span> <span class='ocrx_word' id='word_1_133' title='bbox 540 1151 586 1193; x_wconf 86' lang='lat' dir='ltr'>Rufi</span> <span class='ocrx_word' id='word_1_134' title='bbox 603 1159 666 1193; x_wconf 90' lang='lat' dir='ltr'>mater</span> <span class='ocrx_word' id='word_1_135' title='bbox 681 1151 791 1207; x_wconf 86' lang='lat' dir='ltr'>appellatur</span> <span class='ocrx_word' id='word_1_136' title='bbox 809 1164 854 1192; x_wconf 91' lang='lat' dir='ltr'>eum</span> 
     </span>
     <span class='ocr_line' id='line_1_15' title="bbox 72 1220 958 1278; baseline -0.006 -14"><span class='ocrx_word' id='word_1_137' title='bbox 72 1221 154 1264; x_wconf 82' lang='lat' dir='ltr'>lionoris</span> <span class='ocrx_word' id='word_1_138' title='bbox 164 1222 246 1278; x_wconf 82' lang='lat' dir='ltr'>gradum</span> <span class='ocrx_word' id='word_1_139' title='bbox 259 1222 340 1275; x_wconf 83' lang='lat' dir='ltr'>detulit,</span> <span class='ocrx_word' id='word_1_140' title='bbox 364 1235 427 1277; x_wconf 90' lang='lat' dir='ltr'>neque</span> <span class='ocrx_word' id='word_1_141' title='bbox 442 1220 558 1262; x_wconf 90' lang='lat' dir='ltr'>mulieribus</span> <span class='ocrx_word' id='word_1_142' title='bbox 571 1220 627 1272; x_wconf 81' lang='lat' dir='ltr'>aliis,</span> <span class='ocrx_word' id='word_1_143' title='bbox 649 1235 716 1274; x_wconf 78' lang='lat' dir='ltr'>parcae</span> <span class='ocrx_word' id='word_1_144' title='bbox 728 1222 814 1260; x_wconf 79' lang='lat' dir='ltr'>Galilaea</span> <span class='ocrx_word' id='word_1_145' title='bbox 824 1224 895 1259; x_wconf 72' lang='lat' dir='ltr'>se-buc·</span> <span class='ocrx_word' id='word_1_146' title='bbox 904 1224 927 1260; x_wconf 61' lang='grc' dir='ltr'>Ἠ,</span> <span class='ocrx_word' id='word_1_147' title='bbox 935 1223 958 1252; x_wconf 78' lang='lat'>5⁵·</span> 
     </span>
     <span class='ocr_line' id='line_1_16' title="bbox 70 1287 854 1346; baseline -0.004 -14"><span class='ocrx_word' id='word_1_148' title='bbox 70 1299 125 1332; x_wconf 80' lang='lat' dir='ltr'>cetae</span> <span class='ocrx_word' id='word_1_149' title='bbox 138 1292 228 1345; x_wconf 76' lang='lat' dir='ltr'>socrant,</span> <span class='ocrx_word' id='word_1_150' title='bbox 250 1305 313 1346; x_wconf 90' lang='lat' dir='ltr'>neque</span> <span class='ocrx_word' id='word_1_151' title='bbox 327 1289 421 1332; x_wconf 84' lang='lat' dir='ltr'>Marthae</span> <span class='ocrx_word' id='word_1_152' title='bbox 439 1288 513 1331; x_wconf 87' lang='lat' dir='ltr'>Lazari</span> <span class='ocrx_word' id='word_1_153' title='bbox 530 1304 553 1330; x_wconf 91' lang='lat' dir='ltr'>ac</span> <span class='ocrx_word' id='word_1_154' title='bbox 567 1287 646 1330; x_wconf 88' lang='lat' dir='ltr'>Mariae</span> <span class='ocrx_word' id='word_1_155' title='bbox 663 1288 741 1340; x_wconf 85' lang='lat' dir='ltr'>sorori,</span> <span class='ocrx_word' id='word_1_156' title='bbox 764 1303 803 1329; x_wconf 94' lang='lat' dir='ltr'>non</span> <span class='ocrx_word' id='word_1_157' title='bbox 821 1288 854 1329; x_wconf 94' lang='lat' dir='ltr'>ulli</span> 
     </span>
     <span class='ocr_line' id='line_1_17' title="bbox 70 1358 855 1415; baseline -0.005 -14"><span class='ocrx_word' id='word_1_158' title='bbox 70 1359 154 1415; x_wconf 88' lang='lat' dir='ltr'>denique</span> <span class='ocrx_word' id='word_1_159' title='bbox 164 1367 286 1411; x_wconf 89' lang='lat' dir='ltr'>sanctarum,</span> <span class='ocrx_word' id='word_1_160' title='bbox 303 1373 353 1415; x_wconf 91' lang='lat' dir='ltr'>quae</span> <span class='ocrx_word' id='word_1_161' title='bbox 362 1359 446 1409; x_wconf 87' lang='lat' dir='ltr'>salutem</span> <span class='ocrx_word' id='word_1_162' title='bbox 455 1358 508 1400; x_wconf 89' lang='lat' dir='ltr'>illius</span> <span class='ocrx_word' id='word_1_163' title='bbox 518 1359 605 1399; x_wconf 89' lang='lat' dir='ltr'>adventu</span> <span class='ocrx_word' id='word_1_164' title='bbox 617 1364 776 1413; x_wconf 82' lang='lat' dir='ltr'>promeruerunt,</span> <span class='ocrx_word' id='word_1_165' title='bbox 794 1371 855 1413; x_wconf 82' lang='lat' dir='ltr'>qnae-</span> 
     </span>
     <span class='ocr_line' id='line_1_18' title="bbox 70 1424 934 1494; baseline -0.003 -25"><span class='ocrx_word' id='word_1_166' title='bbox 70 1441 108 1483; x_wconf 90' lang='lat' dir='ltr'>qne</span> <span class='ocrx_word' id='word_1_167' title='bbox 119 1427 157 1483; x_wconf 89' lang='lat' dir='ltr'>ipsi</span> <span class='ocrx_word' id='word_1_168' title='bbox 171 1428 195 1469; x_wconf 90' lang='lat' dir='ltr'>de</span> <span class='ocrx_word' id='word_1_169' title='bbox 206 1427 248 1469; x_wconf 92' lang='lat' dir='ltr'>suis</span> <span class='ocrx_word' id='word_1_170' title='bbox 260 1428 344 1469; x_wconf 86' lang='lat' dir='ltr'>fortunis</span> <span class='ocrx_word' id='word_1_171' title='bbox 361 1427 476 1469; x_wconf 85' lang='lat' dir='ltr'>necessaria</span> <span class='ocrx_word' id='word_1_172' title='bbox 488 1426 672 1468; x_wconf 81' lang='lat' dir='ltr'>subministrabant.</span> <span class='ocrx_word' id='word_1_173' title='bbox 703 1424 775 1482; x_wconf 83' lang='lat' dir='ltr'>Neque</span> <span class='ocrx_word' id='word_1_174' title='bbox 793 1440 853 1481; x_wconf 91' lang='lat' dir='ltr'>porro</span> <span class='ocrx_word' id='word_1_175' title='bbox 875 1430 934 1494; x_wconf 49' lang='lat' dir='ltr'>{papp-</span> 
     </span>
     <span class='ocr_line' id='line_1_19' title="bbox 71 1486 935 1551; baseline -0.002 -14"><span class='ocrx_word' id='word_1_176' title='bbox 71 1493 204 1538; x_wconf 84' lang='lat' dir='ltr'>Cbananaeae</span> <span class='ocrx_word' id='word_1_177' title='bbox 217 1495 307 1547; x_wconf 80' lang='lat' dir='ltr'>mulieri,</span> <span class='ocrx_word' id='word_1_178' title='bbox 323 1496 356 1538; x_wconf 85' lang='lat' dir='ltr'>vel</span> <span class='ocrx_word' id='word_1_179' title='bbox 368 1496 386 1537; x_wconf 90' lang='lat' dir='ltr'>ei</span> <span class='ocrx_word' id='word_1_180' title='bbox 399 1510 456 1551; x_wconf 91' lang='lat' dir='ltr'>qnam</span> <span class='ocrx_word' id='word_1_181' title='bbox 471 1494 574 1549; x_wconf 82' lang='lat' dir='ltr'>sanguinis</span> <span class='ocrx_word' id='word_1_182' title='bbox 586 1494 683 1550; x_wconf 87' lang='lat' dir='ltr'>prollnvio</span> <span class='ocrx_word' id='word_1_183' title='bbox 697 1494 804 1544; x_wconf 85' lang='lat' dir='ltr'>liberarat,</span> <span class='ocrx_word' id='word_1_184' title='bbox 821 1494 854 1535; x_wconf 88' lang='lat' dir='ltr'>vel</span> <span class='ocrx_word' id='word_1_185' title='bbox 879 1486 935 1528; x_wconf 63' lang='lat' dir='ltr'>nata.</span> 
     </span>
     <span class='ocr_line' id='line_1_20' title="bbox 71 1560 855 1618; baseline -0.001 -13"><span class='ocrx_word' id='word_1_186' title='bbox 71 1564 129 1605; x_wconf 88' lang='lat' dir='ltr'>alicui</span> <span class='ocrx_word' id='word_1_187' title='bbox 147 1564 228 1605; x_wconf 87' lang='lat' dir='ltr'>omnino</span> <span class='ocrx_word' id='word_1_188' title='bbox 245 1564 265 1605; x_wconf 91' lang='lat' dir='ltr'>in</span> <span class='ocrx_word' id='word_1_189' title='bbox 282 1565 341 1606; x_wconf 86' lang='lat' dir='ltr'>terris</span> <span class='ocrx_word' id='word_1_190' title='bbox 360 1564 445 1605; x_wconf 83' lang='lat' dir='ltr'>lemicae</span> <span class='ocrx_word' id='word_1_191' title='bbox 461 1563 575 1618; x_wconf 83' lang='lat' dir='ltr'>dignitatem</span> <span class='ocrx_word' id='word_1_192' title='bbox 595 1563 648 1603; x_wconf 91' lang='lat' dir='ltr'>illam</span> <span class='ocrx_word' id='word_1_193' title='bbox 664 1563 761 1604; x_wconf 88' lang='lat' dir='ltr'>attribuit.</span> <span class='ocrx_word' id='word_1_194' title='bbox 798 1560 855 1617; x_wconf 89' lang='lat' dir='ltr'>Quae</span> 
     </span>
     <span class='ocr_line' id='line_1_21' title="bbox 71 1630 855 1689; baseline -0.001 -16"><span class='ocrx_word' id='word_1_195' title='bbox 71 1646 114 1674; x_wconf 91' lang='lat' dir='ltr'>cum</span> <span class='ocrx_word' id='word_1_196' title='bbox 129 1632 157 1673; x_wconf 86' lang='lat' dir='ltr'>ita</span> <span class='ocrx_word' id='word_1_197' title='bbox 169 1631 221 1684; x_wconf 89' lang='lat' dir='ltr'>sint,</span> <span class='ocrx_word' id='word_1_198' title='bbox 243 1633 295 1674; x_wconf 87' lang='lat' dir='ltr'>uude</span> <span class='ocrx_word' id='word_1_199' title='bbox 311 1632 368 1689; x_wconf 90' lang='lat' dir='ltr'>nobis</span> <span class='ocrx_word' id='word_1_200' title='bbox 379 1631 490 1674; x_wconf 77' lang='lat' dir='ltr'>draoo&#39;iste</span> <span class='ocrx_word' id='word_1_201' title='bbox 501 1631 594 1673; x_wconf 87' lang='lat' dir='ltr'>volubilis</span> <span class='ocrx_word' id='word_1_202' title='bbox 609 1630 704 1672; x_wconf 77' lang='lat' dir='ltr'>emersit?</span> <span class='ocrx_word' id='word_1_203' title='bbox 725 1645 761 1672; x_wconf 91' lang='lat' dir='ltr'>our</span> <span class='ocrx_word' id='word_1_204' title='bbox 776 1631 855 1686; x_wconf 88' lang='lat' dir='ltr'>obliqua</span> 
     </span>
     <span class='ocr_line' id='line_1_22' title="bbox 70 1698 854 1756; baseline -0.003 -14"><span class='ocrx_word' id='word_1_205' title='bbox 70 1701 180 1756; x_wconf 87' lang='lat' dir='ltr'>callidaque</span> <span class='ocrx_word' id='word_1_206' title='bbox 191 1701 275 1742; x_wconf 88' lang='lat' dir='ltr'>consilia</span> <span class='ocrx_word' id='word_1_207' title='bbox 286 1702 423 1742; x_wconf 79' lang='lat' dir='ltr'>renovantur?</span> <span class='ocrx_word' id='word_1_208' title='bbox 454 1699 570 1741; x_wconf 85' lang='lat' dir='ltr'>Honoratur</span> <span class='ocrx_word' id='word_1_209' title='bbox 579 1714 627 1740; x_wconf 87' lang='lat' dir='ltr'>sane</span> <span class='ocrx_word' id='word_1_210' title='bbox 636 1698 714 1751; x_wconf 87' lang='lat' dir='ltr'>Maria,</span> <span class='ocrx_word' id='word_1_211' title='bbox 731 1707 788 1756; x_wconf 89' lang='lat' dir='ltr'>pater</span> <span class='ocrx_word' id='word_1_212' title='bbox 797 1714 854 1751; x_wconf 80' lang='lat' dir='ltr'>raro,</span> 
     </span>
     <span class='ocr_line' id='line_1_23' title="bbox 71 1766 855 1824; baseline -0.001 -14"><span class='ocrx_word' id='word_1_213' title='bbox 71 1769 122 1811; x_wconf 88' lang='lat' dir='ltr'>lilius</span> <span class='ocrx_word' id='word_1_214' title='bbox 137 1776 157 1810; x_wconf 91' lang='lat' dir='ltr'>et</span> <span class='ocrx_word' id='word_1_215' title='bbox 173 1769 255 1824; x_wconf 90' lang='lat' dir='ltr'>spiritus</span> <span class='ocrx_word' id='word_1_216' title='bbox 272 1777 353 1810; x_wconf 90' lang='lat' dir='ltr'>sanctus</span> <span class='ocrx_word' id='word_1_217' title='bbox 371 1769 491 1819; x_wconf 87' lang='lat' dir='ltr'>adorentur,</span> <span class='ocrx_word' id='word_1_218' title='bbox 515 1766 602 1809; x_wconf 85' lang='lat' dir='ltr'>Mariam</span> <span class='ocrx_word' id='word_1_219' title='bbox 620 1769 704 1809; x_wconf 90' lang='lat' dir='ltr'>adorare</span> <span class='ocrx_word' id='word_1_220' title='bbox 722 1782 781 1809; x_wconf 91' lang='lat' dir='ltr'>nemo</span> <span class='ocrx_word' id='word_1_221' title='bbox 798 1769 855 1809; x_wconf 86' lang='lat' dir='ltr'>velit.</span> 
     </span>
     <span class='ocr_line' id='line_1_24' title="bbox 70 1835 856 1892; baseline 0 -14"><span class='ocrx_word' id='word_1_222' title='bbox 70 1835 118 1878; x_wconf 89' lang='lat' dir='ltr'>Non</span> <span class='ocrx_word' id='word_1_223' title='bbox 134 1837 187 1878; x_wconf 90' lang='lat' dir='ltr'>enim</span> <span class='ocrx_word' id='word_1_224' title='bbox 204 1837 295 1889; x_wconf 89' lang='lat' dir='ltr'>mulieri,</span> <span class='ocrx_word' id='word_1_225' title='bbox 319 1852 342 1878; x_wconf 89' lang='lat' dir='ltr'>ac</span> <span class='ocrx_word' id='word_1_226' title='bbox 354 1851 378 1878; x_wconf 89' lang='lat' dir='ltr'>ne</span> <span class='ocrx_word' id='word_1_227' title='bbox 392 1837 436 1878; x_wconf 91' lang='lat' dir='ltr'>viro</span> <span class='ocrx_word' id='word_1_228' title='bbox 449 1837 539 1891; x_wconf 91' lang='lat' dir='ltr'>quidem,</span> <span class='ocrx_word' id='word_1_229' title='bbox 562 1837 596 1877; x_wconf 90' lang='lat' dir='ltr'>sed</span> <span class='ocrx_word' id='word_1_230' title='bbox 609 1836 643 1877; x_wconf 91' lang='lat' dir='ltr'>nui</span> <span class='ocrx_word' id='word_1_231' title='bbox 655 1837 692 1877; x_wconf 90' lang='lat' dir='ltr'>deo</span> <span class='ocrx_word' id='word_1_232' title='bbox 705 1836 821 1892; x_wconf 77' lang='lat' dir='ltr'>mysterium</span> <span class='ocrx_word' id='word_1_233' title='bbox 832 1836 856 1878; x_wconf 89' lang='lat' dir='ltr'>il·</span> 
     </span>
     <span class='ocr_line' id='line_1_25' title="bbox 71 1904 855 1961; baseline 0 -15"><span class='ocrx_word' id='word_1_234' title='bbox 71 1904 103 1946; x_wconf 89' lang='lat' dir='ltr'>lud</span> <span class='ocrx_word' id='word_1_235' title='bbox 120 1905 223 1961; x_wconf 87' lang='lat' dir='ltr'>cultusque</span> <span class='ocrx_word' id='word_1_236' title='bbox 238 1905 344 1957; x_wconf 86' lang='lat' dir='ltr'>tribuitnr;</span> <span class='ocrx_word' id='word_1_237' title='bbox 365 1906 416 1947; x_wconf 91' lang='lat' dir='ltr'>adeo</span> <span class='ocrx_word' id='word_1_238' title='bbox 428 1912 450 1946; x_wconf 93' lang='lat' dir='ltr'>ut</span> <span class='ocrx_word' id='word_1_239' title='bbox 462 1919 500 1946; x_wconf 89' lang='lat' dir='ltr'>nec</span> <span class='ocrx_word' id='word_1_240' title='bbox 511 1904 578 1959; x_wconf 81' lang='lat' dir='ltr'>angeli</span> <span class='ocrx_word' id='word_1_241' title='bbox 592 1904 630 1959; x_wconf 89' lang='lat' dir='ltr'>ipsi</span> <span class='ocrx_word' id='word_1_242' title='bbox 643 1911 697 1945; x_wconf 87' lang='lat' dir='ltr'>tanto</span> <span class='ocrx_word' id='word_1_243' title='bbox 713 1904 783 1945; x_wconf 90' lang='lat' dir='ltr'>bonari</span> <span class='ocrx_word' id='word_1_244' title='bbox 797 1919 855 1959; x_wconf 89' lang='lat' dir='ltr'>pares</span> 
     </span>
     <span class='ocr_line' id='line_1_26' title="bbox 71 1972 854 2028; baseline -0.003 -14"><span class='ocrx_word' id='word_1_245' title='bbox 71 1986 116 2015; x_wconf 89' lang='lat' dir='ltr'>esse</span> <span class='ocrx_word' id='word_1_246' title='bbox 131 1973 244 2015; x_wconf 85' lang='lat' dir='ltr'>rideantur.</span> <span class='ocrx_word' id='word_1_247' title='bbox 283 1972 394 2015; x_wconf 85' lang='lat' dir='ltr'>Deleantnr</span> <span class='ocrx_word' id='word_1_248' title='bbox 412 1974 490 2028; x_wconf 87' lang='lat' dir='ltr'>itaque,</span> <span class='ocrx_word' id='word_1_249' title='bbox 514 1974 600 2027; x_wconf 90' lang='lat' dir='ltr'>quaein</span> <span class='ocrx_word' id='word_1_250' title='bbox 619 1972 736 2013; x_wconf 87' lang='lat' dir='ltr'>miscrorum</span> <span class='ocrx_word' id='word_1_251' title='bbox 754 1973 854 2014; x_wconf 89' lang='lat' dir='ltr'>bominum</span> 
     </span>
     <span class='ocr_line' id='line_1_27' title="bbox 8 2036 855 2098; baseline 0.001 -16"><span class='ocrx_word' id='word_1_252' title='bbox 8 2036 10 2039; x_wconf 43' lang='lat'><strong>⁴</strong></span> <span class='ocrx_word' id='word_1_253' title='bbox 71 2041 164 2083; x_wconf 88' lang='lat' dir='ltr'>cordibus</span> <span class='ocrx_word' id='word_1_254' title='bbox 174 2043 225 2084; x_wconf 89' lang='lat' dir='ltr'>male</span> <span class='ocrx_word' id='word_1_255' title='bbox 237 2050 284 2084; x_wconf 92' lang='lat' dir='ltr'>snnt</span> <span class='ocrx_word' id='word_1_256' title='bbox 293 2042 396 2098; x_wconf 86' lang='lat' dir='ltr'>inscripta.</span> <span class='ocrx_word' id='word_1_257' title='bbox 427 2040 565 2095; x_wconf 83' lang='lat' dir='ltr'>Extinguatur</span> <span class='ocrx_word' id='word_1_258' title='bbox 576 2041 654 2096; x_wconf 84' lang='lat' dir='ltr'>penitus</span> <span class='ocrx_word' id='word_1_259' title='bbox 666 2041 730 2082; x_wconf 87' lang='lat' dir='ltr'>malus</span> <span class='ocrx_word' id='word_1_260' title='bbox 743 2042 777 2083; x_wconf 92' lang='lat' dir='ltr'>ille</span> <span class='ocrx_word' id='word_1_261' title='bbox 790 2043 855 2083; x_wconf 82' lang='lat' dir='ltr'>foetus</span> 
     </span>
     <span class='ocr_line' id='line_1_28' title="bbox 71 2107 856 2166; baseline 0.001 -16"><span class='ocrx_word' id='word_1_262' title='bbox 71 2110 95 2150; x_wconf 90' lang='lat' dir='ltr'>ad</span> <span class='ocrx_word' id='word_1_263' title='bbox 107 2110 206 2151; x_wconf 73' lang='lat' dir='ltr'>infelicem</span> <span class='ocrx_word' id='word_1_264' title='bbox 218 2111 310 2152; x_wconf 91' lang='lat' dir='ltr'>arborem</span> <span class='ocrx_word' id='word_1_265' title='bbox 325 2117 441 2166; x_wconf 91' lang='lat' dir='ltr'>conceptus.</span> <span class='ocrx_word' id='word_1_266' title='bbox 473 2107 608 2150; x_wconf 81' lang='lat' dir='ltr'>Convertatnr</span> <span class='ocrx_word' id='word_1_267' title='bbox 619 2123 668 2164; x_wconf 90' lang='lat' dir='ltr'>opus</span> <span class='ocrx_word' id='word_1_268' title='bbox 680 2110 743 2164; x_wconf 88' lang='lat' dir='ltr'>ipsum</span> <span class='ocrx_word' id='word_1_269' title='bbox 758 2111 781 2151; x_wconf 91' lang='lat' dir='ltr'>ad</span> <span class='ocrx_word' id='word_1_270' title='bbox 794 2110 856 2151; x_wconf 91' lang='lat' dir='ltr'>domi-</span> 
     </span>
     <span class='ocr_line' id='line_1_29' title="bbox 71 2177 856 2234; baseline 0.001 -16"><span class='ocrx_word' id='word_1_271' title='bbox 71 2191 117 2219; x_wconf 91' lang='lat' dir='ltr'>aum</span> <span class='ocrx_word' id='word_1_272' title='bbox 128 2178 291 2234; x_wconf 88' lang='lat' dir='ltr'>conditoremque</span> <span class='ocrx_word' id='word_1_273' title='bbox 305 2193 369 2220; x_wconf 90' lang='lat' dir='ltr'>snum.</span> <span class='ocrx_word' id='word_1_274' title='bbox 402 2177 465 2219; x_wconf 83' lang='lat' dir='ltr'>Evam</span> <span class='ocrx_word' id='word_1_275' title='bbox 476 2192 519 2219; x_wconf 92' lang='lat' dir='ltr'>cnm</span> <span class='ocrx_word' id='word_1_276' title='bbox 532 2177 609 2218; x_wconf 80' lang='lat' dir='ltr'>Adamo</span> <span class='ocrx_word' id='word_1_277' title='bbox 622 2177 705 2232; x_wconf 81' lang='lat' dir='ltr'>coniuge</span> <span class='ocrx_word' id='word_1_278' title='bbox 718 2180 742 2220; x_wconf 86' lang='lat' dir='ltr'>ad</span> <span class='ocrx_word' id='word_1_279' title='bbox 755 2180 811 2219; x_wconf 92' lang='lat' dir='ltr'>deum</span> <span class='ocrx_word' id='word_1_280' title='bbox 823 2193 856 2220; x_wconf 89' lang='lat' dir='ltr'>sc-</span> 
     </span>
     <span class='ocr_line' id='line_1_30' title="bbox 71 2245 856 2303; baseline 0.003 -17"><span class='ocrx_word' id='word_1_281' title='bbox 71 2245 110 2287; x_wconf 92' lang='lat' dir='ltr'>lum</span> <span class='ocrx_word' id='word_1_282' title='bbox 123 2247 258 2288; x_wconf 89' lang='lat' dir='ltr'>venerandum</span> <span class='ocrx_word' id='word_1_283' title='bbox 271 2247 334 2303; x_wconf 88' lang='lat' dir='ltr'>pudor</span> <span class='ocrx_word' id='word_1_284' title='bbox 346 2247 424 2288; x_wconf 88' lang='lat' dir='ltr'>tandem</span> <span class='ocrx_word' id='word_1_285' title='bbox 436 2246 541 2301; x_wconf 88' lang='lat' dir='ltr'>aliquando</span> <span class='ocrx_word' id='word_1_286' title='bbox 554 2246 669 2301; x_wconf 77' lang='lat' dir='ltr'>compellat3</span> <span class='ocrx_word' id='word_1_287' title='bbox 692 2260 742 2288; x_wconf 91' lang='lat' dir='ltr'>neve</span> <span class='ocrx_word' id='word_1_288' title='bbox 755 2248 856 2303; x_wconf 88' lang='lat' dir='ltr'>serpentis</span> 
     </span>
     <span class='ocr_line' id='line_1_31' title="bbox 71 2313 952 2371; baseline 0.001 -16"><span class='ocrx_word' id='word_1_289' title='bbox 71 2313 176 2356; x_wconf 77' lang='lat' dir='ltr'>vexillam</span> <span class='ocrx_word' id='word_1_290' title='bbox 191 2315 289 2371; x_wconf 82' lang='lat' dir='ltr'>decipiat,</span> <span class='ocrx_word' id='word_1_291' title='bbox 306 2315 341 2357; x_wconf 88' lang='lat' dir='ltr'>sed</span> <span class='ocrx_word' id='word_1_292' title='bbox 353 2317 374 2356; x_wconf 89' lang='lat' dir='ltr'>in</span> <span class='ocrx_word' id='word_1_293' title='bbox 388 2315 419 2356; x_wconf 85' lang='lat' dir='ltr'>dei</span> <span class='ocrx_word' id='word_1_294' title='bbox 430 2315 523 2356; x_wconf 88' lang='lat' dir='ltr'>mandato</span> <span class='ocrx_word' id='word_1_295' title='bbox 537 2313 642 2370; x_wconf 84' lang='lat' dir='ltr'>persistat,</span> <span class='ocrx_word' id='word_1_296' title='bbox 658 2318 687 2355; x_wconf 86' lang='lat' dir='ltr'>De</span> <span class='ocrx_word' id='word_1_297' title='bbox 697 2317 751 2368; x_wconf 55' lang='lat' dir='ltr'>lagno</span> <span class='ocrx_word' id='word_1_298' title='bbox 761 2332 785 2356; x_wconf 86' lang='lat' dir='ltr'>ne</span> <span class='ocrx_word' id='word_1_299' title='bbox 796 2332 856 2357; x_wconf 76' lang='lat' dir='ltr'>corne·</span> <span class='ocrx_word' id='word_1_300' title='bbox 866 2323 906 2352; x_wconf 78' lang='lat' dir='ltr'>Gen·</span> <span class='ocrx_word' id='word_1_301' title='bbox 915 2323 929 2360; x_wconf 77' lang='lat'>³,</span> <span class='ocrx_word' id='word_1_302' title='bbox 938 2323 952 2352; x_wconf 64' lang='grc' dir='ltr'><strong>Ἀ</strong></span> 
     </span>
     <span class='ocr_line' id='line_1_32' title="bbox 71 2381 858 2441; baseline 0.005 -19"><span class='ocrx_word' id='word_1_303' title='bbox 71 2384 112 2422; x_wconf 85' lang='lat' dir='ltr'>das.</span> <span class='ocrx_word' id='word_1_304' title='bbox 146 2381 272 2439; x_wconf 79' lang='lat' dir='ltr'>Quamquam</span> <span class='ocrx_word' id='word_1_305' title='bbox 288 2384 309 2425; x_wconf 95' lang='lat' dir='ltr'>in</span> <span class='ocrx_word' id='word_1_306' title='bbox 320 2384 392 2425; x_wconf 89' lang='lat' dir='ltr'>arbore</span> <span class='ocrx_word' id='word_1_307' title='bbox 403 2383 447 2440; x_wconf 88' lang='lat' dir='ltr'>ipsa</span> <span class='ocrx_word' id='word_1_308' title='bbox 457 2397 580 2439; x_wconf 82' lang='lat' dir='ltr'>nequaquam</span> <span class='ocrx_word' id='word_1_309' title='bbox 593 2397 651 2425; x_wconf 88' lang='lat' dir='ltr'>error</span> <span class='ocrx_word' id='word_1_310' title='bbox 662 2385 710 2436; x_wconf 85' lang='lat' dir='ltr'>fnit,</span> <span class='ocrx_word' id='word_1_311' title='bbox 732 2386 766 2426; x_wconf 89' lang='lat' dir='ltr'>sed</span> <span class='ocrx_word' id='word_1_312' title='bbox 779 2399 815 2441; x_wconf 91' lang='lat' dir='ltr'>per</span> <span class='ocrx_word' id='word_1_313' title='bbox 825 2399 858 2426; x_wconf 92' lang='lat' dir='ltr'>ar-</span> 
     </span>
     <span class='ocr_line' id='line_1_33' title="bbox 71 2448 856 2509; baseline 0.005 -18"><span class='ocrx_word' id='word_1_314' title='bbox 71 2448 140 2492; x_wconf 89' lang='lat' dir='ltr'>borem</span> <span class='ocrx_word' id='word_1_315' title='bbox 154 2452 292 2494; x_wconf 88' lang='lat' dir='ltr'>contumaciae</span> <span class='ocrx_word' id='word_1_316' title='bbox 306 2466 365 2494; x_wconf 88' lang='lat' dir='ltr'>error</span> <span class='ocrx_word' id='word_1_317' title='bbox 377 2452 475 2494; x_wconf 84' lang='lat' dir='ltr'>admissus</span> <span class='ocrx_word' id='word_1_318' title='bbox 489 2459 527 2492; x_wconf 87' lang='lat' dir='ltr'>est.</span> <span class='ocrx_word' id='word_1_319' title='bbox 557 2450 644 2494; x_wconf 88' lang='lat' dir='ltr'>Perinde</span> <span class='ocrx_word' id='word_1_320' title='bbox 657 2453 718 2509; x_wconf 79' lang='lat' dir='ltr'>igitur</span> <span class='ocrx_word' id='word_1_321' title='bbox 729 2468 788 2495; x_wconf 89' lang='lat' dir='ltr'>nemo</span> <span class='ocrx_word' id='word_1_322' title='bbox 800 2468 856 2495; x_wconf 90' lang='lat' dir='ltr'>erro-</span> 
     </span>
     <span class='ocr_line' id='line_1_34' title="bbox 71 2519 856 2577; baseline 0.006 -18"><span class='ocrx_word' id='word_1_323' title='bbox 71 2532 113 2560; x_wconf 89' lang='lat' dir='ltr'>rem</span> <span class='ocrx_word' id='word_1_324' title='bbox 126 2520 180 2562; x_wconf 91' lang='lat' dir='ltr'>illum</span> <span class='ocrx_word' id='word_1_325' title='bbox 193 2521 285 2577; x_wconf 83' lang='lat' dir='ltr'>degustet</span> <span class='ocrx_word' id='word_1_326' title='bbox 300 2521 332 2577; x_wconf 92' lang='lat' dir='ltr'>qui</span> <span class='ocrx_word' id='word_1_327' title='bbox 344 2519 423 2563; x_wconf 87' lang='lat' dir='ltr'>Mariae</span> <span class='ocrx_word' id='word_1_328' title='bbox 435 2520 541 2562; x_wconf 87' lang='lat' dir='ltr'>occasione</span> <span class='ocrx_word' id='word_1_329' title='bbox 552 2522 649 2563; x_wconf 86' lang='lat' dir='ltr'>conflatus</span> <span class='ocrx_word' id='word_1_330' title='bbox 663 2530 701 2564; x_wconf 90' lang='lat' dir='ltr'>est.</span> <span class='ocrx_word' id='word_1_331' title='bbox 731 2521 790 2564; x_wconf 89' lang='lat' dir='ltr'>Licet</span> <span class='ocrx_word' id='word_1_332' title='bbox 804 2522 856 2565; x_wconf 89' lang='lat' dir='ltr'>enim</span> 
     </span>
     <span class='ocr_line' id='line_1_35' title="bbox 72 2587 856 2643; baseline 0.005 -13"><span class='ocrx_word' id='word_1_333' title='bbox 72 2587 203 2643; x_wconf 86' lang='lat' dir='ltr'>pulcherrima</span> <span class='ocrx_word' id='word_1_334' title='bbox 227 2589 288 2631; x_wconf 89' lang='lat' dir='ltr'>arbor</span> <span class='ocrx_word' id='word_1_335' title='bbox 308 2597 375 2640; x_wconf 91' lang='lat' dir='ltr'>esset,</span> <span class='ocrx_word' id='word_1_336' title='bbox 400 2604 439 2631; x_wconf 92' lang='lat' dir='ltr'>non</span> <span class='ocrx_word' id='word_1_337' title='bbox 460 2597 527 2631; x_wconf 86' lang='lat' dir='ltr'>tamen</span> <span class='ocrx_word' id='word_1_338' title='bbox 548 2590 572 2631; x_wconf 87' lang='lat' dir='ltr'>ad</span> <span class='ocrx_word' id='word_1_339' title='bbox 591 2590 656 2632; x_wconf 88' lang='lat' dir='ltr'>cibum</span> <span class='ocrx_word' id='word_1_340' title='bbox 674 2592 789 2633; x_wconf 86' lang='lat' dir='ltr'>constituta.</span> <span class='ocrx_word' id='word_1_341' title='bbox 826 2590 856 2633; x_wconf 89' lang='lat' dir='ltr'>lta</span> 
     </span>
     <span class='ocr_line' id='line_1_36' title="bbox 72 2657 855 2717; baseline 0.005 -18"><span class='ocrx_word' id='word_1_342' title='bbox 72 2658 161 2711; x_wconf 86' lang='lat' dir='ltr'>quamvis</span> <span class='ocrx_word' id='word_1_343' title='bbox 172 2657 238 2700; x_wconf 87' lang='lat' dir='ltr'>Maria</span> <span class='ocrx_word' id='word_1_344' title='bbox 250 2659 281 2700; x_wconf 89' lang='lat' dir='ltr'>vel</span> <span class='ocrx_word' id='word_1_345' title='bbox 294 2659 366 2714; x_wconf 87' lang='lat' dir='ltr'>optima</span> <span class='ocrx_word' id='word_1_346' title='bbox 379 2659 450 2711; x_wconf 89' lang='lat' dir='ltr'>luerit,</span> <span class='ocrx_word' id='word_1_347' title='bbox 475 2673 498 2700; x_wconf 85' lang='lat' dir='ltr'>ac</span> <span class='ocrx_word' id='word_1_348' title='bbox 508 2666 589 2711; x_wconf 89' lang='lat' dir='ltr'>sancta,</span> <span class='ocrx_word' id='word_1_349' title='bbox 611 2667 631 2700; x_wconf 91' lang='lat' dir='ltr'>et</span> <span class='ocrx_word' id='word_1_350' title='bbox 644 2661 720 2702; x_wconf 90' lang='lat' dir='ltr'>bonore</span> <span class='ocrx_word' id='word_1_351' title='bbox 731 2660 855 2717; x_wconf 85' lang='lat' dir='ltr'>dignissima,</span> 
     </span>
     <span class='ocr_line' id='line_1_37' title="bbox 73 2727 579 2783; baseline 0.006 -18"><span class='ocrx_word' id='word_1_352' title='bbox 73 2738 113 2767; x_wconf 90' lang='lat' dir='ltr'>non</span> <span class='ocrx_word' id='word_1_353' title='bbox 128 2727 203 2769; x_wconf 89' lang='lat' dir='ltr'>idcirco</span> <span class='ocrx_word' id='word_1_354' title='bbox 220 2735 285 2769; x_wconf 91' lang='lat' dir='ltr'>tamen</span> <span class='ocrx_word' id='word_1_355' title='bbox 301 2727 417 2768; x_wconf 89' lang='lat' dir='ltr'>adoratione</span> <span class='ocrx_word' id='word_1_356' title='bbox 433 2728 579 2783; x_wconf 89' lang='lat' dir='ltr'>prosequenda.</span> 
     </span>
     <span class='ocr_line' id='line_1_38' title="bbox 130 2793 963 2854; baseline 0.007 -17"><span class='ocrx_word' id='word_1_357' title='bbox 130 2793 264 2850; x_wconf 77' lang='lat' dir='ltr'>Quamobrem</span> <span class='ocrx_word' id='word_1_358' title='bbox 276 2796 333 2837; x_wconf 89' lang='lat' dir='ltr'>buius</span> <span class='ocrx_word' id='word_1_359' title='bbox 346 2802 413 2837; x_wconf 88' lang='lat' dir='ltr'>sectae</span> <span class='ocrx_word' id='word_1_360' title='bbox 427 2796 521 2838; x_wconf 87' lang='lat' dir='ltr'>mulieres</span> <span class='ocrx_word' id='word_1_361' title='bbox 534 2796 580 2837; x_wconf 90' lang='lat' dir='ltr'>illud</span> <span class='ocrx_word' id='word_1_362' title='bbox 593 2797 657 2838; x_wconf 91' lang='lat' dir='ltr'>denno</span> <span class='ocrx_word' id='word_1_363' title='bbox 670 2798 791 2839; x_wconf 86' lang='lat' dir='ltr'>offerendum</span> <span class='ocrx_word' id='word_1_364' title='bbox 806 2796 855 2839; x_wconf 85' lang='lat' dir='ltr'>For·</span> <span class='ocrx_word' id='word_1_365' title='bbox 864 2809 905 2854; x_wconf 78' lang='lat' dir='ltr'>Cap.</span> <span class='ocrx_word' id='word_1_366' title='bbox 914 2810 963 2843; x_wconf 75' lang='lat' dir='ltr'>tht.</span> 
     </span>
     <span class='ocr_line' id='line_1_39' title="bbox 72 2864 855 2919; baseline 0.004 -16"><span class='ocrx_word' id='word_1_367' title='bbox 72 2867 132 2905; x_wconf 89' lang='lat' dir='ltr'>tunae</span> <span class='ocrx_word' id='word_1_368' title='bbox 142 2864 233 2919; x_wconf 89' lang='lat' dir='ltr'>poculum</span> <span class='ocrx_word' id='word_1_369' title='bbox 244 2865 363 2916; x_wconf 87' lang='lat' dir='ltr'>instaurant,</span> <span class='ocrx_word' id='word_1_370' title='bbox 380 2878 403 2905; x_wconf 89' lang='lat' dir='ltr'>ac</span> <span class='ocrx_word' id='word_1_371' title='bbox 415 2865 514 2917; x_wconf 86' lang='lat' dir='ltr'>daemoni,</span> <span class='ocrx_word' id='word_1_372' title='bbox 531 2879 570 2906; x_wconf 93' lang='lat' dir='ltr'>non</span> <span class='ocrx_word' id='word_1_373' title='bbox 582 2865 631 2916; x_wconf 86' lang='lat' dir='ltr'>deo,</span> <span class='ocrx_word' id='word_1_374' title='bbox 648 2881 737 2908; x_wconf 87' lang='lat' dir='ltr'>mensam</span> <span class='ocrx_word' id='word_1_375' title='bbox 747 2867 855 2918; x_wconf 88' lang='lat' dir='ltr'>instruunt,</span> 
     </span>
    </p>
   </div>
   <div class='ocr_carea' id='block_1_3' title="bbox 72 2997 858 3138">
    <p class='ocr_par' dir='ltr' id='par_1_3' title="bbox 72 2997 858 3138">
     <span class='ocr_line' id='line_1_40' title="bbox 72 2997 858 3048; baseline 0.009 -16"><span class='ocrx_word' id='word_1_376' title='bbox 72 2997 125 3043; x_wconf 70' lang='lat' dir='ltr'>nalal</span> <span class='ocrx_word' id='word_1_377' title='bbox 138 2998 245 3045; x_wconf 76' lang='grc' dir='ltr'>παιύμιητος</span> <span class='ocrx_word' id='word_1_378' title='bbox 254 3000 349 3045; x_wconf 48' lang='lat' dir='ltr'>rimabere,</span> <span class='ocrx_word' id='word_1_379' title='bbox 363 2999 387 3040; x_wconf 72' lang='lat' dir='ltr'>ote</span> <span class='ocrx_word' id='word_1_380' title='bbox 397 2998 455 3045; x_wconf 76' lang='grc' dir='ltr'>μήτηρ</span> <span class='ocrx_word' id='word_1_381' title='bbox 479 3006 509 3042; x_wconf 71' lang='lat' dir='ltr'>bec</span> <span class='ocrx_word' id='word_1_382' title='bbox 518 3001 586 3046; x_wconf 77' lang='grc' dir='ltr'>κυρίου,</span> <span class='ocrx_word' id='word_1_383' title='bbox 598 3003 655 3047; x_wconf 78' lang='grc' dir='ltr'>πολλῷ</span> <span class='ocrx_word' id='word_1_384' title='bbox 669 3005 730 3048; x_wconf 71' lang='grc' dir='ltr'>μᾶλλον</span> <span class='ocrx_word' id='word_1_385' title='bbox 744 3001 775 3047; x_wconf 71' lang='grc' dir='ltr'>τήν</span> <span class='ocrx_word' id='word_1_386' title='bbox 785 3002 815 3038; x_wconf 73' lang='grc' dir='ltr'>τὸν</span> <span class='ocrx_word' id='word_1_387' title='bbox 827 3001 858 3039; x_wconf 75' lang='lat' dir='ltr'>ad·</span> 
     </span>
     <span class='ocr_line' id='line_1_41' title="bbox 72 3043 724 3098; baseline 0.012 -20"><span class='ocrx_word' id='word_1_388' title='bbox 72 3043 113 3098; x_wconf 64' lang='lat' dir='ltr'>Seni</span> <span class='ocrx_word' id='word_1_389' title='bbox 124 3045 154 3080; x_wconf 76' lang='lat' dir='ltr'>aab</span> <span class='ocrx_word' id='word_1_390' title='bbox 165 3044 196 3093; x_wconf 67' lang='grc' dir='ltr'>οὐχ</span> <span class='ocrx_word' id='word_1_391' title='bbox 208 3045 232 3087; x_wconf 69' lang='grc' dir='ltr'>ιιῐς</span> <span class='ocrx_word' id='word_1_392' title='bbox 244 3046 297 3094; x_wconf 58' lang='lat' dir='ltr'>tede.¹</span> <span class='ocrx_word' id='word_1_393' title='bbox 313 3047 337 3082; x_wconf 84' lang='lat' dir='ltr'>El</span> <span class='ocrx_word' id='word_1_394' title='bbox 346 3045 379 3091; x_wconf 76' lang='grc' dir='ltr'>γὰρ</span> <span class='ocrx_word' id='word_1_395' title='bbox 390 3046 414 3085; x_wconf 78' lang='grc' dir='ltr'>εἰς</span> <span class='ocrx_word' id='word_1_396' title='bbox 424 3046 453 3082; x_wconf 75' lang='grc' dir='ltr'>τὸν</span> <span class='ocrx_word' id='word_1_397' title='bbox 478 3048 588 3093; x_wconf 73' lang='lat' dir='ltr'>protectorer</span> <span class='ocrx_word' id='word_1_398' title='bbox 600 3048 724 3095; x_wconf 58' lang='grc' dir='ltr'>γενιήσασαιβ</span> 
     </span>
     <span class='ocr_line' id='line_1_42' title="bbox 72 3092 453 3138; baseline 0.01 -13"><span class='ocrx_word' id='word_1_399' title='bbox 72 3100 122 3126; x_wconf 77' lang='lat' dir='ltr'>ronan</span> <span class='ocrx_word' id='word_1_400' title='bbox 138 3095 262 3138; x_wconf 75' lang='grc' dir='ltr'>προςιιυνοῦμει</span> <span class='ocrx_word' id='word_1_401' title='bbox 277 3094 296 3130; x_wconf 74' lang='lat' dir='ltr'>oa</span> <span class='ocrx_word' id='word_1_402' title='bbox 311 3092 385 3138; x_wconf 77' lang='grc' dir='ltr'>ἔστησαν</span> <span class='ocrx_word' id='word_1_403' title='bbox 396 3093 412 3127; x_wconf 81' lang='grc' dir='ltr'>οἱ</span> <span class='ocrx_word' id='word_1_404' title='bbox 422 3092 453 3129; x_wconf 81' lang='grc' dir='ltr'>πό-</span> 
     </span>
    </p>
   </div>
   <div class='ocr_carea' id='block_1_4' title="bbox 0 0 1002 3392">
    <p class='ocr_par' dir='ltr' id='par_1_4' title="bbox 0 0 1002 3392">
     <span class='ocr_line' id='line_1_43' title="bbox 0 0 1002 3392; baseline 0 0"><span class='ocrx_word' id='word_1_405' title='bbox 0 0 1002 3392; x_wconf 95' lang='lat' dir='ltr'> </span> 
     </span>
    </p>
   </div>
  </div>
 </body>
</html>
