1988 3392
353 243 571 278 auacennmanosrs.
812 232 854 275 587

74 328 121 374 illud
130 325 259 384 praeberetur
267 330 407 379 agnoscerent.
440 322 493 366 Tum
502 324 562 366 etiam
572 322 653 380 spiritns
661 330 742 365 sanetus
751 320 855 364 columbae

75 396 141 455 speeie
153 394 245 450 delapsus
255 399 299 446 est,
321 392 483 448 quemadmodum
495 393 515 434 in
526 392 630 434 multarum
642 390 752 433 haereseon
765 391 856 433 eonsnta-

74 466 128 509 tione
140 462 235 505 diximus.
265 461 333 504 Anne
345 461 423 503 trinitas
434 462 475 518 ipsa
487 461 507 502 in
518 475 577 503 unum
588 461 668 503 redacta
679 460 800 516 confusaque
811 473 856 502 ere-

75 536 167 583 teretur,
189 530 271 588 spiritus
285 529 364 588 propria
376 529 396 570 in
410 524 495 585 persona
506 529 588 585 figuram
599 529 652 571 illam
669 528 744 580 induit,
764 535 785 570 et
795 541 856 585 snper

75 603 128 645 illum
139 599 226 651 resedit,
243 612 304 655 seque
314 598 335 639 in
347 598 411 655 ipsum
422 597 542 649 insinuavit3
559 605 579 638 nt
590 598 607 639 is
618 598 650 639 eui
663 596 797 639 testimonium
808 597 855 639 illud

75 668 221 722 suffragabatur
235 666 354 723 conspicuus
371 673 437 717 esset,
461 672 522 721 ntqne
539 673 687 708 sacrosanctam
703 667 756 707 illam
775 679 855 707 earnem

75 738 157 781 amicam
167 748 213 776 esse
226 735 303 791 deoque
317 736 396 790 plaeere
406 734 468 790 patris
480 748 503 775 ac
516 733 597 790 spiritns
613 735 730 776 anctoritate
741 740 855 785 constaret3

75 813 97 849 nt
108 812 164 861 pater
175 803 297 860 complaceat
310 803 346 844 sibi
358 803 379 845 in
390 803 443 856 filio,
465 810 484 845 et
494 803 637 845 incarnationis
650 803 703 846 illius
719 817 792 860 praeeo
811 816 857 844 esse

75 875 178 924 videatur,
201 886 224 914 ac
239 871 323 927 deniqne
340 886 401 914 verns
414 878 436 912 ut
452 879 555 927 appareret
569 871 632 923 filius,
655 879 675 913 et
686 872 733 914 illud
749 871 858 928 prophetae

76 941 188 986 vaticinium
201 941 305 997 expleret,
328 943 357 981 Et
363 949 409 994 post
420 943 466 981 duee
479 944 499 981 in
511 948 563 980 rara
574 944 626 981 ozias
638 949 677 989 est,
698 949 718 981 et
726 956 768 982 cnm
777 943 858 982 domiui·
874 944 943 1007 tparppn.

77 1013 111 1052 tur
121 1017 252 1051 conversatus.
283 1006 371 1064 lgitnra
390 1007 477 1050 lordane
493 1008 596 1063 digressus
614 1015 670 1050 certo
685 1023 773 1065 vereque
790 1024 801 1051 a
818 997 953 1050 dia-'Mittit¹

76 1079 121 1122 bolo
131 1080 151 1120 in
163 1077 243 1120 deserto
255 1083 343 1120 tentatus
352 1085 395 1129 est,
411 1084 431 1120 et
442 1084 487 1134 post
496 1078 590 1119 ieiunium
602 1077 685 1130 esuriit,
700 1085 722 1119 nt
734 1079 786 1133 qnod
797 1092 858 1120 verae

76 1146 131 1190 carni
142 1154 247 1202 susceptae
257 1153 413 1188 consentaneum
424 1153 455 1188 est
464 1146 593 1203 exprimeret.
616 1143 730 1187 Secundum
740 1146 788 1187 haec
799 1145 859 1187 disei-

77 1215 132 1273 pulos
142 1214 214 1269 elegit,
236 1215 341 1258 veritatem
355 1214 489 1272 praedicavit,
511 1213 646 1269 aegritudines
658 1214 748 1267 sanavit,
770 1215 857 1266 dormiit,

77 1282 158 1335 esuriit,
174 1282 213 1324 iter
224 1283 283 1335 feeit,
299 1282 387 1340 prodigia
400 1282 498 1339 patravit,
518 1290 608 1324 mortuos
621 1283 729 1334 excitavit,
751 1286 817 1325 caecis
829 1284 859 1326 vi·

77 1366 119 1395 snm
131 1351 300 1407 repraesentavit,
316 1351 391 1394 claudis
404 1359 424 1393 et
437 1351 551 1408 paralyticis
565 1351 620 1393 vires
633 1351 730 1404 restituit;
752 1352 784 1408 qui
798 1368 859 1395 evan-

77 1419 148 1477 gelium
166 1418 230 1475 ipsum
248 1420 341 1462 coelestis
357 1420 414 1476 regni
429 1420 546 1471 veritatem,
570 1434 593 1461 ae
611 1434 655 1462 enm
672 1419 735 1476 ipsius
750 1421 795 1473 lilii,
818 1429 859 1464 tum

78 1489 137 1546 patris
148 1502 171 1531 ae
181 1487 262 1546 spiritns
271 1489 335 1531 sancti
347 1488 454 1531 bonitatem
463 1488 643 1545 humanitatemque
652 1489 783 1545 praedicavit.
804 1488 859 1533 ldern

77 1558 110 1599 ille
123 1571 183 1613 porro
199 1570 271 1599 revera
287 1557 388 1599 cruciatus
400 1558 421 1599 in
436 1572 471 1599 sna
483 1570 544 1599 earne
556 1563 575 1598 et
589 1558 677 1612 perlecta
691 1558 777 1600 hominis
789 1567 860 1601 natura

78 1625 184 1678 sustinuit,
203 1638 252 1668 vere
267 1625 288 1667 in
299 1639 359 1669 cruce
375 1639 446 1683 passus
459 1632 501 1678 est,
524 1625 552 1668 ita
566 1625 643 1682 quidem
661 1633 683 1669 nt
697 1626 717 1668 in
730 1641 754 1669 eo
767 1627 860 1672 divinitas

79 1695 187 1746 existeret,
204 1694 239 1735 sed
251 1695 275 1735 ad
290 1694 402 1750 patiendum
413 1694 493 1736 minime
505 1707 552 1735 sese
562 1701 697 1747 converteret,
713 1696 748 1737 sed
762 1695 860 1751 passionis

78 1775 151 1819 expers
163 1768 184 1803 et
194 1760 321 1803 immutabilis
332 1769 428 1804 maneret.
460 1760 505 1817 Qua
513 1762 533 1804 in
544 1775 566 1804 re
577 1762 615 1804 duo
625 1762 660 1805 illa
669 1770 805 1807 consentanea
816 1778 861 1807 cer-

78 1830 153 1873 tissiiue
165 1830 314 1886 intelliguntur,
336 1838 358 1872 ut
370 1838 390 1873 et
400 1829 493 1873 Christus
506 1845 541 1887 pro
553 1831 610 1873 nobis
625 1845 686 1873 carne
698 1833 724 1874 sit
736 1847 819 1888 passus,
840 1842 861 1876 et

79 1899 177 1955 passionis
187 1912 262 1956 expers
272 1899 293 1940 in
303 1899 407 1942 divinitate
416 1906 539 1957 permaneat.
569 1898 617 1942 Non
630 1900 681 1957 quod
692 1900 777 1944 hominis
790 1909 859 1946 aratura

79 1982 103 2010 ac
116 1968 211 2011 divinitas
227 1976 331 2025 separatae
346 1983 358 2010 a
374 1982 397 2010 se
413 1969 498 2011 invicem
515 1968 616 2021 existant,
641 1984 711 2012 verum
727 1971 806 2013 tametsi
820 1987 860 2016 nna

80 2045 133 2079 esset
149 2037 255 2090 divinitas,
279 2037 327 2079 nihil
343 2038 369 2080 olo
383 2037 481 2080 sinceram
498 2044 519 2080 et
532 2038 707 2095 incomparabilem
721 2047 812 2083 naturam
829 2049 861 2085 est

80 2119 181 2162 perpessa.
212 2107 241 2149 At
255 2104 348 2149 Christus
365 2115 385 2148 et
397 2107 418 2148 in
434 2120 495 2149 earne
506 2121 576 2163 passus
586 2114 629 2159 est,
650 2115 671 2148 et
684 2108 706 2149 iu
716 2109 785 2151 eadem
796 2118 861 2153 morte

80 2181 110 2216 est
120 2175 214 2228 allectus,
236 2189 280 2218 cum
291 2175 371 2217 iuterim
384 2175 487 2218 divinitate
500 2176 544 2232 ipsa
558 2175 635 2217 viveret
648 2189 672 2218 ae
684 2185 773 2221 mortuos
785 2180 861 2222 excita-

79 2250 121 2296 ret,
138 2258 210 2302 eorpus
223 2258 272 2286 vero
285 2258 357 2286 revera
367 2244 474 2300 sepultum,
490 2259 513 2285 ac
525 2244 590 2287 triduo
601 2245 667 2287 anima
676 2259 747 2289 carens
760 2255 780 2290 et
789 2248 861 2305 spiritu

79 2319 177 2369 motuque
187 2314 275 2366 iaceret,
291 2312 405 2355 obvolutum
421 2313 518 2365 sindone,
540 2313 561 2355 in
577 2323 726 2357 monumentum
740 2317 859 2373 depositum,

80 2381 178 2424 occlusum
196 2382 298 2439 lapideae
314 2381 384 2437 sigillis
401 2381 534 2436 obsignatum.
565 2381 638 2439 Neque
653 2397 703 2425 vero
714 2384 758 2440 ipsa
770 2393 802 2428 est
813 2402 861 2429 con-

80 2448 133 2492 clusa
143 2450 254 2502 diuinitas,
271 2458 305 2493 aut
317 2451 406 2507 sepulta,
422 2451 457 2491 sed
469 2465 513 2492 oum
527 2450 653 2493 sanctissima
663 2452 706 2494 eins
718 2455 785 2496 anima
797 2457 820 2497 ad
831 2457 861 2498 in-

80 2516 132 2560 feros
145 2518 259 2571 descendit,
275 2518 400 2575 indidemque
410 2519 499 2576 captivas
511 2519 586 2562 animas
600 2520 684 2577 eripuit,
700 2525 797 2565 steinalum
809 2541 860 2566 mor-
882 2536 894 2564 1.
902 2536 938 2566 cnr.

80 2589 104 2626 tia
116 2590 206 2643 enfregt't,
227 2591 325 2638 claustra,
347 2597 367 2630 et
376 2591 498 2630 adamantino
509 2591 602 2642 repagula
611 2595 706 2644 perrupit.
738 2591 812 2636 Mortis
824 2596 859 2637 dn·
879 2570 940 2635 ldiddu.

79 2653 132 2697 lores
141 2671 177 2699 sna
186 2665 283 2715 potestate
293 2657 395 2709 dissolvit3
412 2666 452 2699 tum
461 2673 501 2700 uua
511 2672 554 2700 eum
565 2658 630 2700 anima
640 2660 723 2703 emersit
732 2662 755 2703 ad
767 2677 859 2719 superos.
885 2640 916 2678 Μ’
924 2642 938 2670 θ’

81 2720 137 2777 Quae
148 2726 227 2782 quidem
238 2730 302 2767 anima
313 2729 389 2767 minime
400 2729 451 2781 opud
461 2728 533 2780 anseres
545 2720 613 2767 relicto
622 2730 675 2781 snit,
692 2745 753 2785 neque
762 2746 808 2773 curo
817 2748 861 2774 eor·
880 2743 937 2808 ppatpp.

900 2801 905 2816 ‚
933 2801 938 2808 ,

102 2815 129 2848 55.
141 2817 181 2852 deod
199 2820 263 2862 σημεῖα
279 2818 325 2850 codd.
338 2827 375 2850 mss.
391 2821 405 2850 et
419 2819 457 2851 edit.
501 2818 529 2852 59.
542 2818 636 2863 apparione
651 2824 762 2864 scriptumest
775 2826 833 2866 utique
842 2828 860 2860 ta
869 2849 897 2877 A,

78 2861 129 2900 Ptine-
151 2863 303 2908 ffeeeqpelncedtt.
315 2864 371 2897 Petnv.
478 2865 573 2898 coddarss.
686 2874 689 2879 ·
882 2858 903 2878 ⁰¹

102 2906 130 2941 nli.
141 2905 194 2944 edred
206 2911 252 2943 codd.
262 2919 299 2942 mas.
311 2912 326 2942 at
336 2910 373 2942 edit.
382 2911 433 2951 princ.
502 2910 529 2944 no.
539 2906 581 2956 ᾅδου
591 2913 648 2953 lepitur
656 2915 674 2947 in
682 2916 754 2948 Porrecto
763 2925 804 2957 pop.
811 2916 860 2951 1099.

102 2951 129 2986 57.
147 2955 211 2994 „Adde
227 2954 257 2990 καὶ
272 2955 305 3000 τῆς
321 2952 403 2998 {teda-quoe
419 2951 458 2990 κατ’
479 2966 509 2998 pro
520 2954 599 2991 auterno.
918 2998 923 3007 Ι

82 2992 142 3032 tetam
166 3002 246 3035 Petuntur.
503 3001 531 3035 61.
542 3000 560 3036 ἐι
570 3004 617 3037 codd.
627 3014 665 3038 aros.
678 3009 693 3038 et
707 3006 744 3039 edit.
753 3009 806 3047 princ.
830 3007 861 3045 odo

102 3043 129 3077 58·
147 3043 167 3081 δὲ
182 3044 210 3083 διὰ
222 3049 259 3081 edit.
269 3049 334 3089 Petne,
350 3049 404 3082 invitis
413 3049 458 3081 tibris
480 3050 517 3082 edit.
529 3049 585 3081 Petne.

80 3091 116 3122 ortt.
503 3093 531 3129 62.
543 3090 567 3139 μή
628 3094 689 3145 teloqc
699 3098 746 3134 codd.
757 3108 795 3136 ruse.
818 3074 861 3138 Nunc

904 2818 920 2843 et

911 2850 926 2886 ²,
934 2851 956 2881 dl.
