1988 3392
224 249 318 284 ranann
329 251 373 284 nm.
383 251 412 285 ιιι.
423 250 478 285 rou.
488 251 503 284 ι.
515 249 584 284 nana.
595 249 669 283 Luxu.
803 240 843 283 181

55 329 162 373 discrimen
172 338 212 374 est.
242 329 280 373 Est
291 330 343 373 enim
357 331 459 374 amborum
472 345 523 374 unns
540 330 601 382 ordo,
623 344 660 386 pm·
677 336 698 371 et
712 328 765 371 idem
780 329 846 372 bonor

56 415 79 443 ae
88 398 183 455 dignitas.
213 398 288 443 Manus
297 398 382 456 imponit
391 399 504 457 episcopus,
520 399 604 456 imponit
614 406 634 440 et
644 399 763 455 presbyter,
781 399 846 455 bapti·

55 476 90 512 zat
105 468 222 527 episeopus,
242 469 294 512 idem
311 470 359 511 iacit
377 476 397 510 et
415 469 527 525 presbyter.
558 467 653 510 Divinum
672 482 750 510 omnnem
769 467 843 510 cubum

55 536 180 580 administrat
190 538 307 595 episcopus,
328 553 367 580 non
381 538 446 580 minus
459 537 477 579 id
493 538 571 580 incitet
585 536 699 594 presbyter.
731 534 844 593 Episcopus

55 607 75 648 in
86 607 158 649 tbrono
168 608 233 659 sedet,
246 607 334 649 sedetet
345 607 458 664 presbyter.
482 606 519 648 His
531 608 551 648 in
563 607 634 662 vulgus
646 605 725 648 iactatis
737 606 844 662 pterosque

54 675 75 717 in
94 689 183 718 errorem
200 676 295 728 abduxit,
316 690 399 733 quornm
417 682 485 718 sectae
507 675 599 732 princeps
617 675 692 718 extitit.
723 672 842 725 Praeterea,

55 743 160 799 Qaitest,
182 744 257 801 inquit,
273 743 364 798 Pascha,
386 746 437 800 quod
450 759 461 785 a
474 745 532 786 vobis
547 744 676 786 celebratur?
705 741 843 786 Niruirmnad

55 810 174 855 ludaeorum
192 814 255 855 adbuc
271 814 347 856 fabulas
364 812 521 864 adhaerescitis3
543 813 674 868 nequeenim
690 811 796 855 Pascbatis
809 825 843 853 so-

54 881 147 923 lemnitas
163 881 265 924 obeunda:
288 885 379 934 Quoniam
395 883 469 922 Puselca
481 890 568 922 ausuum
580 883 948 931 cinmolntusesthm'stus.1.cae.s,'c‚

54 947 124 1007 Pergit
136 950 218 1002 deinde,
241 949 280 1003 Et,
297 964 346 1006 qnae
357 950 408 992 ratio
419 957 462 1001 est,
478 950 552 1006 inquit,
573 958 618 1005 post
633 949 708 991 obitum
719 956 842 991 mortuorum

54 1018 154 1075 appellare
172 1018 265 1061 norniua?
294 1017 347 1060 Nam
359 1025 380 1060 nt
391 1019 450 1060 vivus
461 1025 516 1070 oret,
539 1024 573 1059 aut
588 1018 608 1058 in
626 1031 725 1074 pauperes
741 1017 793 1058 borna
806 1031 843 1059 sna

54 1087 164 1143 dispenset,
180 1087 226 1144 qnid
236 1101 297 1129 exea
309 1101 331 1129 re
343 1087 422 1128 tandem
435 1086 459 1128 ad
470 1094 570 1128 mortuum
581 1086 646 1127 redut
675 1084 734 1141 Quod
745 1085 762 1127 si
773 1099 844 1141 snper-

54 1155 122 1197 stitum
134 1169 204 1210 preces
214 1155 239 1197 iis
249 1155 282 1212 qui
293 1169 320 1197 ex
330 1155 367 1198 bac
378 1154 419 1197 vita
431 1156 562 1197 discesserint
571 1154 664 1211 opitulari
675 1161 767 1211 possunt,
784 1168 844 1196 nemo

53 1223 85 1279 pie
103 1223 196 1281 deinceps
215 1232 261 1279 agat
277 1224 363 1280 aliquid,
386 1238 450 1280 neque
466 1223 513 1265 boni
525 1224 630 1280 quiequam
641 1223 700 1274 iacit,
722 1223 757 1264 sed
767 1221 843 1264 amicos
862 1222 864 1224 ’

54 1292 91 1334 sibi
101 1292 179 1348 aliquos
190 1307 313 1348 quacumque
324 1293 402 1334 ratione
419 1291 467 1335 vetit
479 1293 585 1348 adiungat,
608 1292 651 1334 sive
663 1291 792 1348 pecuniarum
804 1292 844 1333 iar·

53 1360 141 1416 gitioue‚
163 1361 207 1402 sive
220 1362 312 1417 precibus
326 1362 363 1403 icoo
375 1360 399 1402 ab
412 1361 451 1403 iilis
463 1361 500 1402 snb
513 1361 566 1402 vitae
579 1361 637 1402 baem
650 1359 756 1416 impetret,
772 1368 794 1402 nt
807 1374 843 1415 pro

53 1443 76 1471 se
87 1430 145 1470 deum
156 1437 254 1481 exorent,
270 1436 291 1471 ut
304 1444 329 1471 ne
341 1429 381 1471 iilic
393 1429 465 1485 aliquid
479 1428 599 1471 incommodi
610 1428 709 1485 patiatur,
725 1443 763 1470 uec
773 1429 844 1469 inaura-

54 1497 107 1539 nium
118 1511 129 1538 a
141 1511 164 1538 se
176 1497 286 1540 facinorum
298 1511 375 1554 poenae
388 1504 511 1554 repetantur.
544 1496 584 1539 Sed
599 1511 663 1552 neque
677 1497 754 1549 ieiunii,
770 1496 842 1552 inquit,

53 1565 169 1607 instituendi
181 1566 219 1607 uita
232 1566 284 1607 ratio
296 1573 334 1608 est.
357 1564 413 1607 Haec
424 1565 476 1607 etaim
488 1565 554 1607 omnia
567 1564 684 1607 iudaeorum
695 1565 775 1621 propria
787 1572 842 1616 sunt,

53 1641 74 1676 et
83 1634 160 1676 cuidam
171 1634 275 1676 servitutis
286 1634 332 1688 ingo
343 1634 441 1676 subiecta.
472 1632 551 1689 Quippe
562 1637 613 1674 inesto
623 1635 678 1673 neella
689 1636 722 1674 lea
729 1637 794 1686 posita
802 1641 839 1682 est,
848 1646 862 1675 1.
868 1643 909 1674 Tim.
916 1646 930 1682 1,
935 1644 949 1675 a.

52 1705 87 1742 sed
95 1704 202 1756 praeciditis
212 1716 236 1742 cc
246 1705 353 1742 matricidis
363 1704 466 1750 duntaxat,
484 1710 505 1742 et
513 1705 535 1742 id
542 1716 606 1755 genus
616 1703 668 1742 altis.
699 1699 753 1743 Nam
762 1702 779 1742 si
790 1701 841 1742 ieiu-

53 1784 102 1812 nare
112 1770 194 1812 omnino
202 1770 335 1821 decreverim,
345 1784 468 1826 quacumque
480 1770 609 1821 libueritdie,
618 1779 690 1825 sponte
700 1777 720 1812 ct
728 1759 806 1824 integro
817 1769 840 1810 Ιί-

53 1838 132 1879 bertate
144 1837 244 1879 iciunabo.
262 1836 315 1879 Hinc
325 1845 356 1878 est
367 1839 419 1893 quod
432 1837 464 1879 isti
478 1838 576 1879 ricminica
587 1838 619 1879 die
632 1838 722 1879 ieiunare
734 1838 799 1894 potius
810 1839 839 1878 ai-

53 1906 140 1958 iactant,
163 1913 232 1962 quarta
249 1920 299 1947 vero
310 1913 409 1961 sextaque
422 1904 471 1947 seria
485 1913 602 1948 vescantur.
634 1903 758 1962 Quamquam
772 1919 843 1962 sarpe-

53 1988 137 2016 numero
148 1981 218 2030 quarrata
229 1973 388 2024 ieriaieiunent,
405 1989 443 2015 non
456 1974 493 2014 nita
507 1974 560 2029 tege,
577 1975 612 2016 sed
626 1975 737 2025 autumate,
754 1981 776 2015 ut
787 1988 843 2016 assc-

53 2051 113 2094 rnut,
134 2042 216 2085 inducti.
246 2041 312 2085 Porro
328 2042 397 2084 diebus
413 2042 462 2098 ipsis
480 2041 596 2096 paschatis,
618 2044 669 2099 quod
691 2050 769 2100 toumus
789 2043 842 2085 Ιιιιιιιῑ

53 2112 157 2164 cubando,
172 2112 309 2154 castimoniam
324 2112 424 2153 sorvamdu
436 2106 587 2167 afflictartdotpue
600 2126 697 2167 corpore,
719 2125 757 2152 uec
770 2126 809 2153 mm
822 2120 843 2153 et

53 2181 154 2223 aridorum
167 2180 256 2222 ciborum
274 2194 322 2231 usu,
344 2180 448 2236 precibus,
470 2179 555 2234 vigitiis,
577 2179 669 2231 ieiuniis,
691 2194 715 2222 uc
729 2179 811 2236 reliquis
822 2179 841 2221 id

40 2264 117 2307 rgenus
137 2249 274 2291 saluberrimis
295 2249 385 2307 corporis
405 2249 526 2292 cramiatibus
541 2249 644 2291 celebrare
663 2248 764 2301 solemus,
787 2249 842 2292 iidie

54 2319 156 2361 contrario
168 2320 207 2361 iam
219 2326 260 2361 tum
271 2319 357 2360 diluente
371 2318 465 2361 obsonari
478 2320 552 2370 soient,
569 2326 589 2360 et
599 2319 692 2361 caricibus
703 2318 790 2375 vinoque
802 2318 843 2360 dis·

54 2390 103 2431 tenti
119 2388 246 2441 ancirianam,
268 2388 347 2440 ridere,
369 2402 444 2445 cosque
461 2388 492 2444 qni
510 2389 562 2431 iliam
580 2387 682 2431 Pasebatis
700 2389 842 2431 hebdomadem

53 2457 185 2501 sanctissimis
204 2456 244 2499 ittis
262 2457 393 2514 reiigionibus
413 2458 518 2499 traducunt
537 2457 622 2499 ludibrio
644 2457 725 2500 babere.
762 2456 843 2500 Etenim

54 2527 133 2569 tametsi
149 2522 265 2569 renuntiare
283 2542 305 2569 se
323 2529 383 2569 rebus
401 2527 493 2569 uirtutibus
509 2527 653 2584 profiteantur,
676 2527 756 2568 minime
776 2536 843 2569 tamen

54 2596 107 2639 vitae
119 2596 166 2638 ἰΙΙιιιΙ
183 2596 295 2638 institutum
312 2597 433 2649 observant,
456 2597 491 2638 sed
511 2596 603 2639 carnibus
621 2610 644 2638 ae
662 2596 784 2638 vincientiae
800 2598 843 2654 pius

54 2680 118 2722 aequo
136 2665 252 2721 induigeut3
274 2664 311 2707 nisi
329 2668 379 2708 t'ortc
398 2666 453 2721 pauci
472 2666 575 2707 admodum
593 2666 646 2707 inter
662 2665 707 2707 iiius
722 2673 793 2721 sponte
806 2680 843 2709 sna

54 2734 140 2791 priorem
152 2734 205 2776 iiiam
217 2734 269 2776 ritae
282 2734 378 2776 rationem
390 2735 498 2776 retineant.
526 2732 599 2777 Maiori
613 2734 665 2776 enim
676 2748 703 2776 cx
715 2741 769 2789 parte
783 2735 843 2791 iargi-

54 2803 122 2844 oribns
133 2803 204 2859 epuiis,
221 2803 321 2854 cararibns,
338 2818 361 2845 ac
373 2804 419 2845 ιιιιο
431 2817 477 2846 sese
486 2802 616 2859 ingurgitant,
633 2810 704 2845 autnon
716 2805 778 2846 sunm}
790 2804 841 2846 dixi-

55 2886 106 2914 mus,
128 2870 184 2915 Haec
197 2880 243 2914 sunt
255 2873 360 2930 praecipue
375 2887 426 2928 quiae
442 2872 517 2915 Aiirius
532 2874 552 2914 in
568 2873 620 2914 hune
635 2873 728 2914 rutundum
744 2874 840 2915 evomuit.

55 3011 104 3044 edidit
114 3009 224 3053 πατραλοίαις
234 3013 265 3047 ant
275 3009 385 3056 μητραλοίαις
483 3010 500 3044 Β.
519 3007 635 3054 ἀναγκάζουσι
652 3011 729 3057 λέγοντες
746 3014 803 3046 uitium
821 3016 844 3051 cst

78 3057 94 3089 i.
106 3056 149 3088 euru
161 3052 197 3091 ἀλλ’
207 3055 248 3103 ἰδίᾳ.
273 3059 307 3094 Pro
316 3056 361 3102 φησὶ
371 3058 439 3098 fortusse
461 3059 496 3091 ced.
512 3059 577 3097 tttndip.

55 3102 155 3136 scribendum
166 3101 215 3148 pact
485 3104 501 3138 9.
513 3097 547 3148 cipe
559 3105 595 3143 libri·
607 3106 654 3156 cntpo
665 3105 727 3148 babent,
