<?xml version="1.0" encoding="UTF-8"?>
<!DOCTYPE html PUBLIC "-//W3C//DTD XHTML 1.0 Transitional//EN"
    "http://www.w3.org/TR/xhtml1/DTD/xhtml1-transitional.dtd">
<html xmlns="http://www.w3.org/1999/xhtml" xml:lang="en" lang="en">
 <head>
  <title>
</title>
<meta http-equiv="Content-Type" content="text/html;charset=utf-8" />
  <meta name='ocr-system' content='tesseract 3.04.00' />
  <meta name='ocr-capabilities' content='ocr_page ocr_carea ocr_par ocr_line ocrx_word'/>
</head>
<body>
  <div class='ocr_page' id='page_1' title='image "./MN41650ucmf_1/MN41650ucmf_1_0401.png"; bbox 0 0 1988 3392; ppageno 0'>
   <div class='ocr_carea' id='block_1_1' title="bbox 261 235 878 281">
    <p class='ocr_par' dir='ltr' id='par_1_1' title="bbox 261 235 878 281">
     <span class='ocr_line' id='line_1_1' title="bbox 261 235 878 281; baseline 0 -3"><span class='ocrx_word' id='word_1_1' title='bbox 261 244 355 279; x_wconf 80' lang='lat' dir='ltr'><strong>raanan</strong></span> <span class='ocrx_word' id='word_1_2' title='bbox 367 245 446 279; x_wconf 76' lang='lat' dir='ltr'><strong>nrum</strong></span> <span class='ocrx_word' id='word_1_3' title='bbox 460 247 515 281; x_wconf 83' lang='lat' dir='ltr'><strong>rom.</strong></span> <span class='ocrx_word' id='word_1_4' title='bbox 524 247 545 281; x_wconf 92' lang='lat' dir='ltr'><strong>rr.</strong></span> <span class='ocrx_word' id='word_1_5' title='bbox 556 245 720 280; x_wconf 63' lang='lat' dir='ltr'><strong>nsueuxxvu.</strong></span> <span class='ocrx_word' id='word_1_6' title='bbox 834 235 878 278; x_wconf 79' lang='lat'><strong>379</strong></span> 
     </span>
    </p>
   </div>
   <div class='ocr_carea' id='block_1_2' title="bbox 72 323 883 1686">
    <p class='ocr_par' dir='ltr' id='par_1_2' title="bbox 72 323 883 1686">
     <span class='ocr_line' id='line_1_2' title="bbox 72 323 879 383; baseline -0.004 -13"><span class='ocrx_word' id='word_1_7' title='bbox 72 360 74 363; x_wconf 79' lang='lat'><em>.</em></span> <span class='ocrx_word' id='word_1_8' title='bbox 85 326 154 370; x_wconf 28' lang='lat' dir='ltr'><strong>*nohis</strong></span> <span class='ocrx_word' id='word_1_9' title='bbox 165 325 298 381; x_wconf 71' lang='lat' dir='ltr'><strong>anteponendi</strong></span> <span class='ocrx_word' id='word_1_10' title='bbox 309 332 367 367; x_wconf 91' lang='lat' dir='ltr'><strong>erunt</strong></span> <span class='ocrx_word' id='word_1_11' title='bbox 377 323 492 369; x_wconf 76' lang='lat' dir='ltr'><strong>Manichaei</strong></span> <span class='ocrx_word' id='word_1_12' title='bbox 502 341 525 369; x_wconf 92' lang='lat' dir='ltr'><strong>ac</strong></span> <span class='ocrx_word' id='word_1_13' title='bbox 533 325 686 379; x_wconf 87' lang='lat' dir='ltr'><strong>Marcionistae,</strong></span> <span class='ocrx_word' id='word_1_14' title='bbox 703 333 822 383; x_wconf 76' lang='lat' dir='ltr'>ceteraeque</span> <span class='ocrx_word' id='word_1_15' title='bbox 831 325 879 368; x_wconf 90' lang='lat' dir='ltr'><strong>bae·</strong></span> 
     </span>
     <span class='ocr_line' id='line_1_3' title="bbox 95 394 879 449; baseline -0.001 -12"><span class='ocrx_word' id='word_1_16' title='bbox 95 409 164 446; x_wconf 89' lang='lat' dir='ltr'><strong>reses,</strong></span> <span class='ocrx_word' id='word_1_17' title='bbox 188 408 250 449; x_wconf 90' lang='lat' dir='ltr'><strong>quae,</strong></span> <span class='ocrx_word' id='word_1_18' title='bbox 273 408 298 435; x_wconf 95' lang='lat' dir='ltr'><strong>ne</strong></span> <span class='ocrx_word' id='word_1_19' title='bbox 313 394 400 436; x_wconf 84' lang='lat' dir='ltr'><strong>divinam</strong></span> <span class='ocrx_word' id='word_1_20' title='bbox 417 395 541 438; x_wconf 90' lang='lat' dir='ltr'><strong>maiestatem</strong></span> <span class='ocrx_word' id='word_1_21' title='bbox 557 396 675 438; x_wconf 79' lang='lat' dir='ltr'><strong>imminuere</strong></span> <span class='ocrx_word' id='word_1_22' title='bbox 695 395 811 447; x_wconf 91' lang='lat' dir='ltr'><strong>videantur,</strong></span> <span class='ocrx_word' id='word_1_23' title='bbox 834 408 879 437; x_wconf 92' lang='lat' dir='ltr'><strong>car-</strong></span> 
     </span>
     <span class='ocr_line' id='line_1_4' title="bbox 96 461 879 507; baseline -0.003 -1"><span class='ocrx_word' id='word_1_24' title='bbox 96 478 140 507; x_wconf 90' lang='lat' dir='ltr'><strong>nem</strong></span> <span class='ocrx_word' id='word_1_25' title='bbox 155 462 174 503; x_wconf 92' lang='lat' dir='ltr'><strong>ei</strong></span> <span class='ocrx_word' id='word_1_26' title='bbox 186 461 309 504; x_wconf 90' lang='lat' dir='ltr'><strong>tribuendam</strong></span> <span class='ocrx_word' id='word_1_27' title='bbox 325 476 424 504; x_wconf 90' lang='lat' dir='ltr'><strong>essenon</strong></span> <span class='ocrx_word' id='word_1_28' title='bbox 441 463 564 506; x_wconf 88' lang='lat' dir='ltr'><strong>existimant.</strong></span> <span class='ocrx_word' id='word_1_29' title='bbox 594 463 672 507; x_wconf 89' lang='lat' dir='ltr'><strong>Verum</strong></span> <span class='ocrx_word' id='word_1_30' title='bbox 684 479 723 505; x_wconf 91' lang='lat' dir='ltr'><strong>non</strong></span> <span class='ocrx_word' id='word_1_31' title='bbox 736 477 763 505; x_wconf 85' lang='lat' dir='ltr'><strong>cx</strong></span> <span class='ocrx_word' id='word_1_32' title='bbox 778 463 879 505; x_wconf 87' lang='lat' dir='ltr'><strong>hominnm</strong></span> 
     </span>
     <span class='ocr_line' id='line_1_5' title="bbox 95 530 879 587; baseline -0.004 -12"><span class='ocrx_word' id='word_1_33' title='bbox 95 531 198 575; x_wconf 89' lang='lat' dir='ltr'><strong>voluntate</strong></span> <span class='ocrx_word' id='word_1_34' title='bbox 217 530 308 572; x_wconf 87' lang='lat' dir='ltr'><strong>veritatis</strong></span> <span class='ocrx_word' id='word_1_35' title='bbox 322 544 418 586; x_wconf 89' lang='lat' dir='ltr'><strong>suspensa</strong></span> <span class='ocrx_word' id='word_1_36' title='bbox 435 532 521 584; x_wconf 83' lang='lat' dir='ltr'><strong>visest,</strong></span> <span class='ocrx_word' id='word_1_37' title='bbox 544 534 578 574; x_wconf 92' lang='lat' dir='ltr'><strong>sed</strong></span> <span class='ocrx_word' id='word_1_38' title='bbox 594 547 622 574; x_wconf 84' lang='lat' dir='ltr'><strong>ex</strong></span> <span class='ocrx_word' id='word_1_39' title='bbox 635 533 723 575; x_wconf 89' lang='lat' dir='ltr'><strong>eiusdem</strong></span> <span class='ocrx_word' id='word_1_40' title='bbox 738 532 879 587; x_wconf 69' lang='lat' dir='ltr'><strong>gubernatrice</strong></span> 
     </span>
     <span class='ocr_line' id='line_1_6' title="bbox 96 598 880 655; baseline -0.004 -13"><span class='ocrx_word' id='word_1_41' title='bbox 96 599 194 655; x_wconf 86' lang='lat' dir='ltr'><strong>sapientia</strong></span> <span class='ocrx_word' id='word_1_42' title='bbox 205 599 394 653; x_wconf 88' lang='lat' dir='ltr'><strong>administrandiquc</strong></span> <span class='ocrx_word' id='word_1_43' title='bbox 409 600 515 652; x_wconf 87' lang='lat' dir='ltr'><strong>facultate,</strong></span> <span class='ocrx_word' id='word_1_44' title='bbox 535 614 585 655; x_wconf 87' lang='lat' dir='ltr'><strong>quae</strong></span> <span class='ocrx_word' id='word_1_45' title='bbox 598 600 651 643; x_wconf 88' lang='lat' dir='ltr'><strong>nullo</strong></span> <span class='ocrx_word' id='word_1_46' title='bbox 664 602 723 642; x_wconf 90' lang='lat' dir='ltr'><strong>modo</strong></span> <span class='ocrx_word' id='word_1_47' title='bbox 739 598 880 655; x_wconf 78' lang='lat' dir='ltr'><strong>comprehendi</strong></span> 
     </span>
     <span class='ocr_line' id='line_1_7' title="bbox 96 665 880 725; baseline 0 -17"><span class='ocrx_word' id='word_1_48' title='bbox 96 674 173 725; x_wconf 91' lang='lat' dir='ltr'><strong>potest,</strong></span> <span class='ocrx_word' id='word_1_49' title='bbox 195 667 325 710; x_wconf 88' lang='lat' dir='ltr'><strong>aestimanda.</strong></span> <span class='ocrx_word' id='word_1_50' title='bbox 357 665 457 721; x_wconf 79' lang='lat' dir='ltr'><strong>Quocirca</strong></span> <span class='ocrx_word' id='word_1_51' title='bbox 474 683 518 710; x_wconf 91' lang='lat' dir='ltr'><strong>curn</strong></span> <span class='ocrx_word' id='word_1_52' title='bbox 532 667 628 709; x_wconf 90' lang='lat' dir='ltr'><strong>eiusmodi</strong></span> <span class='ocrx_word' id='word_1_53' title='bbox 642 671 668 710; x_wconf 91' lang='lat' dir='ltr'><strong>sit</strong></span> <span class='ocrx_word' id='word_1_54' title='bbox 680 669 724 711; x_wconf 89' lang='lat' dir='ltr'><strong>fidei</strong></span> <span class='ocrx_word' id='word_1_55' title='bbox 736 676 818 710; x_wconf 88' lang='lat' dir='ltr'><strong>nostrae</strong></span> <span class='ocrx_word' id='word_1_56' title='bbox 833 682 880 724; x_wconf 90' lang='lat' dir='ltr'><strong>pro-</strong></span> 
     </span>
     <span class='ocr_line' id='line_1_8' title="bbox 96 734 880 795; baseline -0.003 -16"><span class='ocrx_word' id='word_1_57' title='bbox 96 736 168 787; x_wconf 82' lang='lat' dir='ltr'><strong>fessio,</strong></span> <span class='ocrx_word' id='word_1_58' title='bbox 192 749 257 791; x_wconf 86' lang='lat' dir='ltr'><strong>ncque</strong></span> <span class='ocrx_word' id='word_1_59' title='bbox 273 751 316 777; x_wconf 87' lang='lat' dir='ltr'><strong>curn</strong></span> <span class='ocrx_word' id='word_1_60' title='bbox 328 734 448 778; x_wconf 87' lang='lat' dir='ltr'><strong>Manichaeo</strong></span> <span class='ocrx_word' id='word_1_61' title='bbox 465 738 575 779; x_wconf 90' lang='lat' dir='ltr'><strong>sentiamus</strong></span> <span class='ocrx_word' id='word_1_62' title='bbox 593 737 710 790; x_wconf 87' lang='lat' dir='ltr'><strong>(nonenim</strong></span> <span class='ocrx_word' id='word_1_63' title='bbox 727 737 836 795; x_wconf 81' lang='lat' dir='ltr'><strong>gratificari</strong></span> <span class='ocrx_word' id='word_1_64' title='bbox 846 736 880 777; x_wconf 89' lang='lat' dir='ltr'><strong>ille</strong></span> 
     </span>
     <span class='ocr_line' id='line_1_9' title="bbox 96 802 880 861; baseline 0 -16"><span class='ocrx_word' id='word_1_65' title='bbox 96 804 193 861; x_wconf 88' lang='lat' dir='ltr'><strong>putandus</strong></span> <span class='ocrx_word' id='word_1_66' title='bbox 205 811 248 856; x_wconf 91' lang='lat' dir='ltr'><strong>est,</strong></span> <span class='ocrx_word' id='word_1_67' title='bbox 270 819 314 846; x_wconf 90' lang='lat' dir='ltr'><strong>eum</strong></span> <span class='ocrx_word' id='word_1_68' title='bbox 328 805 352 846; x_wconf 89' lang='lat' dir='ltr'><strong>ad</strong></span> <span class='ocrx_word' id='word_1_69' title='bbox 363 805 458 847; x_wconf 84' lang='lat' dir='ltr'><strong>maiorem</strong></span> <span class='ocrx_word' id='word_1_70' title='bbox 470 802 545 847; x_wconf 84' lang='lat' dir='ltr'><strong>Christi</strong></span> <span class='ocrx_word' id='word_1_71' title='bbox 562 806 753 847; x_wconf 64' lang='lat' dir='ltr'><strong>conmendacionem</strong></span> <span class='ocrx_word' id='word_1_72' title='bbox 769 818 850 847; x_wconf 89' lang='lat' dir='ltr'><strong>carnem</strong></span> <span class='ocrx_word' id='word_1_73' title='bbox 861 804 880 845; x_wconf 88' lang='lat' dir='ltr'><strong>ci</strong></span> 
     </span>
     <span class='ocr_line' id='line_1_10' title="bbox 96 872 879 930; baseline 0.001 -16"><span class='ocrx_word' id='word_1_74' title='bbox 96 872 194 926; x_wconf 83' lang='lat' dir='ltr'><strong>detrahit,</strong></span> <span class='ocrx_word' id='word_1_75' title='bbox 216 873 251 915; x_wconf 89' lang='lat' dir='ltr'><strong>sed</strong></span> <span class='ocrx_word' id='word_1_76' title='bbox 267 872 374 916; x_wconf 88' lang='lat' dir='ltr'><strong>averitate</strong></span> <span class='ocrx_word' id='word_1_77' title='bbox 388 873 453 930; x_wconf 89' lang='lat' dir='ltr'><strong>potius</strong></span> <span class='ocrx_word' id='word_1_78' title='bbox 469 873 575 925; x_wconf 89' lang='lat' dir='ltr'><strong>abhorret,</strong></span> <span class='ocrx_word' id='word_1_79' title='bbox 597 874 642 915; x_wconf 82' lang='lat' dir='ltr'><strong>dum</strong></span> <span class='ocrx_word' id='word_1_80' title='bbox 657 874 710 916; x_wconf 86' lang='lat' dir='ltr'><strong>illins</strong></span> <span class='ocrx_word' id='word_1_81' title='bbox 721 874 879 917; x_wconf 84' lang='lat' dir='ltr'><strong>incarnationem</strong></span> 
     </span>
     <span class='ocr_line' id='line_1_11' title="bbox 97 942 880 1000; baseline -0.001 -14"><span class='ocrx_word' id='word_1_82' title='bbox 97 942 163 1000; x_wconf 90' lang='lat' dir='ltr'><strong>specie</strong></span> <span class='ocrx_word' id='word_1_83' title='bbox 176 943 219 986; x_wconf 92' lang='lat' dir='ltr'><strong>sola</strong></span> <span class='ocrx_word' id='word_1_84' title='bbox 235 950 328 986; x_wconf 88' lang='lat' dir='ltr'><strong>constare</strong></span> <span class='ocrx_word' id='word_1_85' title='bbox 343 943 423 999; x_wconf 83' lang='lat' dir='ltr'><strong>docet),</strong></span> <span class='ocrx_word' id='word_1_86' title='bbox 443 943 513 985; x_wconf 89' lang='lat' dir='ltr'><strong>ecdem</strong></span> <span class='ocrx_word' id='word_1_87' title='bbox 525 943 584 1000; x_wconf 87' lang='lat' dir='ltr'><strong>plane</strong></span> <span class='ocrx_word' id='word_1_88' title='bbox 600 944 658 986; x_wconf 92' lang='lat' dir='ltr'><strong>modo</strong></span> <span class='ocrx_word' id='word_1_89' title='bbox 673 944 782 986; x_wconf 88' lang='lat' dir='ltr'><strong>vanissima</strong></span> <span class='ocrx_word' id='word_1_90' title='bbox 798 945 880 986; x_wconf 89' lang='lat' dir='ltr'><strong>l&#39;ratrum</strong></span> 
     </span>
     <span class='ocr_line' id='line_1_12' title="bbox 97 1008 881 1070; baseline -0.001 -15"><span class='ocrx_word' id='word_1_91' title='bbox 97 1020 210 1055; x_wconf 89' lang='lat' dir='ltr'><strong>nostrorum</strong></span> <span class='ocrx_word' id='word_1_92' title='bbox 221 1013 259 1056; x_wconf 90' lang='lat' dir='ltr'><strong>erit</strong></span> <span class='ocrx_word' id='word_1_93' title='bbox 268 1008 301 1056; x_wconf 86' lang='lat' dir='ltr'><strong>illa</strong></span> <span class='ocrx_word' id='word_1_94' title='bbox 313 1014 430 1070; x_wconf 88' lang='lat' dir='ltr'><strong>disputatio,</strong></span> <span class='ocrx_word' id='word_1_95' title='bbox 457 1013 634 1069; x_wconf 90' lang='lat' dir='ltr'><strong>inanissimumqnc</strong></span> <span class='ocrx_word' id='word_1_96' title='bbox 647 1014 697 1055; x_wconf 89' lang='lat' dir='ltr'><strong>bene</strong></span> <span class='ocrx_word' id='word_1_97' title='bbox 711 1015 735 1055; x_wconf 92' lang='lat' dir='ltr'><strong>de</strong></span> <span class='ocrx_word' id='word_1_98' title='bbox 747 1010 828 1056; x_wconf 85' lang='lat' dir='ltr'><strong>Christo</strong></span> <span class='ocrx_word' id='word_1_99' title='bbox 839 1026 881 1055; x_wconf 89' lang='lat' dir='ltr'><strong>me-</strong></span> 
     </span>
     <span class='ocr_line' id='line_1_13' title="bbox 96 1080 882 1139; baseline -0.001 -15"><span class='ocrx_word' id='word_1_100' title='bbox 96 1081 152 1124; x_wconf 90' lang='lat' dir='ltr'><strong>rendi</strong></span> <span class='ocrx_word' id='word_1_101' title='bbox 163 1083 258 1126; x_wconf 89' lang='lat' dir='ltr'><strong>studium.</strong></span> <span class='ocrx_word' id='word_1_102' title='bbox 288 1081 369 1124; x_wconf 87' lang='lat' dir='ltr'><strong>Etenim</strong></span> <span class='ocrx_word' id='word_1_103' title='bbox 381 1090 421 1125; x_wconf 84' lang='lat' dir='ltr'><strong>taur</strong></span> <span class='ocrx_word' id='word_1_104' title='bbox 437 1082 465 1125; x_wconf 90' lang='lat' dir='ltr'><strong>illi</strong></span> <span class='ocrx_word' id='word_1_105' title='bbox 476 1096 534 1138; x_wconf 90' lang='lat' dir='ltr'><strong>quam</strong></span> <span class='ocrx_word' id='word_1_106' title='bbox 548 1082 634 1139; x_wconf 87' lang='lat' dir='ltr'><strong>nosipsi</strong></span> <span class='ocrx_word' id='word_1_107' title='bbox 649 1084 673 1125; x_wconf 92' lang='lat' dir='ltr'><strong>de</strong></span> <span class='ocrx_word' id='word_1_108' title='bbox 686 1096 746 1124; x_wconf 88' lang='lat' dir='ltr'><strong>carne</strong></span> <span class='ocrx_word' id='word_1_109' title='bbox 759 1080 835 1125; x_wconf 87' lang='lat' dir='ltr'><strong>Christi</strong></span> <span class='ocrx_word' id='word_1_110' title='bbox 846 1095 882 1124; x_wconf 90' lang='lat' dir='ltr'><strong>ve-</strong></span> 
     </span>
     <span class='ocr_line' id='line_1_14' title="bbox 96 1151 882 1207; baseline -0.003 -13"><span class='ocrx_word' id='word_1_111' title='bbox 96 1151 156 1194; x_wconf 90' lang='lat' dir='ltr'><strong>ritate</strong></span> <span class='ocrx_word' id='word_1_112' title='bbox 167 1159 222 1194; x_wconf 89' lang='lat' dir='ltr'><strong>recte</strong></span> <span class='ocrx_word' id='word_1_113' title='bbox 238 1152 349 1203; x_wconf 88' lang='lat' dir='ltr'><strong>sentimus;</strong></span> <span class='ocrx_word' id='word_1_114' title='bbox 369 1152 408 1194; x_wconf 93' lang='lat' dir='ltr'><strong>nisi</strong></span> <span class='ocrx_word' id='word_1_115' title='bbox 420 1153 471 1194; x_wconf 84' lang='lat' dir='ltr'><strong>forte</strong></span> <span class='ocrx_word' id='word_1_116' title='bbox 483 1151 541 1193; x_wconf 91' lang='lat' dir='ltr'><strong>aliter</strong></span> <span class='ocrx_word' id='word_1_117' title='bbox 553 1158 642 1194; x_wconf 85' lang='lat' dir='ltr'><strong>statuere</strong></span> <span class='ocrx_word' id='word_1_118' title='bbox 653 1152 765 1204; x_wconf 70' lang='lat' dir='ltr'><strong>voluerint,</strong></span> <span class='ocrx_word' id='word_1_119' title='bbox 787 1151 882 1207; x_wconf 87' lang='lat' dir='ltr'><strong>quemad-</strong></span> 
     </span>
     <span class='ocr_line' id='line_1_15' title="bbox 97 1218 882 1277; baseline -0.001 -15"><span class='ocrx_word' id='word_1_120' title='bbox 97 1221 175 1262; x_wconf 87' lang='lat' dir='ltr'><strong>modum</strong></span> <span class='ocrx_word' id='word_1_121' title='bbox 193 1221 282 1263; x_wconf 89' lang='lat' dir='ltr'><strong>nonnnlli</strong></span> <span class='ocrx_word' id='word_1_122' title='bbox 298 1235 358 1277; x_wconf 86' lang='lat' dir='ltr'><strong>saepe</strong></span> <span class='ocrx_word' id='word_1_123' title='bbox 375 1235 401 1263; x_wconf 85' lang='lat' dir='ltr'><strong>ex</strong></span> <span class='ocrx_word' id='word_1_124' title='bbox 417 1221 495 1262; x_wconf 90' lang='lat' dir='ltr'><strong>illorum</strong></span> <span class='ocrx_word' id='word_1_125' title='bbox 511 1234 594 1262; x_wconf 90' lang='lat' dir='ltr'><strong>numero</strong></span> <span class='ocrx_word' id='word_1_126' title='bbox 610 1228 772 1277; x_wconf 80' lang='lat' dir='ltr'><strong>argumentorum</strong></span> <span class='ocrx_word' id='word_1_127' title='bbox 787 1220 807 1262; x_wconf 94' lang='lat' dir='ltr'><strong>vi</strong></span> <span class='ocrx_word' id='word_1_128' title='bbox 818 1218 882 1262; x_wconf 87' lang='lat' dir='ltr'><strong>coacti</strong></span> 
     </span>
     <span class='ocr_line' id='line_1_16' title="bbox 97 1287 881 1346; baseline -0.001 -15"><span class='ocrx_word' id='word_1_129' title='bbox 97 1288 222 1346; x_wconf 88' lang='lat' dir='ltr'><strong>convictique</strong></span> <span class='ocrx_word' id='word_1_130' title='bbox 234 1297 281 1332; x_wconf 92' lang='lat' dir='ltr'><strong>suut</strong></span> <span class='ocrx_word' id='word_1_131' title='bbox 291 1297 313 1331; x_wconf 90' lang='lat' dir='ltr'><strong>ut</strong></span> <span class='ocrx_word' id='word_1_132' title='bbox 324 1304 392 1331; x_wconf 87' lang='lat' dir='ltr'><strong>veram</strong></span> <span class='ocrx_word' id='word_1_133' title='bbox 404 1304 415 1331; x_wconf 94' lang='lat' dir='ltr'><strong>a</strong></span> <span class='ocrx_word' id='word_1_134' title='bbox 427 1287 508 1332; x_wconf 85' lang='lat' dir='ltr'><strong>Christo</strong></span> <span class='ocrx_word' id='word_1_135' title='bbox 521 1303 601 1331; x_wconf 88' lang='lat' dir='ltr'><strong>carnem</strong></span> <span class='ocrx_word' id='word_1_136' title='bbox 618 1298 739 1346; x_wconf 87' lang='lat' dir='ltr'><strong>assumptam</strong></span> <span class='ocrx_word' id='word_1_137' title='bbox 750 1289 835 1331; x_wconf 85' lang='lat' dir='ltr'><strong>inficiari</strong></span> <span class='ocrx_word' id='word_1_138' title='bbox 846 1303 881 1330; x_wconf 90' lang='lat' dir='ltr'><strong>au·</strong></span> 
     </span>
     <span class='ocr_line' id='line_1_17' title="bbox 97 1358 882 1414; baseline -0.001 -15"><span class='ocrx_word' id='word_1_139' title='bbox 97 1358 180 1409; x_wconf 78' lang='lat' dir='ltr'><strong>derant,</strong></span> <span class='ocrx_word' id='word_1_140' title='bbox 202 1365 223 1400; x_wconf 92' lang='lat' dir='ltr'><strong>ut</strong></span> <span class='ocrx_word' id='word_1_141' title='bbox 234 1366 294 1403; x_wconf 87' lang='lat' dir='ltr'><strong>antea</strong></span> <span class='ocrx_word' id='word_1_142' title='bbox 305 1358 404 1411; x_wconf 82' lang='lat' dir='ltr'><strong>diximus,</strong></span> <span class='ocrx_word' id='word_1_143' title='bbox 425 1372 449 1399; x_wconf 89' lang='lat' dir='ltr'><strong>co</strong></span> <span class='ocrx_word' id='word_1_144' title='bbox 461 1358 538 1400; x_wconf 88' lang='lat' dir='ltr'><strong>scilicet</strong></span> <span class='ocrx_word' id='word_1_145' title='bbox 553 1359 649 1401; x_wconf 89' lang='lat' dir='ltr'><strong>adductus</strong></span> <span class='ocrx_word' id='word_1_146' title='bbox 661 1359 756 1414; x_wconf 89' lang='lat' dir='ltr'><strong>quosdam</strong></span> <span class='ocrx_word' id='word_1_147' title='bbox 769 1365 791 1399; x_wconf 92' lang='lat' dir='ltr'><strong>ut</strong></span> <span class='ocrx_word' id='word_1_148' title='bbox 801 1371 882 1399; x_wconf 87' lang='lat' dir='ltr'><strong>carnem</strong></span> 
     </span>
     <span class='ocr_line' id='line_1_18' title="bbox 97 1419 881 1483; baseline -0.003 -15"><span class='ocrx_word' id='word_1_149' title='bbox 97 1419 402 1469; x_wconf 67' lang='lat' dir='ltr'><strong>divinitati&#39;consubstantiatum</strong></span> <span class='ocrx_word' id='word_1_150' title='bbox 420 1428 517 1469; x_wconf 82' lang='lat' dir='ltr'><strong>lacerent.</strong></span> <span class='ocrx_word' id='word_1_151' title='bbox 549 1424 590 1468; x_wconf 86' lang='lat' dir='ltr'><strong>Sed</strong></span> <span class='ocrx_word' id='word_1_152' title='bbox 608 1426 779 1483; x_wconf 88' lang='lat' dir='ltr'><strong>praetermittendi</strong></span> <span class='ocrx_word' id='word_1_153' title='bbox 795 1441 807 1467; x_wconf 90' lang='lat' dir='ltr'><strong>a</strong></span> <span class='ocrx_word' id='word_1_154' title='bbox 823 1426 881 1467; x_wconf 90' lang='lat' dir='ltr'><strong>nobis</strong></span> 
     </span>
     <span class='ocr_line' id='line_1_19' title="bbox 97 1494 882 1551; baseline -0.001 -16"><span class='ocrx_word' id='word_1_155' title='bbox 97 1494 194 1548; x_wconf 90' lang='lat' dir='ltr'><strong>illisunt,</strong></span> <span class='ocrx_word' id='word_1_156' title='bbox 216 1502 284 1551; x_wconf 87' lang='lat' dir='ltr'><strong>utpote</strong></span> <span class='ocrx_word' id='word_1_157' title='bbox 300 1495 464 1550; x_wconf 87' lang='lat' dir='ltr'><strong>quisententiam</strong></span> <span class='ocrx_word' id='word_1_158' title='bbox 478 1495 610 1547; x_wconf 86' lang='lat' dir='ltr'><strong>mutaverint,</strong></span> <span class='ocrx_word' id='word_1_159' title='bbox 633 1494 882 1537; x_wconf 86' lang='lat' dir='ltr'><strong>etaceterisexeodem</strong></span> 
     </span>
     <span class='ocr_line' id='line_1_20' title="bbox 97 1561 883 1619; baseline -0.003 -14"><span class='ocrx_word' id='word_1_160' title='bbox 97 1577 159 1619; x_wconf 83' lang='lat' dir='ltr'><strong>grege</strong></span> <span class='ocrx_word' id='word_1_161' title='bbox 171 1564 195 1605; x_wconf 91' lang='lat' dir='ltr'><strong>dc</strong></span> <span class='ocrx_word' id='word_1_162' title='bbox 210 1561 286 1605; x_wconf 83' lang='lat' dir='ltr'><strong>Christi</strong></span> <span class='ocrx_word' id='word_1_163' title='bbox 302 1577 362 1605; x_wconf 86' lang='lat' dir='ltr'><strong>carne</strong></span> <span class='ocrx_word' id='word_1_164' title='bbox 375 1578 414 1605; x_wconf 91' lang='lat' dir='ltr'><strong>nou</strong></span> <span class='ocrx_word' id='word_1_165' title='bbox 430 1564 480 1605; x_wconf 90' lang='lat' dir='ltr'><strong>male</strong></span> <span class='ocrx_word' id='word_1_166' title='bbox 495 1563 627 1605; x_wconf 88' lang='lat' dir='ltr'><strong>sentientibus</strong></span> <span class='ocrx_word' id='word_1_167' title='bbox 643 1571 682 1605; x_wconf 92' lang='lat' dir='ltr'><strong>tam</strong></span> <span class='ocrx_word' id='word_1_168' title='bbox 695 1563 801 1605; x_wconf 88' lang='lat' dir='ltr'><strong>absurdum</strong></span> <span class='ocrx_word' id='word_1_169' title='bbox 815 1562 839 1603; x_wconf 90' lang='lat' dir='ltr'><strong>ob</strong></span> <span class='ocrx_word' id='word_1_170' title='bbox 850 1575 883 1603; x_wconf 87' lang='lat' dir='ltr'><strong>er·</strong></span> 
     </span>
     <span class='ocr_line' id='line_1_21' title="bbox 97 1629 883 1686; baseline -0.003 -14"><span class='ocrx_word' id='word_1_171' title='bbox 97 1645 164 1672; x_wconf 91' lang='lat' dir='ltr'><strong>rorem</strong></span> <span class='ocrx_word' id='word_1_172' title='bbox 177 1632 273 1673; x_wconf 80' lang='lat' dir='ltr'><strong>confutati</strong></span> <span class='ocrx_word' id='word_1_173' title='bbox 284 1632 332 1673; x_wconf 90' lang='lat' dir='ltr'><strong>sint.</strong></span> <span class='ocrx_word' id='word_1_174' title='bbox 364 1629 405 1673; x_wconf 88' lang='lat' dir='ltr'><strong>Sed</strong></span> <span class='ocrx_word' id='word_1_175' title='bbox 421 1631 513 1686; x_wconf 89' lang='lat' dir='ltr'><strong>quicquid</strong></span> <span class='ocrx_word' id='word_1_176' title='bbox 528 1631 555 1672; x_wconf 90' lang='lat' dir='ltr'><strong>sit</strong></span> <span class='ocrx_word' id='word_1_177' title='bbox 568 1632 592 1672; x_wconf 87' lang='lat' dir='ltr'><strong>de</strong></span> <span class='ocrx_word' id='word_1_178' title='bbox 604 1631 661 1681; x_wconf 90' lang='lat' dir='ltr'><strong>aliis,</strong></span> <span class='ocrx_word' id='word_1_179' title='bbox 683 1639 737 1673; x_wconf 89' lang='lat' dir='ltr'><strong>certe</strong></span> <span class='ocrx_word' id='word_1_180' title='bbox 754 1630 883 1685; x_wconf 85' lang='lat' dir='ltr'><strong>religiosissi-</strong></span> 
     </span>
    </p>
   </div>
   <div class='ocr_carea' id='block_1_3' title="bbox 98 1699 959 1824">
    <p class='ocr_par' dir='ltr' id='par_1_3' title="bbox 98 1699 959 1824">
     <span class='ocr_line' id='line_1_22' title="bbox 98 1699 503 1756; baseline -0.002 -16"><span class='ocrx_word' id='word_1_181' title='bbox 98 1713 143 1741; x_wconf 92' lang='lat' dir='ltr'><strong>mus</strong></span> <span class='ocrx_word' id='word_1_182' title='bbox 158 1699 205 1741; x_wconf 94' lang='lat' dir='ltr'><strong>illud</strong></span> <span class='ocrx_word' id='word_1_183' title='bbox 220 1714 261 1741; x_wconf 91' lang='lat' dir='ltr'><strong>non</strong></span> <span class='ocrx_word' id='word_1_184' title='bbox 276 1699 357 1755; x_wconf 82' lang='lat' dir='ltr'><strong>negabit</strong></span> <span class='ocrx_word' id='word_1_185' title='bbox 372 1699 503 1756; x_wconf 84' lang='lat' dir='ltr'><strong>Apollinaris.</strong></span> 
     </span>
     <span class='ocr_line' id='line_1_23' title="bbox 157 1765 959 1824; baseline -0.005 -16"><span class='ocrx_word' id='word_1_186' title='bbox 157 1766 226 1822; x_wconf 81' lang='lat' dir='ltr'><strong>Quare</strong></span> <span class='ocrx_word' id='word_1_187' title='bbox 237 1783 281 1810; x_wconf 90' lang='lat' dir='ltr'><strong>cum</strong></span> <span class='ocrx_word' id='word_1_188' title='bbox 295 1768 378 1808; x_wconf 90' lang='lat' dir='ltr'><strong>verbum</strong></span> <span class='ocrx_word' id='word_1_189' title='bbox 395 1767 426 1808; x_wconf 91' lang='lat' dir='ltr'><strong>dei</strong></span> <span class='ocrx_word' id='word_1_190' title='bbox 439 1768 524 1809; x_wconf 90' lang='lat' dir='ltr'><strong>coelitus</strong></span> <span class='ocrx_word' id='word_1_191' title='bbox 540 1767 641 1824; x_wconf 87' lang='lat' dir='ltr'><strong>delapsum</strong></span> <span class='ocrx_word' id='word_1_192' title='bbox 658 1780 707 1808; x_wconf 82' lang='lat' dir='ltr'><strong>vere</strong></span> <span class='ocrx_word' id='word_1_193' title='bbox 723 1781 751 1808; x_wconf 84' lang='lat' dir='ltr'><strong>ex</strong></span> <span class='ocrx_word' id='word_1_194' title='bbox 761 1765 829 1808; x_wconf 87' lang='lat' dir='ltr'><strong>Maria</strong></span> <span class='ocrx_word' id='word_1_195' title='bbox 842 1766 883 1807; x_wconf 91' lang='lat' dir='ltr'><strong>vir·</strong></span> <span class='ocrx_word' id='word_1_196' title='bbox 918 1772 959 1812; x_wconf 79' lang='lat' dir='ltr'><strong>Cap.</strong></span> 
     </span>
    </p>
   </div>
   <div class='ocr_carea' id='block_1_4' title="bbox 99 1818 975 1891">
    <p class='ocr_par' dir='ltr' id='par_1_4' title="bbox 99 1818 975 1891">
     <span class='ocr_line' id='line_1_24' title="bbox 99 1818 975 1891; baseline 0 -15"><span class='ocrx_word' id='word_1_197' title='bbox 99 1834 156 1890; x_wconf 81' lang='lat' dir='ltr'><strong>gine,</strong></span> <span class='ocrx_word' id='word_1_198' title='bbox 178 1849 217 1876; x_wconf 93' lang='lat' dir='ltr'><strong>non</strong></span> <span class='ocrx_word' id='word_1_199' title='bbox 229 1849 257 1878; x_wconf 86' lang='lat' dir='ltr'><strong>ex</strong></span> <span class='ocrx_word' id='word_1_200' title='bbox 269 1835 322 1877; x_wconf 90' lang='lat' dir='ltr'><strong>virili</strong></span> <span class='ocrx_word' id='word_1_201' title='bbox 338 1836 427 1886; x_wconf 88' lang='lat' dir='ltr'><strong>semiue,</strong></span> <span class='ocrx_word' id='word_1_202' title='bbox 448 1836 483 1877; x_wconf 93' lang='lat' dir='ltr'><strong>sed</strong></span> <span class='ocrx_word' id='word_1_203' title='bbox 496 1835 601 1891; x_wconf 88' lang='lat' dir='ltr'><strong>despiritu</strong></span> <span class='ocrx_word' id='word_1_204' title='bbox 617 1842 884 1888; x_wconf 89' lang='lat' dir='ltr'><strong>sauctocaruemsuscepe-</strong></span> <span class='ocrx_word' id='word_1_205' title='bbox 900 1818 975 1851; x_wconf 69' lang='lat' dir='ltr'>XXVH&#39;</span> 
     </span>
    </p>
   </div>
   <div class='ocr_carea' id='block_1_5' title="bbox 99 1902 983 3062">
    <p class='ocr_par' dir='ltr' id='par_1_5' title="bbox 99 1902 983 3062">
     <span class='ocr_line' id='line_1_25' title="bbox 99 1902 883 1960; baseline 0 -16"><span class='ocrx_word' id='word_1_206' title='bbox 99 1903 138 1955; x_wconf 91' lang='lat' dir='ltr'><strong>rit,</strong></span> <span class='ocrx_word' id='word_1_207' title='bbox 155 1909 176 1944; x_wconf 90' lang='lat' dir='ltr'><strong>et</strong></span> <span class='ocrx_word' id='word_1_208' title='bbox 186 1903 208 1945; x_wconf 90' lang='lat' dir='ltr'><strong>in</strong></span> <span class='ocrx_word' id='word_1_209' title='bbox 221 1902 274 1946; x_wconf 91' lang='lat' dir='ltr'><strong>illius</strong></span> <span class='ocrx_word' id='word_1_210' title='bbox 287 1910 345 1946; x_wconf 88' lang='lat' dir='ltr'><strong>utero</strong></span> <span class='ocrx_word' id='word_1_211' title='bbox 355 1917 378 1945; x_wconf 88' lang='lat' dir='ltr'><strong>rc</strong></span> <span class='ocrx_word' id='word_1_212' title='bbox 389 1904 433 1960; x_wconf 89' lang='lat' dir='ltr'><strong>ipsa</strong></span> <span class='ocrx_word' id='word_1_213' title='bbox 444 1910 534 1959; x_wconf 79' lang='lat' dir='ltr'><strong>gestatus</strong></span> <span class='ocrx_word' id='word_1_214' title='bbox 545 1904 582 1956; x_wconf 86' lang='lat' dir='ltr'><strong>sit,</strong></span> <span class='ocrx_word' id='word_1_215' title='bbox 604 1917 628 1945; x_wconf 88' lang='lat' dir='ltr'><strong>ac</strong></span> <span class='ocrx_word' id='word_1_216' title='bbox 641 1903 679 1946; x_wconf 89' lang='lat' dir='ltr'><strong>sibi</strong></span> <span class='ocrx_word' id='word_1_217' title='bbox 691 1917 763 1959; x_wconf 90' lang='lat' dir='ltr'><strong>corpus</strong></span> <span class='ocrx_word' id='word_1_218' title='bbox 774 1903 883 1955; x_wconf 82' lang='lat' dir='ltr'><strong>effinxerit,</strong></span> 
     </span>
     <span class='ocr_line' id='line_1_26' title="bbox 100 1972 884 2031; baseline -0.006 -14"><span class='ocrx_word' id='word_1_219' title='bbox 100 1981 168 2031; x_wconf 88' lang='lat' dir='ltr'><strong>utpote</strong></span> <span class='ocrx_word' id='word_1_220' title='bbox 181 1974 241 2025; x_wconf 80' lang='lat' dir='ltr'><strong>teus,</strong></span> <span class='ocrx_word' id='word_1_221' title='bbox 264 1986 287 2014; x_wconf 91' lang='lat' dir='ltr'><strong>ac</strong></span> <span class='ocrx_word' id='word_1_222' title='bbox 299 1979 338 2013; x_wconf 91' lang='lat' dir='ltr'><strong>tarn</strong></span> <span class='ocrx_word' id='word_1_223' title='bbox 350 1972 407 2028; x_wconf 89' lang='lat' dir='ltr'><strong>primi</strong></span> <span class='ocrx_word' id='word_1_224' title='bbox 419 1972 483 2013; x_wconf 91' lang='lat' dir='ltr'><strong>nostri</strong></span> <span class='ocrx_word' id='word_1_225' title='bbox 493 1972 582 2028; x_wconf 87' lang='lat' dir='ltr'><strong>parentis</strong></span> <span class='ocrx_word' id='word_1_226' title='bbox 593 1986 651 2027; x_wconf 91' lang='lat' dir='ltr'><strong>quam</strong></span> <span class='ocrx_word' id='word_1_227' title='bbox 665 1972 784 2027; x_wconf 90' lang='lat' dir='ltr'><strong>reliquarum</strong></span> <span class='ocrx_word' id='word_1_228' title='bbox 796 1972 884 2012; x_wconf 88' lang='lat' dir='ltr'><strong>omnium</strong></span> 
     </span>
     <span class='ocr_line' id='line_1_27' title="bbox 100 2040 884 2096; baseline -0.008 -10"><span class='ocrx_word' id='word_1_229' title='bbox 100 2057 168 2086; x_wconf 90' lang='lat' dir='ltr'><strong>rerum</strong></span> <span class='ocrx_word' id='word_1_230' title='bbox 179 2043 237 2085; x_wconf 89' lang='lat' dir='ltr'><strong>lictor</strong></span> <span class='ocrx_word' id='word_1_231' title='bbox 247 2054 271 2083; x_wconf 89' lang='lat' dir='ltr'><strong>ac</strong></span> <span class='ocrx_word' id='word_1_232' title='bbox 282 2040 385 2094; x_wconf 90' lang='lat' dir='ltr'><strong>conditor,</strong></span> <span class='ocrx_word' id='word_1_233' title='bbox 402 2054 441 2082; x_wconf 91' lang='lat' dir='ltr'><strong>non</strong></span> <span class='ocrx_word' id='word_1_234' title='bbox 453 2040 521 2096; x_wconf 88' lang='lat' dir='ltr'><strong>utique</strong></span> <span class='ocrx_word' id='word_1_235' title='bbox 531 2040 587 2082; x_wconf 90' lang='lat' dir='ltr'><strong>verbi</strong></span> <span class='ocrx_word' id='word_1_236' title='bbox 598 2040 652 2082; x_wconf 89' lang='lat' dir='ltr'><strong>illius</strong></span> <span class='ocrx_word' id='word_1_237' title='bbox 663 2047 694 2082; x_wconf 92' lang='lat' dir='ltr'><strong>cst</strong></span> <span class='ocrx_word' id='word_1_238' title='bbox 705 2040 809 2082; x_wconf 89' lang='lat' dir='ltr'><strong>imminuta</strong></span> <span class='ocrx_word' id='word_1_239' title='bbox 820 2040 884 2096; x_wconf 81' lang='lat' dir='ltr'><strong>digni-</strong></span> 
     </span>
     <span class='ocr_line' id='line_1_28' title="bbox 101 2109 885 2172; baseline -0.006 -16"><span class='ocrx_word' id='word_1_240' title='bbox 101 2120 144 2166; x_wconf 90' lang='lat' dir='ltr'><strong>tas,</strong></span> <span class='ocrx_word' id='word_1_241' title='bbox 167 2114 203 2156; x_wconf 92' lang='lat' dir='ltr'><strong>sed</strong></span> <span class='ocrx_word' id='word_1_242' title='bbox 214 2113 235 2155; x_wconf 89' lang='lat' dir='ltr'><strong>in</strong></span> <span class='ocrx_word' id='word_1_243' title='bbox 247 2110 328 2168; x_wconf 87' lang='lat' dir='ltr'><strong>propria</strong></span> <span class='ocrx_word' id='word_1_244' title='bbox 340 2117 360 2152; x_wconf 89' lang='lat' dir='ltr'><strong>et</strong></span> <span class='ocrx_word' id='word_1_245' title='bbox 370 2109 487 2153; x_wconf 91' lang='lat' dir='ltr'><strong>immutabili</strong></span> <span class='ocrx_word' id='word_1_246' title='bbox 502 2118 573 2153; x_wconf 88' lang='lat' dir='ltr'><strong>natura</strong></span> <span class='ocrx_word' id='word_1_247' title='bbox 588 2110 682 2172; x_wconf 71' lang='lat' dir='ltr'><strong>perstitit.</strong></span> <span class='ocrx_word' id='word_1_248' title='bbox 713 2109 767 2152; x_wconf 90' lang='lat' dir='ltr'><strong>Nam</strong></span> <span class='ocrx_word' id='word_1_249' title='bbox 784 2125 827 2152; x_wconf 89' lang='lat' dir='ltr'><strong>cum</strong></span> <span class='ocrx_word' id='word_1_250' title='bbox 840 2124 885 2151; x_wconf 93' lang='lat' dir='ltr'><strong>car-</strong></span> 
     </span>
     <span class='ocr_line' id='line_1_29' title="bbox 101 2179 884 2237; baseline -0.005 -12"><span class='ocrx_word' id='word_1_251' title='bbox 101 2196 146 2225; x_wconf 86' lang='lat' dir='ltr'><strong>nem</strong></span> <span class='ocrx_word' id='word_1_252' title='bbox 156 2182 232 2234; x_wconf 89' lang='lat' dir='ltr'><strong>induit,</strong></span> <span class='ocrx_word' id='word_1_253' title='bbox 250 2181 323 2224; x_wconf 88' lang='lat' dir='ltr'><strong>nrrllam</strong></span> <span class='ocrx_word' id='word_1_254' title='bbox 335 2179 492 2223; x_wconf 84' lang='lat' dir='ltr'><strong>vicissitudinum</strong></span> <span class='ocrx_word' id='word_1_255' title='bbox 505 2188 537 2222; x_wconf 90' lang='lat' dir='ltr'><strong>est</strong></span> <span class='ocrx_word' id='word_1_256' title='bbox 549 2194 631 2237; x_wconf 81' lang='lat' dir='ltr'><strong>passae,</strong></span> <span class='ocrx_word' id='word_1_257' title='bbox 648 2187 669 2221; x_wconf 90' lang='lat' dir='ltr'><strong>nt</strong></span> <span class='ocrx_word' id='word_1_258' title='bbox 679 2180 711 2236; x_wconf 91' lang='lat' dir='ltr'><strong>qui</strong></span> <span class='ocrx_word' id='word_1_259' title='bbox 723 2180 760 2221; x_wconf 89' lang='lat' dir='ltr'><strong>deo</strong></span> <span class='ocrx_word' id='word_1_260' title='bbox 773 2179 824 2237; x_wconf 90' lang='lat' dir='ltr'><strong>patri</strong></span> <span class='ocrx_word' id='word_1_261' title='bbox 836 2194 884 2221; x_wconf 92' lang='lat' dir='ltr'><strong>con-</strong></span> 
     </span>
     <span class='ocr_line' id='line_1_30' title="bbox 102 2249 884 2306; baseline -0.005 -12"><span class='ocrx_word' id='word_1_262' title='bbox 102 2251 241 2294; x_wconf 88' lang='lat' dir='ltr'><strong>substantialis</strong></span> <span class='ocrx_word' id='word_1_263' title='bbox 255 2250 342 2302; x_wconf 82' lang='lat' dir='ltr'><strong>existat,</strong></span> <span class='ocrx_word' id='word_1_264' title='bbox 364 2264 401 2291; x_wconf 89' lang='lat' dir='ltr'><strong>uec</strong></span> <span class='ocrx_word' id='word_1_265' title='bbox 415 2249 488 2301; x_wconf 90' lang='lat' dir='ltr'><strong>adeo,</strong></span> <span class='ocrx_word' id='word_1_266' title='bbox 509 2250 542 2293; x_wconf 91' lang='lat' dir='ltr'><strong>vel</strong></span> <span class='ocrx_word' id='word_1_267' title='bbox 555 2249 579 2291; x_wconf 92' lang='lat' dir='ltr'><strong>ab</strong></span> <span class='ocrx_word' id='word_1_268' title='bbox 592 2249 645 2292; x_wconf 90' lang='lat' dir='ltr'><strong>illins</strong></span> <span class='ocrx_word' id='word_1_269' title='bbox 657 2250 727 2306; x_wconf 90' lang='lat' dir='ltr'><strong>spiritu</strong></span> <span class='ocrx_word' id='word_1_270' title='bbox 738 2256 807 2291; x_wconf 88' lang='lat' dir='ltr'><strong>sancto</strong></span> <span class='ocrx_word' id='word_1_271' title='bbox 818 2250 884 2292; x_wconf 88' lang='lat' dir='ltr'><strong>direr-</strong></span> 
     </span>
     <span class='ocr_line' id='line_1_31' title="bbox 101 2317 886 2374; baseline -0.004 -12"><span class='ocrx_word' id='word_1_272' title='bbox 101 2334 135 2362; x_wconf 89' lang='lat' dir='ltr'><strong>sus</strong></span> <span class='ocrx_word' id='word_1_273' title='bbox 148 2327 182 2362; x_wconf 84' lang='lat' dir='ltr'><strong>aut</strong></span> <span class='ocrx_word' id='word_1_274' title='bbox 194 2320 278 2362; x_wconf 87' lang='lat' dir='ltr'><strong>alienus.</strong></span> <span class='ocrx_word' id='word_1_275' title='bbox 311 2317 370 2374; x_wconf 88' lang='lat' dir='ltr'><strong>Quod</strong></span> <span class='ocrx_word' id='word_1_276' title='bbox 384 2319 402 2360; x_wconf 90' lang='lat' dir='ltr'><strong>si</strong></span> <span class='ocrx_word' id='word_1_277' title='bbox 417 2319 469 2361; x_wconf 91' lang='lat' dir='ltr'><strong>istud</strong></span> <span class='ocrx_word' id='word_1_278' title='bbox 485 2319 506 2360; x_wconf 92' lang='lat' dir='ltr'><strong>in</strong></span> <span class='ocrx_word' id='word_1_279' title='bbox 522 2319 614 2360; x_wconf 78' lang='lat' dir='ltr'><strong>confesso</strong></span> <span class='ocrx_word' id='word_1_280' title='bbox 625 2326 669 2369; x_wconf 90' lang='lat' dir='ltr'><strong>est,</strong></span> <span class='ocrx_word' id='word_1_281' title='bbox 691 2333 771 2361; x_wconf 86' lang='lat' dir='ltr'><strong>carnem</strong></span> <span class='ocrx_word' id='word_1_282' title='bbox 787 2318 841 2360; x_wconf 92' lang='lat' dir='ltr'><strong>illum</strong></span> <span class='ocrx_word' id='word_1_283' title='bbox 854 2319 886 2359; x_wconf 84' lang='lat' dir='ltr'><strong>iu-</strong></span> 
     </span>
     <span class='ocr_line' id='line_1_32' title="bbox 101 2382 884 2445; baseline -0.003 -14"><span class='ocrx_word' id='word_1_284' title='bbox 101 2389 169 2431; x_wconf 89' lang='lat' dir='ltr'><strong>duisse</strong></span> <span class='ocrx_word' id='word_1_285' title='bbox 185 2382 244 2445; x_wconf 84' lang='lat' dir='ltr'><strong>atque</strong></span> <span class='ocrx_word' id='word_1_286' title='bbox 260 2390 384 2430; x_wconf 88' lang='lat' dir='ltr'><strong>incrementa</strong></span> <span class='ocrx_word' id='word_1_287' title='bbox 401 2388 490 2443; x_wconf 88' lang='lat' dir='ltr'><strong>cepisse,</strong></span> <span class='ocrx_word' id='word_1_288' title='bbox 514 2388 591 2429; x_wconf 88' lang='lat' dir='ltr'><strong>animae</strong></span> <span class='ocrx_word' id='word_1_289' title='bbox 609 2401 683 2444; x_wconf 81' lang='lat' dir='ltr'><strong>expers</strong></span> <span class='ocrx_word' id='word_1_290' title='bbox 697 2402 742 2430; x_wconf 88' lang='lat' dir='ltr'><strong>csse</strong></span> <span class='ocrx_word' id='word_1_291' title='bbox 756 2402 796 2429; x_wconf 94' lang='lat' dir='ltr'><strong>uou</strong></span> <span class='ocrx_word' id='word_1_292' title='bbox 809 2394 884 2444; x_wconf 86' lang='lat' dir='ltr'><strong>potest.</strong></span> 
     </span>
     <span class='ocr_line' id='line_1_33' title="bbox 103 2455 887 2513; baseline -0.004 -13"><span class='ocrx_word' id='word_1_293' title='bbox 103 2455 202 2513; x_wconf 79' lang='lat' dir='ltr'><strong>Quicquid</strong></span> <span class='ocrx_word' id='word_1_294' title='bbox 214 2456 266 2499; x_wconf 89' lang='lat' dir='ltr'><strong>enim</strong></span> <span class='ocrx_word' id='word_1_295' title='bbox 278 2456 385 2508; x_wconf 84' lang='lat' dir='ltr'><strong>adolescit,</strong></span> <span class='ocrx_word' id='word_1_296' title='bbox 407 2456 424 2498; x_wconf 94' lang='lat' dir='ltr'><strong>si</strong></span> <span class='ocrx_word' id='word_1_297' title='bbox 436 2456 547 2498; x_wconf 92' lang='lat' dir='ltr'><strong>immobiles</strong></span> <span class='ocrx_word' id='word_1_298' title='bbox 560 2470 593 2497; x_wconf 89' lang='lat' dir='ltr'><strong>res</strong></span> <span class='ocrx_word' id='word_1_299' title='bbox 606 2456 708 2512; x_wconf 85' lang='lat' dir='ltr'><strong>excipias,</strong></span> <span class='ocrx_word' id='word_1_300' title='bbox 732 2456 797 2498; x_wconf 87' lang='lat' dir='ltr'><strong>anima</strong></span> <span class='ocrx_word' id='word_1_301' title='bbox 808 2463 887 2499; x_wconf 88' lang='lat' dir='ltr'><strong>constat</strong></span> 
     </span>
     <span class='ocr_line' id='line_1_34' title="bbox 102 2524 983 2582; baseline 0.001 -15"><span class='ocrx_word' id='word_1_302' title='bbox 102 2533 122 2567; x_wconf 92' lang='lat' dir='ltr'><strong>et</strong></span> <span class='ocrx_word' id='word_1_303' title='bbox 133 2540 225 2582; x_wconf 89' lang='lat' dir='ltr'><strong>corpore.</strong></span> <span class='ocrx_word' id='word_1_304' title='bbox 256 2524 288 2566; x_wconf 81' lang='lat' dir='ltr'><strong>llo</strong></span> <span class='ocrx_word' id='word_1_305' title='bbox 304 2539 363 2581; x_wconf 88' lang='lat' dir='ltr'><strong>porro</strong></span> <span class='ocrx_word' id='word_1_306' title='bbox 379 2524 489 2581; x_wconf 87' lang='lat' dir='ltr'><strong>scripturae</strong></span> <span class='ocrx_word' id='word_1_307' title='bbox 504 2525 566 2567; x_wconf 87' lang='lat' dir='ltr'><strong>verba</strong></span> <span class='ocrx_word' id='word_1_308' title='bbox 583 2525 616 2566; x_wconf 91' lang='lat' dir='ltr'><strong>illa</strong></span> <span class='ocrx_word' id='word_1_309' title='bbox 631 2525 735 2567; x_wconf 83' lang='lat' dir='ltr'><strong>referenda</strong></span> <span class='ocrx_word' id='word_1_310' title='bbox 752 2532 809 2567; x_wconf 86' lang='lat' dir='ltr'><strong>sunt:</strong></span> <span class='ocrx_word' id='word_1_311' title='bbox 830 2529 983 2575; x_wconf 68' lang='lat' dir='ltr'><strong>desuescessa.</strong></span> 
     </span>
     <span class='ocr_line' id='line_1_35' title="bbox 102 2593 887 2650; baseline 0 -13"><span class='ocrx_word' id='word_1_312' title='bbox 102 2605 164 2637; x_wconf 84' lang='lat' dir='ltr'><strong>cutem</strong></span> <span class='ocrx_word' id='word_1_313' title='bbox 176 2596 274 2637; x_wconf 83' lang='lat' dir='ltr'><strong>erescebat</strong></span> <span class='ocrx_word' id='word_1_314' title='bbox 283 2597 378 2647; x_wconf 70' lang='lat' dir='ltr'><strong>sapenos</strong></span> <span class='ocrx_word' id='word_1_315' title='bbox 389 2603 410 2635; x_wconf 84' lang='lat' dir='ltr'><strong>et</strong></span> <span class='ocrx_word' id='word_1_316' title='bbox 419 2603 488 2635; x_wconf 80' lang='lat' dir='ltr'><strong>aetate.</strong></span> <span class='ocrx_word' id='word_1_317' title='bbox 520 2593 560 2637; x_wconf 90' lang='lat' dir='ltr'><strong>Ubi</strong></span> <span class='ocrx_word' id='word_1_318' title='bbox 575 2600 656 2650; x_wconf 91' lang='lat' dir='ltr'><strong>propter</strong></span> <span class='ocrx_word' id='word_1_319' title='bbox 669 2608 749 2636; x_wconf 92' lang='lat' dir='ltr'><strong>carnem</strong></span> <span class='ocrx_word' id='word_1_320' title='bbox 763 2602 849 2636; x_wconf 90' lang='lat' dir='ltr'><strong>aetatem</strong></span> <span class='ocrx_word' id='word_1_321' title='bbox 859 2595 887 2637; x_wconf 89' lang='lat' dir='ltr'><strong>si-</strong></span> 
     </span>
     <span class='ocr_line' id='line_1_36' title="bbox 101 2663 885 2720; baseline 0 -15"><span class='ocrx_word' id='word_1_322' title='bbox 101 2665 215 2719; x_wconf 79' lang='lat' dir='ltr'><strong>gnificavit3</strong></span> <span class='ocrx_word' id='word_1_323' title='bbox 236 2670 292 2706; x_wconf 87' lang='lat' dir='ltr'><strong>aetas</strong></span> <span class='ocrx_word' id='word_1_324' title='bbox 309 2677 358 2704; x_wconf 91' lang='lat' dir='ltr'><strong>vcro</strong></span> <span class='ocrx_word' id='word_1_325' title='bbox 373 2676 400 2705; x_wconf 83' lang='lat' dir='ltr'><strong>ex</strong></span> <span class='ocrx_word' id='word_1_326' title='bbox 415 2663 493 2714; x_wconf 88' lang='lat' dir='ltr'><strong>anima,</strong></span> <span class='ocrx_word' id='word_1_327' title='bbox 517 2663 545 2705; x_wconf 93' lang='lat' dir='ltr'><strong>uti</strong></span> <span class='ocrx_word' id='word_1_328' title='bbox 562 2663 615 2715; x_wconf 82' lang='lat' dir='ltr'><strong>dixi,</strong></span> <span class='ocrx_word' id='word_1_329' title='bbox 639 2671 659 2705; x_wconf 93' lang='lat' dir='ltr'><strong>ct</strong></span> <span class='ocrx_word' id='word_1_330' title='bbox 675 2677 759 2719; x_wconf 86' lang='lat' dir='ltr'><strong>corpore</strong></span> <span class='ocrx_word' id='word_1_331' title='bbox 776 2664 885 2720; x_wconf 84' lang='lat' dir='ltr'><strong>perficitur.</strong></span> 
     </span>
     <span class='ocr_line' id='line_1_37' title="bbox 102 2731 888 2790; baseline 0 -16"><span class='ocrx_word' id='word_1_332' title='bbox 102 2733 134 2775; x_wconf 84' lang='lat' dir='ltr'><strong>Ac</strong></span> <span class='ocrx_word' id='word_1_333' title='bbox 151 2741 279 2790; x_wconf 88' lang='lat' dir='ltr'><strong>posteaquam</strong></span> <span class='ocrx_word' id='word_1_334' title='bbox 291 2740 353 2772; x_wconf 80' lang='lat' dir='ltr'><strong>aetate</strong></span> <span class='ocrx_word' id='word_1_335' title='bbox 367 2734 420 2772; x_wconf 83' lang='lat' dir='ltr'><strong>illum</strong></span> <span class='ocrx_word' id='word_1_336' title='bbox 433 2736 550 2784; x_wconf 82' lang='lat' dir='ltr'><strong>processisse</strong></span> <span class='ocrx_word' id='word_1_337' title='bbox 565 2731 625 2783; x_wconf 80' lang='lat' dir='ltr'><strong>dixit,</strong></span> <span class='ocrx_word' id='word_1_338' title='bbox 646 2740 795 2785; x_wconf 85' lang='lat' dir='ltr'><strong>consentanee,</strong></span> <span class='ocrx_word' id='word_1_339' title='bbox 816 2736 844 2774; x_wconf 85' lang='lat' dir='ltr'><strong>Et</strong></span> <span class='ocrx_word' id='word_1_340' title='bbox 855 2748 888 2774; x_wconf 90' lang='lat' dir='ltr'><strong>so-</strong></span> 
     </span>
     <span class='ocr_line' id='line_1_38' title="bbox 99 2799 887 2857; baseline 0.003 -16"><span class='ocrx_word' id='word_1_341' title='bbox 99 2805 186 2854; x_wconf 78' lang='lat' dir='ltr'><strong>piente&#39;a,</strong></span> <span class='ocrx_word' id='word_1_342' title='bbox 209 2801 302 2842; x_wconf 87' lang='lat' dir='ltr'><strong>subdidit.</strong></span> <span class='ocrx_word' id='word_1_343' title='bbox 333 2799 374 2845; x_wconf 82' lang='lat' dir='ltr'><strong>lam</strong></span> <span class='ocrx_word' id='word_1_344' title='bbox 386 2815 435 2841; x_wconf 86' lang='lat' dir='ltr'><strong>vero</strong></span> <span class='ocrx_word' id='word_1_345' title='bbox 452 2801 484 2856; x_wconf 88' lang='lat' dir='ltr'><strong>qui</strong></span> <span class='ocrx_word' id='word_1_346' title='bbox 499 2801 595 2857; x_wconf 86' lang='lat' dir='ltr'><strong>sapientia</strong></span> <span class='ocrx_word' id='word_1_347' title='bbox 607 2801 668 2856; x_wconf 92' lang='lat' dir='ltr'><strong>patris</strong></span> <span class='ocrx_word' id='word_1_348' title='bbox 680 2809 745 2853; x_wconf 88' lang='lat' dir='ltr'><strong>esset,</strong></span> <span class='ocrx_word' id='word_1_349' title='bbox 768 2802 847 2857; x_wconf 90' lang='lat' dir='ltr'><strong>quinam</strong></span> <span class='ocrx_word' id='word_1_350' title='bbox 858 2803 887 2843; x_wconf 91' lang='lat' dir='ltr'><strong>ul-</strong></span> 
     </span>
     <span class='ocr_line' id='line_1_39' title="bbox 103 2868 896 2925; baseline -0.001 -15"><span class='ocrx_word' id='word_1_351' title='bbox 103 2869 133 2910; x_wconf 89' lang='lat' dir='ltr'><strong>las</strong></span> <span class='ocrx_word' id='word_1_352' title='bbox 143 2869 253 2925; x_wconf 86' lang='lat' dir='ltr'><strong>sapientiae</strong></span> <span class='ocrx_word' id='word_1_353' title='bbox 266 2868 418 2924; x_wconf 80' lang='lat' dir='ltr'><strong>progressiones</strong></span> <span class='ocrx_word' id='word_1_354' title='bbox 431 2868 503 2909; x_wconf 87' lang='lat' dir='ltr'><strong>babere</strong></span> <span class='ocrx_word' id='word_1_355' title='bbox 519 2869 592 2923; x_wconf 88' lang='lat' dir='ltr'><strong>potuit,</strong></span> <span class='ocrx_word' id='word_1_356' title='bbox 615 2868 631 2908; x_wconf 92' lang='lat' dir='ltr'><strong>si</strong></span> <span class='ocrx_word' id='word_1_357' title='bbox 644 2869 668 2909; x_wconf 90' lang='lat' dir='ltr'><strong>ab</strong></span> <span class='ocrx_word' id='word_1_358' title='bbox 680 2869 764 2910; x_wconf 88' lang='lat' dir='ltr'><strong>bumana</strong></span> <span class='ocrx_word' id='word_1_359' title='bbox 779 2877 845 2911; x_wconf 91' lang='lat' dir='ltr'><strong>mente</strong></span> <span class='ocrx_word' id='word_1_360' title='bbox 857 2870 896 2923; x_wconf 67' lang='lat' dir='ltr'><strong>di-⁴</strong></span> 
     </span>
     <span class='ocr_line' id='line_1_40' title="bbox 103 2936 886 2993; baseline 0.003 -17"><span class='ocrx_word' id='word_1_361' title='bbox 103 2951 183 2979; x_wconf 85' lang='lat' dir='ltr'><strong>rcrsurn</strong></span> <span class='ocrx_word' id='word_1_362' title='bbox 196 2953 232 2979; x_wconf 89' lang='lat' dir='ltr'><strong>vas</strong></span> <span class='ocrx_word' id='word_1_363' title='bbox 244 2938 304 2989; x_wconf 90' lang='lat' dir='ltr'><strong>illud,</strong></span> <span class='ocrx_word' id='word_1_364' title='bbox 325 2945 346 2979; x_wconf 93' lang='lat' dir='ltr'><strong>ut</strong></span> <span class='ocrx_word' id='word_1_365' title='bbox 355 2937 381 2977; x_wconf 92' lang='lat' dir='ltr'><strong>ita</strong></span> <span class='ocrx_word' id='word_1_366' title='bbox 397 2937 473 2989; x_wconf 82' lang='lat' dir='ltr'><strong>dicam,</strong></span> <span class='ocrx_word' id='word_1_367' title='bbox 496 2938 546 2979; x_wconf 81' lang='lat' dir='ltr'><strong>luit?</strong></span> <span class='ocrx_word' id='word_1_368' title='bbox 576 2938 607 2978; x_wconf 85' lang='lat' dir='ltr'><strong>Ac</strong></span> <span class='ocrx_word' id='word_1_369' title='bbox 618 2936 634 2977; x_wconf 90' lang='lat' dir='ltr'><strong>si</strong></span> <span class='ocrx_word' id='word_1_370' title='bbox 646 2940 718 2979; x_wconf 91' lang='lat' dir='ltr'><strong>mentis</strong></span> <span class='ocrx_word' id='word_1_371' title='bbox 730 2952 803 2993; x_wconf 84' lang='lat' dir='ltr'><strong>expers</strong></span> <span class='ocrx_word' id='word_1_372' title='bbox 814 2938 886 2978; x_wconf 82' lang='lat' dir='ltr'><strong>extite-</strong></span> 
     </span>
     <span class='ocr_line' id='line_1_41' title="bbox 102 3004 885 3062; baseline 0.003 -18"><span class='ocrx_word' id='word_1_373' title='bbox 102 3005 141 3056; x_wconf 90' lang='lat' dir='ltr'><strong>rit,</strong></span> <span class='ocrx_word' id='word_1_374' title='bbox 165 3005 199 3060; x_wconf 89' lang='lat' dir='ltr'><strong>qui</strong></span> <span class='ocrx_word' id='word_1_375' title='bbox 215 3006 256 3047; x_wconf 89' lang='lat' dir='ltr'><strong>lieri</strong></span> <span class='ocrx_word' id='word_1_376' title='bbox 269 3008 332 3062; x_wconf 93' lang='lat' dir='ltr'><strong>potuit</strong></span> <span class='ocrx_word' id='word_1_377' title='bbox 346 3012 366 3046; x_wconf 92' lang='lat' dir='ltr'><strong>ut</strong></span> <span class='ocrx_word' id='word_1_378' title='bbox 378 3004 475 3061; x_wconf 89' lang='lat' dir='ltr'><strong>sapicutia</strong></span> <span class='ocrx_word' id='word_1_379' title='bbox 487 3019 570 3060; x_wconf 91' lang='lat' dir='ltr'><strong>corpore</strong></span> <span class='ocrx_word' id='word_1_380' title='bbox 585 3005 690 3060; x_wconf 90' lang='lat' dir='ltr'><strong>animaque</strong></span> <span class='ocrx_word' id='word_1_381' title='bbox 702 3019 819 3062; x_wconf 79' lang='lat' dir='ltr'><strong>progressus</strong></span> <span class='ocrx_word' id='word_1_382' title='bbox 833 3007 885 3046; x_wconf 88' lang='lat' dir='ltr'><strong>lacc-</strong></span> 
     </span>
    </p>
   </div>
   <div class='ocr_carea' id='block_1_6' title="bbox 102 3071 885 3133">
    <p class='ocr_par' dir='ltr' id='par_1_6' title="bbox 102 3071 885 3133">
     <span class='ocr_line' id='line_1_42' title="bbox 102 3071 885 3133; baseline 0.004 -18"><span class='ocrx_word' id='word_1_383' title='bbox 102 3074 148 3116; x_wconf 82' lang='lat' dir='ltr'><strong>ret?</strong></span> <span class='ocrx_word' id='word_1_384' title='bbox 178 3071 240 3115; x_wconf 87' lang='lat' dir='ltr'><strong>Vides</strong></span> <span class='ocrx_word' id='word_1_385' title='bbox 252 3089 309 3133; x_wconf 89' lang='lat' dir='ltr'><strong>quam</strong></span> <span class='ocrx_word' id='word_1_386' title='bbox 322 3075 400 3116; x_wconf 87' lang='lat' dir='ltr'><strong>detorta</strong></span> <span class='ocrx_word' id='word_1_387' title='bbox 409 3073 535 3132; x_wconf 90' lang='lat' dir='ltr'><strong>violentaque</strong></span> <span class='ocrx_word' id='word_1_388' title='bbox 545 3073 572 3118; x_wconf 90' lang='lat' dir='ltr'><strong>sit</strong></span> <span class='ocrx_word' id='word_1_389' title='bbox 584 3073 662 3117; x_wconf 86' lang='lat' dir='ltr'><strong>illorum</strong></span> <span class='ocrx_word' id='word_1_390' title='bbox 673 3074 785 3127; x_wconf 86' lang='lat' dir='ltr'><strong>seutentia,</strong></span> <span class='ocrx_word' id='word_1_391' title='bbox 802 3089 885 3128; x_wconf 87' lang='lat' dir='ltr'><strong>quorum</strong></span> 
     </span>
    </p>
   </div>
   <div class='ocr_carea' id='block_1_7' title="bbox 0 0 1008 3392">
    <p class='ocr_par' dir='ltr' id='par_1_7' title="bbox 0 0 1008 3392">
     <span class='ocr_line' id='line_1_43' title="bbox 0 0 1008 3392; baseline 0 0"><span class='ocrx_word' id='word_1_392' title='bbox 0 0 1008 3392; x_wconf 95' lang='lat' dir='ltr'><strong> </strong></span> 
     </span>
    </p>
   </div>
  </div>
 </body>
</html>
