1988 3392
265 229 359 262 ennean
369 228 412 262 uro.
423 229 452 261 ιιι.
464 228 520 263 rom.
530 228 543 260 1.
554 227 622 260 naun.
631 227 653 259 u.
827 217 852 256 11

67 316 127 365 atque
141 305 250 364 ignominia
265 306 360 359 allectus,
383 320 447 362 aequo
463 307 530 349 auimo
546 304 655 356 tolerabat,
676 310 735 359 atque
751 302 822 345 itadiu
833 302 854 343 in

68 377 166 422 ecclesiae
176 376 315 418 communione
325 375 418 432 perstitit,
435 376 498 416 donec
509 373 648 416 vehementius
657 371 729 414 offensi
740 371 818 428 quidam
829 370 856 411 ob

68 462 103 494 eas
113 461 195 490 caussas
207 445 304 490 honrirrcm
316 444 432 489 exturbant.
455 444 494 503 Qni
506 443 633 489 nihilominus
643 443 682 486 ista
692 442 803 496 sustinens,
819 440 855 484 sed

67 520 91 563 ad
104 518 209 561 veritatem
221 517 359 575 perferendam
370 517 436 560 acrius
448 516 544 568 intentus,
560 515 654 558 studebat
663 513 743 556 interim
754 513 779 556 ali
790 513 856 555 eccle·

68 589 110 632 siae
128 587 237 629 catholicae
255 585 395 647 coniunctione
414 601 437 628 ac
452 588 549 630 societate
570 584 651 626 minime
671 583 744 625 divelli.
779 581 855 624 Verum

68 671 112 700 cum
124 655 167 712 ipse
178 670 222 698 cnm
235 655 277 697 snis
290 656 405 712 vapularet,
428 663 447 697 et
459 656 539 712 indigna
553 661 667 711 pateretur,
689 652 788 693 ltis'malis
799 652 856 707 inge-

60 724 169 775 miscens,
189 738 217 766 ex
233 724 301 765 baram
319 724 450 766 calamitatum
468 739 491 765 ao
504 723 669 765 contumeliarum
682 720 777 762 violentia
790 720 856 761 corrsi-

68 793 115 835 lium
129 794 189 847 cepit.
221 789 289 845 Quiane
302 792 389 847 seipsum
400 791 425 832 ab
437 792 523 832 ecclesia
536 790 664 845 segregavit,
685 795 745 843 atque
757 788 784 829 ita
795 787 857 844 pluri-

68 861 105 903 bus
115 873 159 900 crum
171 860 204 900 illo
216 860 374 900 desciscentibus
389 873 462 899 novam
475 859 499 900 ab
511 872 536 899 eo
548 858 653 898 divortium
668 857 782 908 conllatum.
812 853 857 897 Ne·

68 940 106 982 que
118 940 168 966 vero
180 927 218 966 ulla
233 925 253 965 in
268 939 290 965 re
302 926 326 966 ab
340 933 395 966 reeta
405 926 443 965 lide
459 924 553 975 discedit,
574 925 609 964 sed
622 925 665 978 ipse
676 939 721 964 cum
735 925 778 964 suis
790 923 856 965 since-

68 1007 111 1035 ram
125 992 145 1033 in
156 992 248 1032 omnibus
264 991 380 1045 religionem
392 990 463 1032 tenuit.
494 990 618 1045 Quamquam
630 998 661 1031 est
673 989 763 1044 quiddam
775 989 857 1045 perexi-

68 1073 139 1117 guum,
154 1058 174 1100 in
190 1073 229 1115 qno
244 1058 302 1114 paolo
317 1058 441 1115 pervicacius
456 1058 602 1100 conflictantur.

126 1126 182 1182 Ergo
197 1135 217 1169 et
229 1127 253 1169 de
264 1134 332 1184 patre,
354 1126 393 1168 lilio
404 1140 427 1167 ac
439 1127 509 1183 spiritu
523 1133 593 1167 sancto
608 1126 712 1183 praeclare
723 1134 743 1167 et
755 1139 781 1167 ex
793 1124 857 1166 ecole-
875 1130 916 1176 Gap.
927 1131 949 1163 tt,

69 1198 111 1244 siae
122 1197 232 1241 catholicae
242 1197 365 1256 praescripto
377 1196 478 1250 sentiunt,
496 1210 534 1240 nec
547 1203 683 1240 transversum
695 1196 720 1238 ab
733 1209 758 1239 eo
770 1209 856 1252 unguem

69 1269 188 1321 deflectunt,
204 1275 267 1311 otest
279 1268 375 1325 reliquum
387 1267 441 1310 vitae
451 1267 490 1311 illis
502 1268 612 1310 institutum
624 1282 674 1310 sane
685 1281 742 1322 qnam
754 1267 858 1323 egregium

70 1345 90 1381 et
106 1338 254 1389 admirandum,
278 1339 328 1379 adeo
347 1345 418 1379 utnon
431 1338 474 1392 ipse
490 1337 549 1379 modo
561 1338 596 1378 scd
608 1344 628 1378 et
640 1337 672 1393 qui
684 1336 711 1378 illi
723 1336 858 1378 adhaeserunt

69 1406 169 1464 episcopi,
190 1406 314 1463 presbyteri,
336 1421 360 1448 ac
372 1405 443 1460 reliqui
461 1420 531 1448 omnes
543 1407 568 1446 de
582 1421 675 1448 manuum
692 1420 772 1447 suarum
788 1405 857 1447 labore

69 1476 169 1518 victitent.
200 1473 333 1530 Posteaquam
343 1489 392 1516 vero
402 1474 426 1516 alr
437 1475 522 1516 ecclesia
532 1475 600 1530 pulsus
612 1482 651 1527 est,
668 1474 692 1515 alr
704 1474 797 1530 episcopo
808 1487 857 1529 quo-

70 1545 127 1594 dam,
149 1543 181 1598 qui
192 1543 217 1584 ob
228 1543 307 1583 eusdem
319 1542 459 1583 contentiones
471 1543 495 1583 ab
507 1542 592 1584 ecclesia
604 1550 730 1594 recesserat,
752 1542 857 1599 episcopus

70 1611 173 1652 ordinatus
185 1618 223 1651 est.
255 1609 331 1651 Verum
344 1618 365 1651 ιιι
376 1610 400 1650 ab
412 1610 448 1651 hoc
460 1611 579 1651 diverticulo
596 1612 619 1651 ad
632 1611 678 1651 illud
691 1613 815 1651 tractandum
827 1623 858 1651 me

70 1679 156 1719 releranr
169 1678 221 1731 quod
231 1690 287 1717 eram
296 1691 413 1731 aggressus,
426 1677 529 1718 sciendum
542 1684 573 1717 est
584 1678 680 1732 quandam
691 1677 736 1717 illos
747 1675 859 1732 scripturae

70 1758 141 1785 vocem
154 1744 235 1784 duriore
254 1745 339 1797 quodam
356 1751 374 1784 et
388 1742 510 1798 irnperitiore
525 1744 583 1784 modo
599 1751 620 1783 et
630 1757 680 1784 vero
695 1744 818 1798 pertinacius
828 1744 859 1784 in·

70 1810 185 1867 terpretari.
206 1809 259 1852 Nam
269 1810 320 1866 quod
332 1813 358 1851 od
366 1813 467 1864 zinugr'nem
476 1813 506 1852 der
517 1818 594 1852 creatur
604 1811 694 1852 Adamns
705 1810 784 1864 dieitur,
801 1823 859 1868 prae·

71 1880 134 1920 fracte
150 1879 178 1920 illi
193 1881 320 1921 relerendnm
339 1881 363 1921 ad
378 1893 451 1936 eorpus
467 1881 593 1922 existimant.
624 1877 674 1922 Curn
693 1880 753 1921 enirm
764 1881 859 1938 seriptum

70 1949 108 2003 sit,
124 1952 227 1992 Forrbruus
237 1951 330 1992 homimem
342 1953 369 1992 ud
379 1953 481 2004 rinngricem
491 1958 577 1993 nostrum
590 1958 610 1992 et
620 1952 774 2001 similitudinem,
790 1949 857 1994 statim
867 1959 906 1990 Gen.
917 1960 931 1996 1.
939 1960 962 1990 aa.

69 2020 117 2063 illud
129 2019 244 2072 subiicitur,
267 2021 324 2062 deum
339 2028 418 2077 sumpto
429 2022 453 2062 de
465 2027 518 2063 terra
530 2022 613 2077 pulvere
628 2022 727 2063 bominem
740 2021 857 2064 fabricasse.
868 2031 909 2060 een.
917 2031 931 2068 a,
940 2030 954 2060 ι.

71 2087 122 2132 Cum
135 2089 195 2145 igitur
209 2088 308 2131 hominem
322 2091 346 2131 de
359 2097 412 2131 terra
430 2090 533 2131 formatum
550 2097 640 2141 asserat,
664 2090 719 2131 vides
736 2098 797 2131 totum
812 2090 859 2132 illud

72 2171 83 2199 c
98 2164 152 2199 terra
169 2158 275 2199 conllatnm
291 2158 396 2200 verissime
411 2158 511 2199 bominem
527 2159 603 2199 vocari.
634 2157 668 2200 Ex
682 2172 721 2212 quo
732 2159 822 2213 sequitur·
834 2158 859 2198 de

72 2234 154 2267 terreno
169 2225 204 2267 illo
221 2226 344 2281 praedictum
361 2227 403 2268 lore
420 2234 440 2267 ut
454 2227 478 2267 ad
492 2225 599 2280 imaginem
614 2226 645 2268 dei
658 2227 785 2268 conderetur.
816 2223 859 2268 Vc·

71 2307 114 2335 rum
127 2300 158 2334 est
170 2294 228 2344 illud,
249 2294 277 2334 uti
293 2295 348 2346 dixi,
370 2294 429 2350 paulo
440 2295 509 2336 durius
521 2309 545 2334 ac
557 2294 677 2349 simplicius,
701 2294 784 2334 delinire
797 2294 859 2336 homi·

70 2374 116 2401 nem
129 2362 204 2401 audere
220 2374 303 2415 quanam
315 2362 335 2401 in
347 2362 432 2402 hominis
448 2369 503 2416 parte
520 2361 546 2402 sit
557 2361 651 2415 imaginis
663 2361 695 2402 illa
708 2362 816 2402 constituta
828 2376 860 2402 ra-

71 2428 111 2476 tio,
135 2427 152 2468 si
171 2434 237 2467 tamen
253 2428 386 2482 appellatione
403 2429 465 2483 partis
482 2429 631 2477 ntendnmest,
653 2429 745 2482 eoquod
761 2429 859 2483 plerique,

72 2493 123 2549 quod
134 2494 158 2534 ad
170 2493 220 2535 banc
230 2507 301 2535 rocem
313 2496 395 2544 attinet,
417 2495 517 2536 bominum
529 2494 672 2550 intelligentiae
683 2495 781 2549 refragari
791 2490 861 2536 viden·

71 2569 115 2611 tur,
131 2575 155 2603 ae
166 2561 228 2604 variis
240 2563 390 2618 quaestionibus
402 2562 506 2619 implicari.
536 2561 592 2605 Nam
603 2571 637 2605 ant
649 2563 790 2620 aspectabilem
802 2565 860 2605 derrro

71 2630 167 2675 faciemus
183 2645 206 2674 ao
220 2646 351 2690 corporeum,
373 2632 421 2678 siin
434 2647 518 2691 corpore
533 2640 603 2676 nostro
617 2647 713 2692 corporea
731 2634 812 2692 perinde
828 2649 861 2678 ra-

71 2702 126 2745 tione
137 2717 161 2745 ac
173 2702 235 2759 figura
251 2695 362 2747 istiusmodi
380 2704 485 2761 imaginem
498 2704 632 2747 collocandam
645 2712 748 2760 putemus,
771 2713 806 2747 ant
815 2720 859 2748 cum

73 2772 111 2814 deo
122 2772 221 2814 hominem
232 2773 397 2829 adaequabimus,
419 2774 437 2816 si
449 2774 498 2816 haee
508 2788 602 2817 asserere
613 2775 706 2817 velimus.
738 2773 806 2829 Quare
820 2790 860 2817 nou

74 2848 105 2883 est
120 2842 160 2883 ullo
176 2842 234 2883 modo
250 2842 382 2885 deliniendum
399 2850 433 2885 aut
448 2844 583 2886 affirmandum
600 2857 683 2898 quanam
694 2843 715 2884 iu
728 2851 783 2898 parte
793 2844 860 2900 imago

94 2977 110 3010 2.
127 2977 167 3020 περὶ
184 2977 204 3014 δὲ
219 2969 240 3012 ni
256 2979 346 3018 suspicatus
362 2983 385 3012 est
401 2980 457 3013 Petun-
503 2978 520 3013 3.
532 2978 557 3024 τῷ
569 2989 600 3011 om.
613 2981 638 3012 ed.
649 2980 706 3012 Paroa.
723 2980 777 3012 Gelon.
788 2982 860 3021 repetitu.

72 3023 160 3055 Carnarius
173 3026 220 3056 vertit
232 3022 309 3054 Ceterum
325 3022 346 3055 de
356 3035 390 3068 quo
401 3023 458 3057 dicere
503 3022 520 3058 d.
531 3034 551 3058 τε
562 3022 593 3058 καὶ
602 3025 636 3057 cod.
648 3024 714 3064 tttrcdtp.

72 3066 140 3110 incepi,
153 3067 289 3112 qnandoquidem
300 3071 334 3100 cell.
