1988 3392
266 249 360 282 rinnau
371 249 413 282 nra.
420 250 450 283 111.
463 250 520 284 rou.
527 250 540 282 1.
551 249 620 282 nana.
630 249 711 283 cxxvi.
838 240 879 281 321

97 325 231 384 Quamobrem
246 333 268 368 ut
281 327 334 368 illius
351 325 427 368 animus
445 327 550 384 opinioque
568 328 618 381 lert,
640 332 674 367 ant
689 326 749 366 filium
765 326 823 367 deum
836 339 882 368 esse

96 406 169 456 negat,
190 398 297 441 etnomini
313 397 351 454 ipsi
369 398 486 441 calumniam
501 400 560 452 facit,
583 399 628 441 dum
642 395 769 441 Christianus
786 398 882 454 appellari

96 468 162 522 oupit,
182 474 216 507 aut
229 468 287 507 deum
304 480 350 507 esse
361 467 439 521 quidem
451 467 511 507 lilium
529 474 594 520 putat,
616 467 651 508 sed
663 466 744 506 minime
757 480 840 518 verum,
860 473 882 506 ut

96 548 124 578 cx
138 533 181 576 eius
193 532 294 576 sententia
309 532 358 576 deus
375 532 425 576 alins
437 531 548 588 situatas,
572 533 622 578 alius
636 547 676 578 non
688 545 757 577 verus.
789 530 882 592 Qtrapro-

96 614 140 663 pter
150 620 193 647 oum
205 606 290 646 alterum
300 604 358 647 alteri
367 605 471 656 subiiciat,
492 614 512 647 ct
523 606 612 662 spiritum
624 613 715 648 sanctum
726 606 747 646 in
765 605 837 645 minori
853 612 882 645 at-

96 686 135 727 que
146 672 239 712 inleriori
250 672 298 712 sede
308 672 405 723 collocet,
426 686 510 713 necesse
523 680 555 713 est
565 679 587 713 ut
597 680 632 713 aut
642 673 740 712 minorem
752 671 812 711 aliam
824 672 883 711 deum

97 746 219 799 cognoscat,
244 745 290 796 ant,
313 739 331 784 si
347 739 429 786 trinitati
440 754 563 800 nequaquam
581 740 753 786 annumerandum
769 738 881 796 existimet,

97 825 180 868 prorsus
192 825 204 851 a
214 808 375 852 Christianorum
394 826 478 853 numero
493 813 630 866 segregandus
643 812 669 853 sit
679 813 750 853 infelix
766 810 882 862 homuncio,

97 885 156 932 atque
166 877 191 917 ad
203 877 305 931 gentilium
324 878 443 930 factionem,
466 879 498 919 vel
511 876 671 919 Sadducaeorum
690 892 771 934 prorsus
788 878 883 933 ablegan-

98 947 143 992 dus.
175 944 213 991 Est
224 945 278 991 enirn
290 963 302 990 a
315 946 385 1006 spiritu
402 955 472 992 sancto
491 947 561 992 borum
577 947 642 991 instar
657 947 742 992 alienus.
772 948 805 992 Ab
819 947 883 1005 genti-

98 1017 144 1058 lium
159 1029 209 1058 vern
224 1017 313 1071 partibus
331 1025 415 1058 eatenus
431 1024 482 1066 stat,
504 1017 549 1057 duna
566 1031 626 1058 unum
643 1031 689 1057 esse
702 1024 772 1057 censet
784 1031 882 1056 summum

98 1083 170 1138 deum,
193 1083 276 1126 alterum
292 1082 402 1139 minorem,
423 1097 493 1127 verum
511 1097 584 1138 unum,
606 1083 690 1127 alterum
706 1097 746 1127 nun
759 1097 842 1141 vernm3
863 1082 884 1126 id

101 1156 153 1210 quod
166 1153 240 1197 Graeci
251 1156 382 1207 confitentur,
404 1156 509 1211 quinnunr
521 1157 617 1197 maiorem
631 1157 701 1208 deum,
725 1156 822 1197 minorum
835 1169 884 1209 geu-

98 1222 147 1262 tium
159 1229 239 1263 ceteros
252 1222 358 1278 appellant.
390 1220 431 1263 Sed
443 1222 535 1263 nimirum
547 1223 651 1278 perspicue
661 1222 717 1263 illum
727 1235 830 1263 sacrarum
840 1222 885 1262 lite·

98 1304 165 1335 rarum
181 1290 282 1336 convincit
298 1291 419 1347 auctoritas,
441 1306 491 1350 quae
509 1307 553 1335 curn
568 1291 593 1336 dc
607 1298 663 1350 putre
681 1290 800 1350 loquuntur,
822 1294 881 1342 deas,
895 1307 909 1337 1.
917 1305 971 1336 nanu.

97 1362 203 1415 inquiunt,
217 1376 274 1401 oerum
285 1370 326 1410 est,·
343 1363 403 1402 lilium
416 1376 494 1415 quoque
503 1362 571 1401 itidem
584 1374 630 1401 esse
642 1363 699 1401 deum
711 1368 812 1402 asserunt.
842 1359 883 1401 Po·
891 1343 955 1409 ninii,
963 1376 976 1402 5.

99 1433 174 1469 stremo
185 1442 229 1469 cum
240 1428 264 1469 de
276 1428 347 1487 spiritu
357 1435 426 1470 sancto
438 1427 557 1485 loquuntur,
579 1431 668 1483 speratum
678 1430 765 1469 veritum
775 1427 882 1486 appellant.
893 1409 982 1473 liiiiri’i'

99 1496 168 1555 ltaque
185 1499 265 1542 trinitas
282 1514 331 1543 vere
347 1499 405 1542 nobis
419 1500 440 1541 in
455 1503 549 1553 supientia
564 1508 585 1541 et
597 1503 707 1541 diuitiarum
719 1502 821 1540 altitudine
833 1481 988 1551 naon-nlilii‘pa.

100 1569 168 1606 tabtur.

159 1630 187 1678 ll.
217 1632 287 1693 Pergit
298 1632 382 1680 Aetius:
404 1636 606 1687 Etnleoanaioto‚
628 1633 703 1694 inquit,
725 1637 883 1692 qcz'mirsusest.

99 1704 144 1747 Nec
161 1706 230 1760 puduit
245 1706 309 1760 ipsum
325 1706 428 1758 unigenito
444 1706 475 1745 dei
492 1720 565 1746 nomen
582 1706 700 1756 detrahere,
722 1720 780 1759 quem
797 1707 886 1746 nndoac
910 1721 912 1723 ·

101 1771 184 1828 simplici
195 1771 294 1813 vocabulo
310 1772 431 1824 declaravit,
452 1772 472 1812 id
483 1772 534 1827 quod
547 1772 568 1813 in
582 1771 718 1828 superioribus
731 1770 828 1828 capitibus
840 1784 887 1829 pro-

100 1841 165 1886 fessus
176 1848 220 1896 est,
241 1857 286 1885 cum
298 1841 351 1885 illius
366 1842 426 1886 decus
438 1856 461 1886 ac
473 1842 588 1900 dignitatem
603 1842 688 1886 nominis
701 1842 741 1886 lilio
753 1833 886 1900 appellatione

101 1912 144 1951 sola
156 1911 263 1952 noncessit.
295 1910 386 1951 Eundem
400 1919 466 1951 tamen
484 1918 530 1952 ante
543 1912 623 1952 saecula
635 1912 777 1952 subsistentem
788 1911 851 1951 fuisse
862 1924 886 1950 ae

100 1977 180 2035 genitae
192 1991 264 2021 revera
274 1977 398 2020 substantiae
411 1976 504 2021 extitisse
518 1984 594 2021 narrat.
625 1978 687 2022 Addit
699 1978 783 2035 deiude,
806 1980 887 2020 Conser-

101 2050 153 2091 vata
168 2065 200 2091 uos
213 2051 237 2091 ab
249 2052 350 2103 impietate.
383 2047 439 2092 Solet
459 2050 512 2091 enim
528 2049 627 2105 flagitiosa
644 2065 733 2105 quaeque
749 2050 821 2092 mulier
839 2065 887 2092 con-

102 2117 175 2158 vicium
187 2123 316 2157 antevertens
329 2129 396 2156 mores
407 2129 455 2156 snos
467 2117 510 2157 aliis
522 2116 653 2172 exprobrare.
684 2116 720 2158 Sic
733 2117 806 2157 Aetius
816 2117 886 2171 impie-

102 2182 150 2229 tatis
166 2198 215 2229 sune
230 2183 386 2244 magnitudinem
404 2200 444 2230 noa
461 2182 551 2230 sentiens
567 2183 619 2245 piam
638 2199 684 2230 esse
701 2199 723 2230 se
735 2200 759 2229 ac
770 2183 886 2244 religiosam

103 2257 225 2308 arbitratur,
247 2264 269 2297 ut
280 2256 313 2311 qui
324 2257 385 2297 animi
397 2256 467 2297 delirio
478 2257 569 2297 laborant
579 2257 610 2297 sui
621 2272 643 2298 se
654 2264 755 2310 compotes
767 2271 790 2297 ae
802 2258 888 2310 pruden-

103 2328 147 2374 tes,
164 2329 243 2364 oeteros
253 2330 320 2364 mente
330 2329 398 2379 captos
411 2321 535 2364 existimant.
566 2321 620 2364 idem
631 2336 692 2380 porro
703 2336 759 2376 cnm,
774 2324 798 2363 Iu
811 2324 888 2362 Christo

101 2395 157 2446 Iesu,
179 2392 276 2448 dixisset,
297 2396 392 2436 dommum
408 2401 493 2437 nustmm
512 2393 599 2437 adiicere
612 2409 652 2437 nou
668 2402 783 2448 astamus,
805 2394 840 2436 sed
855 2407 888 2435 ca-

103 2463 202 2513 villando,
224 2466 326 2502 Suloutore
336 2471 403 2502 nostro
413 2463 471 2503 dixit.
502 2466 540 2502 Per
556 2477 610 2514 quem
625 2465 692 2513 gloria
709 2467 770 2502 otianti·
781 2466 848 2513 putri,
869 2469 889 2500 et

105 2544 168 2583 nuno,
190 2536 304 2586 etsempea,
322 2532 341 2572 ia
354 2532 432 2573 soeculo
442 2531 573 2581 soeculorum,
590 2532 660 2572 Amen.
691 2528 731 2575 Ubi
743 2529 808 2589 quod,
825 2530 889 2572 Omnis

103 2605 182 2655 glemu,
204 2602 295 2656 scripsit,
315 2602 335 2643 id
347 2616 372 2644 eo
384 2602 467 2644 consilio
479 2601 538 2653 lecit,
560 2609 582 2643 ut
594 2601 618 2642 ab
631 2616 655 2643 eo
668 2602 745 2644 bonore
756 2617 780 2643 aa
792 2601 856 2656 gloria
867 2601 889 2641 li-

106 2669 153 2709 lium
170 2669 296 2709 excluderet.
327 2666 386 2721 Quod
401 2669 479 2723 quidem
495 2681 554 2709 nemo
572 2667 616 2724 pius
630 2682 654 2709 ac
667 2682 736 2710 veram
750 2669 808 2709 iidem
825 2667 888 2709 sancti
938 2674 942 2678 “

107 2737 189 2798 spiritus
204 2736 301 2783 beneficio
316 2744 436 2782 consecutus
451 2737 549 2783 admittet.

163 2811 197 2851 ΙΙΙ.
229 2809 284 2850 llaec
293 2808 388 2849 adversus
400 2808 456 2849 Aeni
467 2809 559 2862 dogmata
570 2808 688 2861 disputanda
700 2809 820 2863 putavimus,
838 2821 889 2861 qnae

106 2874 139 2916 ille
151 2875 255 2917 dialectica
271 2874 363 2916 lacultate
375 2879 396 2914 et
406 2873 558 2931 argumentandi
569 2872 678 2916 subtilitate
690 2874 820 2932 humanisque
833 2887 890 2933 prae·

107 2946 172 3005 stigiis
188 2948 252 2992 fretus
269 2946 365 3006 capitibus
381 2953 458 3003 septem
472 2961 496 2990 ac
511 2946 593 3004 triginta
608 2945 709 2989 disseruit.
741 2945 773 2990 Ea
784 2960 833 2989 vero
845 2960 890 2988 oum

133 3057 159 3092 13.
173 3056 202 3093 ciel
210 3058 241 3093 καὶ
253 3057 278 3097 εἰς
288 3059 334 3092 codd.
344 3067 381 3091 mss.
387 3081 393 3100 ‚
405 3060 429 3090 uti
438 3066 488 3099 supro
535 3055 561 3091 14.
574 3058 618 3090 Lare
628 3059 677 3100 culpa
687 3055 769 3104 περιάροι.

107 3115 145 3151 pap.
153 3103 193 3143 930.
217 3100 247 3144 ciel
258 3104 284 3148 εἰς
295 3106 339 3142 eddi.

144 3165 204 3201 corpus
212 3164 303 3194 Haereseol.
310 3161 330 3193 ΙΙ.
337 3165 352 3193 3.
726 3168 752 3208 21
