1988 3392
281 219 374 253 ruuuuu
386 220 429 251 cru.
443 222 472 252 ur.
485 221 539 253 rom.
550 221 564 252 1.
577 220 645 252 naen.
655 219 738 253 cxxvi.
853 210 895 250 325

110 313 176 345 rorum
191 296 322 355 domicilium,
347 300 399 344 ae'ris
412 314 526 356 mensuras,
550 298 666 346 coelestium
680 296 757 342 orbium
775 298 859 342 lorruam
873 311 897 342 ac

110 371 275 423 crassitudinem,
299 373 506 428 quodnamsummum
526 388 598 430 snpra,
621 372 673 428 quod
689 371 741 412 inira
758 370 783 411 sit
799 371 895 423 intimum,

109 439 157 493 quid.
173 440 313 480 addextcram
329 441 366 490 sit,
389 442 434 494 quid
451 443 474 480 ad
488 442 597 482 sinistram.
628 441 661 482 Ad
673 441 723 480 haec
738 446 849 480 creatarum
864 454 897 480 re-

109 519 151 546 rnm
165 511 267 557 naturam,
284 506 352 561 tuique
362 507 413 547 adeo
424 507 545 551 molitionem
558 509 658 564 explices,
675 513 716 547 trum
728 519 796 546 eorum
808 505 896 546 ornrrium

109 590 211 620 nnmerum
225 576 333 635 modosque
345 591 395 635 quae
408 576 467 621 terris
478 576 554 622 inlicita
565 576 700 621 continemur.
733 573 790 619 llaec
802 589 846 619 cum
858 574 896 620 illis

108 647 238 699 obiiciantur,
260 655 280 689 ut
296 649 320 689 ab
337 649 389 691 illius
406 649 538 692 sectatoribus
549 650 617 691 audire
631 648 723 700 unenrini,
747 647 771 688 ad
787 647 896 701 sophistica

108 715 203 768 quaedam
220 724 332 755 commenta
348 717 524 771 cavillationesque
542 731 587 758 sese
606 723 738 767 convertunt,
761 723 781 755 ct
797 729 825 755 ex
842 715 896 755 illius

108 781 231 838 praescripto
242 782 269 822 ita
281 783 413 839 respondent=
431 782 487 824 Haec
499 784 566 824 oninia
579 796 675 839 corporea
689 789 745 833 sunt,
763 794 801 821 nce
814 795 826 822 a
837 780 896 821 uobis

107 852 182 911 percipi
200 860 290 910 possunt.
328 851 392 897 Deum
409 868 471 908 vero,
492 854 525 912 qui
545 854 593 898 haec
609 855 651 913 ipsa
669 851 768 906 condidit,
790 849 895 895 manifeste

107 923 217 965 cuiusmodi
228 923 262 974 sit,
279 926 421 978 quommodo,
438 939 462 966 ac
474 926 546 980 qualis,
563 925 633 979 quisve
645 924 671 965 sit
681 923 817 977 intelligimus.
843 921 894 977 Quis

107 991 156 1030 haec
173 990 216 1031 siue
231 992 273 1030 risu
289 992 352 1045 possit
369 992 451 1032 audire?
482 991 520 1031 Est
536 992 588 1031 euim
603 992 661 1043 louge
675 991 723 1031 illud
736 1004 784 1031 saue
800 990 895 1030 stultissi-

106 1068 171 1098 mum:
194 1054 297 1098 Summum
308 1057 376 1110 illum,
398 1064 418 1098 et
429 1057 604 1114 incomparabilem
616 1057 719 1113 opificem,
739 1056 771 1111 qui
784 1055 838 1096 nullo
851 1068 894 1095 ser·

106 1144 165 1172 moue
184 1128 280 1172 declarari
295 1136 373 1187 potest,
394 1128 446 1173 scire
462 1143 483 1173 se
500 1137 559 1187 atquc
573 1135 666 1173 accurate
678 1126 793 1186 percepisse
805 1125 895 1185 profiteri

106 1199 175 1253 (atque
186 1199 261 1240 utinam
272 1200 309 1240 flde
319 1200 389 1240 saltem
399 1200 455 1241 illum
465 1200 528 1255 ipsum
540 1200 592 1241 seire
605 1213 635 1249 sc,
652 1213 691 1240 non
703 1198 758 1239 velut
768 1204 894 1239 contrectare

106 1266 196 1305 manibus
208 1265 320 1305 incredibili
335 1267 418 1306 audacia
429 1267 602 1319 praedicamenti),
625 1267 705 1305 interim
718 1280 767 1305 uero
779 1272 857 1304 creatas
869 1264 894 1304 ab

105 1331 254 1389 incomparabili
265 1331 298 1374 illo
309 1347 342 1374 res
354 1326 432 1385 omnes,
449 1346 499 1390 quae
510 1331 530 1374 iu
542 1347 578 1374 sua
590 1346 668 1390 quaque
677 1330 744 1387 specie
755 1330 894 1372 consideratae

105 1411 229 1461 spectatores
241 1404 295 1461 ipsos
307 1405 338 1448 sni
347 1404 368 1447 in
379 1404 530 1448 admirationem
542 1405 621 1447 trahere
633 1411 729 1461 possunt,
751 1417 825 1459 negare
838 1402 893 1445 illum

106 1488 149 1514 cum
160 1473 202 1514 suis
214 1488 224 1515 a
238 1488 261 1515 se
273 1474 375 1529 cognosci.
406 1473 529 1516 Praesertim
546 1489 590 1515 cum
608 1475 679 1528 ubique
696 1487 767 1514 sacrae
782 1473 854 1513 literae
869 1472 893 1514 de

105 1541 143 1580 deo
154 1547 265 1590 testentur,
282 1555 346 1594 neque
358 1542 421 1581 oculis
430 1541 494 1595 ipsum
506 1542 594 1594 percipi,
612 1554 676 1593 neque
686 1541 839 1594 comprehendi,
856 1553 893 1579 uec

105 1605 171 1649 auimo
187 1607 270 1665 cogitari
287 1621 359 1665 posse,
381 1607 417 1648 sed
433 1606 452 1648 id
464 1621 524 1648 rrrrum
541 1607 564 1647 de
580 1605 614 1648 illo
628 1620 655 1647 ex
668 1606 697 1647 rei
710 1606 796 1647 veritate
809 1604 892 1663 percipi,

105 1682 160 1733 (lund
173 1683 210 1730 sit,
227 1682 313 1735 quodque
328 1683 429 1734 delegantes
443 1696 464 1722 ce
478 1688 617 1722 remzracretarr.
896 1684 990 1726 Hctr.11,t.

162 1748 189 1791 V.
221 1749 261 1790 lam
279 1764 326 1790 vcro
345 1750 423 1803 quotics
439 1764 508 1790 eorum
520 1750 603 1803 aliquis,
626 1749 695 1803 uiride
709 1747 829 1802 deigloria,
846 1748 892 1799 lide,

104 1815 194 1864 caritate,
211 1823 231 1855 et
241 1816 436 1868 incomprehensibili
448 1822 518 1855 natura
531 1823 587 1855 recte
598 1816 694 1864 sentiunt,
711 1815 749 1853 hoo
759 1815 798 1854 illis
811 1815 891 1855 obiicit:

103 1878 203 1923 Novimus
223 1881 442 1941 incomprehensibilem
466 1881 535 1935 deum,
559 1882 592 1938 qui
614 1894 651 1921 nec
671 1880 734 1922 oculis
755 1880 832 1932 videri,
854 1893 892 1922 nec

103 1954 200 2011 explicari
212 1969 305 1997 sermone
322 1962 399 2012 potest,
416 1969 460 1997 curn
474 1969 522 2006 nos,
544 1955 633 2010 innuant,
649 1968 721 1996 revera
740 1952 889 2009 cognoscimus,

103 2024 138 2063 sed
156 2038 192 2063 uec
206 2025 346 2079 aspectabilem
364 2032 384 2064 et
397 2024 617 2077 incomprehensibilem
632 2037 677 2063 esse
691 2025 778 2073 scimus,
802 2025 826 2063 ad
842 2023 891 2063 hacc

103 2103 168 2128 norae
180 2091 219 2128 iste
233 2091 348 2129 dialecticae
362 2091 482 2129 architectus
496 2090 595 2128 illudendo
612 2103 635 2128 ac
646 2090 754 2128 deridendo
769 2090 823 2128 velut
836 2090 892 2128 labu-

103 2155 141 2198 lam
154 2155 250 2215 quandam
267 2155 379 2199 contenuit.
411 2152 495 2198 Cui'rmrn
511 2170 560 2212 ergo
572 2170 609 2197 vos
625 2161 751 2212 vestramque
764 2154 822 2195 lidem
837 2153 891 2194 sirni-

102 2228 152 2281 lem,
169 2229 244 2285 inquit,
260 2243 306 2271 esse
318 2229 417 2271 dixerim?
447 2227 546 2272 Nimirum
560 2227 655 2280 vitiatae,
672 2244 694 2269 nc
708 2242 791 2280 caecae,
808 2227 888 2280 surdae,

103 2304 208 2351 mutaeque
222 2298 307 2351 uirgini,
325 2298 356 2338 cui
368 2299 445 2351 quidem
458 2298 544 2337 oblatum
558 2311 604 2337 esse
615 2304 703 2351 stuprum
716 2297 748 2350 qui
760 2311 803 2337 eam
817 2305 891 2337 norunt

103 2376 173 2401 onrrres
184 2363 304 2417 intelligunt.
336 2363 365 2402 At
374 2364 391 2402 si
404 2363 447 2416 quis
458 2363 490 2401 illc
502 2364 583 2401 vitiator
597 2364 657 2402 luerit
669 2364 794 2415 interroges,
817 2376 891 2415 nequa-

104 2444 162 2490 quam
174 2429 250 2486 audiat3
272 2444 336 2490 neque
348 2437 382 2475 aut
395 2430 449 2474 illum
462 2437 543 2490 propter
555 2430 671 2474 caecitatem
683 2430 752 2473 videre
767 2432 841 2489 putarit,
858 2438 891 2475 aut

102 2502 204 2553 iudicare,
221 2504 271 2559 quod
286 2511 337 2545 mrrta
350 2504 387 2556 sit,
405 2511 478 2559 potest.
509 2501 584 2544 Merito
594 2503 656 2558 igitur
671 2503 691 2544 in
707 2504 769 2558 ipsum
786 2503 990 2559 ipsiusqrrensatn.t,1t

103 2584 216 2611 sermonem
232 2571 278 2610 illud
291 2585 302 2611 c
313 2572 412 2624 scriptura
431 2579 547 2624 retorquere
566 2571 623 2611 licet:
641 2574 768 2611 Convertntur
782 2574 837 2611 ludor
850 2576 891 2612 eiua

102 2639 123 2675 iu
132 2643 191 2689 caput
199 2639 271 2688 ipsius,
287 2644 307 2675 et
318 2640 391 2677 inardet
401 2641 421 2676 in
429 2639 505 2691 foueam
516 2639 638 2691 quemfecit,
662 2652 685 2677 ac
698 2644 765 2677 cetera
781 2639 799 2676 id
815 2652 889 2691 genuS.

103 2702 143 2749 Hic
156 2703 208 2749 enim
220 2705 274 2750 caeci
291 2703 361 2750 similis
373 2713 417 2761 cst,
440 2705 529 2766 quicum
546 2720 570 2749 ca
587 2704 699 2750 calamitate
717 2714 774 2751 natus
790 2705 889 2765 loquatur,

104 2778 209 2833 audiatque
221 2792 278 2833 quam
291 2778 382 2834 plurima.
414 2779 445 2820 Ac
457 2779 503 2820 licet
515 2778 562 2830 albi,
579 2792 601 2818 ac
614 2779 674 2832 nigri,
692 2780 788 2831 caerulei,
804 2779 888 2836 prasini,

103 2845 154 2894 ruli,
175 2859 198 2884 ac
212 2853 324 2886 ceterorum
341 2859 353 2885 a
368 2859 390 2886 se
406 2846 560 2900 discrepantium
575 2846 677 2897 colorum,
699 2860 791 2887 necnon
807 2855 827 2887 ct
840 2838 890 2888 lucis

125 2979 153 3015 20.
165 2978 195 3017 nul
211 2991 241 3017 om.
251 2983 268 3017 tn
277 2983 313 3018 edit.
326 2983 380 3019 Peleo.
394 2984 447 3020 Coton.
458 2993 483 3020 re·
529 2982 558 3018 22
570 2978 664 3028 phedonem
678 2983 724 3019 codd.
736 2993 773 3019 mss.
798 2981 890 3031 chalamne

102 3031 154 3107 will.
166 3076 246 3115 ποταπῶς
257 3078 292 3110 cod.
308 3078 374 3117 nucula.
508 3033 559 3110 edllld.
572 3074 673 3120 ἐπιστρέψαι
684 3079 721 3111 libri
733 3087 791 3111 omnes.
