1988 3392
208 216 302 253 PANARII
313 217 357 252 Lttt.
366 219 397 254 ΙΙΙ.
406 219 463 254 ΤΟΜ.
471 219 485 253 Ι,
497 218 565 253 ΗΑΕΒ.
573 217 657 274 Lxxttt.
784 206 825 251 139

39 300 116 346 alienos
126 315 138 346 a
149 300 220 356 uobis,
242 301 277 345 sed
289 316 396 360 germanos
411 317 456 347 esse
468 316 622 361 cognoscamus.
652 298 723 345 Potest
737 300 789 345 cuim
806 307 826 345 et

39 386 75 415 aes
85 386 147 425 auro,
167 379 188 415 et
199 379 283 428 argento
294 380 399 425 stannum,
422 381 442 415 et
453 375 507 416 lerro
519 373 618 431 plumbum
635 371 706 414 similis
721 386 766 414 esse
778 372 825 414 sub-

39 440 133 483 stautiue.
165 438 206 483 Sed
221 455 258 483 uos
270 448 337 483 vestra
352 441 387 483 itta
403 455 506 498 perperam
521 441 636 497 excogitata
655 455 679 481 ac
690 440 826 482 fraudulenter

41 508 128 550 conficta
146 515 258 550 commenta
276 523 316 550 non
335 509 411 550 fallent.
431 508 500 551 Nam
518 511 549 562 si,
571 509 628 552 utin
643 522 733 550 errorem
748 509 826 564 aliquos

38 576 158 630 impellatis,
174 577 245 616 inanes
255 577 333 631 species
345 577 529 632 commentitiasque
540 577 647 631 quaeritiS,
664 582 687 617 et·
695 576 826 617 cousubstan-

39 641 106 684 tialem
122 649 228 699 propterea
240 642 309 685 vocari
324 658 364 686 uon
376 650 469 701 oportere
481 643 598 696 defenditis,
619 657 645 685 ue
660 642 722 685 lilium
736 656 780 684 cum
792 656 826 699 pa-

39 718 84 767 tre,
100 718 121 756 et
130 712 219 772 spiritum
231 721 320 758 sanctum
332 729 375 758 cum
389 721 472 773 utroque
483 714 640 770 conlaudamus,
662 728 687 758 ue
699 712 736 758 bac
747 711 826 771 quidem

39 784 60 827 in
75 791 130 841 parte
145 792 229 840 possunt
239 786 340 828 mendacia
352 793 420 828 vestra
435 787 554 829 consistere.
584 785 632 828 Non
645 786 696 828 enim
708 788 768 827 simul
780 787 826 826 sub-

39 855 156 902 stantialem,
172 854 208 895 sed
218 855 398 895 consubstantialem
409 853 500 907 dicimus,
517 868 541 896 ue
552 855 624 909 aliquid
637 854 737 896 diuersum
749 862 826 910 apatre

39 921 181 976 profiteamur,
204 921 240 962 sed
257 921 314 962 deum
326 934 353 962 ex
364 922 402 963 deo
413 935 462 963 uere
474 922 574 976 genitum,
589 936 629 963 nou
642 922 734 973 aliunde,
750 936 788 963 uec·
800 935 826 963 ex

39 987 113 1038 nitito,
134 988 169 1029 sed
184 1001 195 1028 a
209 995 265 1043 patre
283 988 327 1029 siue
344 995 434 1043 tempore
450 996 471 1029 et
485 988 543 1029 initio
558 996 578 1029 et
591 989 725 1044 inexplicabili
742 990 825 1043 quadam

39 1055 118 1096 ratione
135 1055 252 1111 productum
268 1068 291 1096 ao
308 1055 409 1110 genitum3
431 1056 464 1111 qui
480 1069 560 1112 semper
571 1070 615 1097 cum
626 1062 683 1112 patre
696 1055 768 1107 luerit,
789 1069 827 1098 nec

40 1137 85 1168 esse
102 1124 220 1183 quandoque
236 1123 322 1168 desinat.
353 1122 448 1175 Genituur
460 1139 532 1184 porro,
554 1139 593 1168 non
605 1139 721 1183 gemursam
736 1125 826 1180 fratrem,

39 1210 80 1238 uon
95 1210 162 1239 avum.
193 1194 245 1239 Nam
262 1196 311 1239 baec
326 1196 434 1254 particula,
452 1200 502 1247 Con,
519 1197 638 1255 hypostases
651 1198 712 1250 duas,
729 1211 767 1239 uec
778 1197 826 1239 alie·

39 1278 76 1306 nas
93 1272 164 1306 natura
178 1265 286 1320 signinam.
318 1264 375 1308 Unde
392 1273 412 1307 et
423 1266 514 1308 veritatis
530 1267 584 1307 uelut
599 1272 665 1308 nexus
680 1281 704 1307 ac
715 1266 825 1316 uinculum,

39 1345 79 1373 non
90 1332 135 1373 siue
146 1332 211 1373 sancti
225 1333 306 1388 spiritus
316 1333 393 1384 afflatu,
415 1347 451 1389 per
465 1334 543 1374 illorum
560 1348 595 1375 ora
613 1335 646 1389 qui
659 1334 716 1390 primi
732 1341 826 1380 auctores

40 1399 121 1440 fuerunt
130 1406 161 1440 est
171 1400 191 1440 iu
202 1413 226 1440 ea
237 1414 286 1440 voce
298 1400 435 1448 coristitutum.
465 1399 529 1442 Vides
540 1401 601 1454 igitur
611 1402 685 1442 nullum
697 1402 734 1441 ianr
746 1400 781 1441 tibi
792 1415 826 1441 co-

40 1466 103 1508 lorem
114 1473 148 1507 aut
158 1467 245 1522 speciem
257 1480 303 1521 esse
313 1467 421 1522 reliquam,
438 1481 502 1523 ueque
515 1469 612 1510 aduersus
623 1468 755 1510 orthodoxam
767 1468 826 1510 tidem

40 1535 112 1580 merito
129 1550 187 1594 posse
198 1537 332 1591 contendere,
353 1536 387 1580 vol
404 1551 439 1581 eos
450 1537 567 1596 perturbare
585 1536 618 1595 qui
629 1537 700 1581 falsum
712 1537 759 1582 illud
771 1545 826 1582 tuum

41 1621 53 1650 a
71 1613 90 1649 te
111 1608 252 1650 decretumne
271 1623 384 1651 sermonem
406 1610 531 1666 acceperint,
555 1610 571 1651 si
592 1610 636 1666 quis
656 1610 827 1653 consubstantiale

40 1689 137 1731 usurpare
149 1676 204 1728 vetit,
221 1677 359 1718 confusionom
369 1679 466 1732 quandam
477 1678 498 1718 in
511 1678 614 1719 divinitate
628 1678 729 1720 eouliteri.
753 1678 826 1734 Neque

41 1742 93 1784 enirn
105 1743 189 1798 amplius
201 1743 252 1785 istud
266 1743 353 1794 obiicere
366 1751 431 1799 potes.
463 1743 541 1801 Quippe
554 1747 727 1786 Consubstantz'ola's
741 1746 775 1787 itta
785 1760 828 1787 vox

41 1810 90 1851 duos
106 1811 202 1865 quosdam
219 1811 332 1865 significat,
354 1812 463 1867 eademque
480 1812 531 1853 baud
547 1812 631 1860 alienam
645 1827 656 1853 a
668 1820 723 1869 patre
737 1813 827 1854 sobolem

41 1891 87 1920 esse
99 1878 230 1921 demonstrat.
260 1877 293 1920 Tu
306 1893 356 1921 vero
371 1882 516 1930 homoeousion,
539 1880 577 1922 boc
591 1888 623 1922 est
637 1883 744 1923 substantia
756 1883 825 1932 simile,

41 1956 178 2003 commentus,
199 1949 337 2008 primumipso
352 1952 417 2001 osiae,
440 1950 477 1994 boo
490 1953 661 2003 estsubstouttae,
683 1952 781 1996 uocabulo
795 1967 828 1996 re-

41 2020 128 2072 felleris,
149 2020 220 2062 deiude
237 2028 270 2061 tua
282 2027 302 2062 te
312 2020 346 2061 illa
356 2021 484 2077 discrepans,
506 2035 544 2063 nec
559 2030 707 2075 consentanea,
730 2024 828 2080 professio

41 2089 172 2138 condemnat,
194 2101 239 2128 cum
251 2101 291 2128 uon
307 2101 332 2129 ea
344 2088 399 2129 dicas
411 2102 460 2143 quae
472 2089 560 2140 sentias,
583 2091 618 2131 sed
630 2104 681 2145 quae
693 2092 756 2132 sentis
768 2092 827 2143 ratso,

41 2169 65 2197 ac
75 2155 199 2196 mendaciter
210 2155 291 2195 doceas.
321 2153 401 2195 Etenim
419 2155 436 2196 si
452 2155 476 2196 ab
491 2156 535 2211 ipso
545 2163 602 2212 patre
614 2171 654 2198 uon
668 2165 700 2199 est
711 2158 793 2199 omuino
803 2159 827 2199 li·

40 2222 91 2274 lius,
115 2222 150 2264 sed
169 2221 298 2264 nihilomiuus
317 2221 388 2264 similis
410 2229 453 2274 est,
477 2238 490 2264 a
505 2224 590 2265 veritate
610 2225 715 2281 plurimum
735 2226 826 2269 aberras.

40 2289 94 2335 Nam
112 2304 235 2349 quacumque
247 2291 324 2334 demunt
335 2304 363 2334 ex
376 2290 458 2335 materia
471 2291 553 2350 quilibet
569 2307 687 2352 expressam
703 2294 787 2339 alicuius
800 2297 828 2339 si-

41 2363 151 2406 mulacrum
165 2370 239 2405 a'rnare
249 2362 347 2416 voluerit,
369 2377 469 2420 uunquam
480 2364 527 2407 illud
537 2379 581 2407 cum
593 2367 703 2424 exemplari
715 2367 759 2426 ipso
770 2368 828 2411 adae-

42 2447 103 2488 quare
125 2433 205 2488 poterit.
241 2431 279 2474 Est
293 2432 346 2474 enim
365 2440 478 2475 structurae
495 2442 554 2490 atque
573 2436 685 2478 effectionis
700 2452 750 2493 opus
771 2439 827 2480 illud.

42 2499 101 2555 Quod
116 2507 183 2541 autem
199 2500 303 2554 abaliquo
317 2499 418 2555 gignitur,
438 2501 523 2556 idipsum
539 2503 563 2543 ad
580 2503 600 2543 id
620 2504 672 2544 uude
683 2506 771 2559 gignitur
782 2520 828 2561 ger-

42 2566 143 2608 inanitatis
159 2580 208 2608 suae
223 2566 308 2607 similem
321 2574 341 2607 et
355 2568 458 2622 aequalem
477 2570 559 2610 formam
575 2570 656 2611 retinet.
693 2570 828 2626 Quamobrem

41 2635 58 2678 si
74 2635 98 2676 ab
109 2635 153 2691 ipso
171 2641 228 2691 patre
240 2635 425 2690 commigremus,
447 2643 468 2677 et
477 2644 535 2679 extra
546 2637 610 2694 ipsum
622 2646 664 2692 est,
680 2639 728 2681 lieet
738 2639 829 2682 similitu-

42 2705 108 2749 dinem
124 2704 221 2763 quandam
236 2703 371 2758 substantiae,
393 2705 449 2749 velut
461 2707 603 2765 gratificando,
628 2708 715 2763 tribuas,
731 2710 780 2754 nibil
791 2711 829 2770 ipsi

42 2776 129 2833 largiris,
149 2778 184 2819 sed
196 2776 221 2819 ab
236 2777 279 2818 eius
294 2776 387 2819 excidisti
405 2778 478 2833 gratia.
510 2781 549 2831 Qui
559 2782 608 2820 enain
623 2795 661 2822 uon
673 2783 828 2837 bonoratfib'om
837 2791 933 2829 Ioannem.

41 2849 279 2900 sa'outwboooratpotrm
301 2849 476 2889 abadet'manetbo
487 2851 558 2901 psum,
580 2849 700 2892 aitsanctus
713 2853 828 2907 apostolus:

41 2914 101 2965 item,
117 2917 179 2954 Em'uu'
191 2922 278 2967 epatre,
294 2917 382 2962 claudo,
403 2915 437 2956 ille
452 2916 495 2970 ipse
509 2916 601 2957 nimirum
618 2918 651 2972 qui
666 2918 730 2970 dixit,
750 2923 794 2971 Ego
808 2924 829 2961 in
855 2913 908 2975 ¹3³3&

39 2989 97 3034 patre
110 2988 131 3021 et
140 2989 199 3034 poter
216 2984 236 3022 in
251 2996 291 3030 me,·
313 2988 354 3022 tum
369 2981 429 3025 illud:
449 2985 546 3037 Ptitqrpe,
568 2988 667 3038 qai'uidet
680 3000 720 3035 aue,
741 2989 793 3027 arbel
806 2995 827 3027 et
852 2967 908 3049 ἓξὲξ,

39 3057 122 3105 macne.
851 3048 907 3125 llll.
