<?xml version="1.0" encoding="UTF-8"?>
<!DOCTYPE html PUBLIC "-//W3C//DTD XHTML 1.0 Transitional//EN"
    "http://www.w3.org/TR/xhtml1/DTD/xhtml1-transitional.dtd">
<html xmlns="http://www.w3.org/1999/xhtml" xml:lang="en" lang="en">
 <head>
  <title>
</title>
<meta http-equiv="Content-Type" content="text/html;charset=utf-8" />
  <meta name='ocr-system' content='tesseract 3.04.00' />
  <meta name='ocr-capabilities' content='ocr_page ocr_carea ocr_par ocr_line ocrx_word'/>
</head>
<body>
  <div class='ocr_page' id='page_1' title='image "./MN41650ucmf_1/MN41650ucmf_1_0288.png"; bbox 0 0 1988 3392; ppageno 0'>
   <div class='ocr_carea' id='block_1_1' title="bbox 150 224 700 270">
    <p class='ocr_par' dir='ltr' id='par_1_1' title="bbox 150 224 700 270">
     <span class='ocr_line' id='line_1_1' title="bbox 150 224 700 270; baseline 0.002 -2"><span class='ocrx_word' id='word_1_1' title='bbox 150 225 192 269; x_wconf 71' lang='lat'><em>266</em></span> <span class='ocrx_word' id='word_1_2' title='bbox 438 234 519 270; x_wconf 79' lang='grc' dir='ltr'><em>ειαοτι</em></span> <span class='ocrx_word' id='word_1_3' title='bbox 530 234 645 269; x_wconf 66' lang='lat' dir='ltr'><strong>nummu</strong></span> <span class='ocrx_word' id='word_1_4' title='bbox 696 224 700 228; x_wconf 88' lang='lat'>&#39;</span> 
     </span>
    </p>
   </div>
   <div class='ocr_carea' id='block_1_2' title="bbox 68 310 976 2433">
    <p class='ocr_par' dir='ltr' id='par_1_2' title="bbox 150 310 933 645">
     <span class='ocr_line' id='line_1_2' title="bbox 150 310 932 371; baseline 0.005 -17"><span class='ocrx_word' id='word_1_5' title='bbox 150 310 200 355; x_wconf 84' lang='grc' dir='ltr'><em>εἶναι</em></span> <span class='ocrx_word' id='word_1_6' title='bbox 213 311 271 368; x_wconf 82' lang='grc' dir='ltr'><em>ῦγιον</em></span> <span class='ocrx_word' id='word_1_7' title='bbox 282 319 366 368; x_wconf 86' lang='grc' dir='ltr'><em>πνεῦμα.</em></span> <span class='ocrx_word' id='word_1_8' title='bbox 399 318 428 371; x_wconf 72' lang='grc' dir='ltr'><em>Τῇ</em></span> <span class='ocrx_word' id='word_1_9' title='bbox 439 313 477 368; x_wconf 84' lang='grc' dir='ltr'><em>γάρ</em></span> <span class='ocrx_word' id='word_1_10' title='bbox 489 313 555 369; x_wconf 79' lang='grc' dir='ltr'><em>τριάιλι</em></span> <span class='ocrx_word' id='word_1_11' title='bbox 569 313 629 356; x_wconf 77' lang='grc' dir='ltr'><em>οὐδέν</em></span> <span class='ocrx_word' id='word_1_12' title='bbox 640 311 686 356; x_wconf 81' lang='grc' dir='ltr'><em>άλλο</em></span> <span class='ocrx_word' id='word_1_13' title='bbox 701 313 862 368; x_wconf 80' lang='grc' dir='ltr'><em>συγκριθήσεται.</em></span> <span class='ocrx_word' id='word_1_14' title='bbox 892 317 932 358; x_wconf 78' lang='grc' dir='ltr'><em>Καὶ</em></span> 
     </span>
     <span class='ocr_line' id='line_1_3' title="bbox 150 377 931 436; baseline 0.004 -14"><span class='ocrx_word' id='word_1_15' title='bbox 150 379 184 422; x_wconf 82' lang='grc' dir='ltr'><em>διά</em></span> <span class='ocrx_word' id='word_1_16' title='bbox 195 384 253 422; x_wconf 89' lang='grc' dir='ltr'><em>τοῦτο</em></span> <span class='ocrx_word' id='word_1_17' title='bbox 269 379 372 435; x_wconf 69' lang='grc' dir='ltr'><em>ἀληθινῶς</em></span> <span class='ocrx_word' id='word_1_18' title='bbox 383 379 494 434; x_wconf 84' lang='grc' dir='ltr'><em>όμοοῦσιόν</em></span> <span class='ocrx_word' id='word_1_19' title='bbox 508 382 548 423; x_wconf 80' lang='grc' dir='ltr'><em>ἔστι</em></span> <span class='ocrx_word' id='word_1_20' title='bbox 559 379 581 423; x_wconf 85' lang='grc' dir='ltr'><em>τό</em></span> <span class='ocrx_word' id='word_1_21' title='bbox 595 386 631 434; x_wconf 79' lang='grc' dir='ltr'><em>τῆς</em></span> <span class='ocrx_word' id='word_1_22' title='bbox 647 379 753 436; x_wconf 72' lang='grc' dir='ltr'><strong><em>ὁμολογίας</em></strong></span> <span class='ocrx_word' id='word_1_23' title='bbox 769 377 827 432; x_wconf 77' lang='grc' dir='ltr'><em>ἡμῶν</em></span> <span class='ocrx_word' id='word_1_24' title='bbox 844 381 931 435; x_wconf 74' lang='grc' dir='ltr'><em>ἔρεισμα,</em></span> 
     </span>
     <span class='ocr_line' id='line_1_4' title="bbox 150 444 933 531; baseline 0.004 -43"><span class='ocrx_word' id='word_1_25' title='bbox 150 447 185 489; x_wconf 82' lang='grc' dir='ltr'><em>καὶ</em></span> <span class='ocrx_word' id='word_1_26' title='bbox 198 444 224 489; x_wconf 87' lang='grc' dir='ltr'><em>οῦ</em></span> <span class='ocrx_word' id='word_1_27' title='bbox 235 446 270 490; x_wconf 74' lang='grc' dir='ltr'><em>διά</em></span> <span class='ocrx_word' id='word_1_28' title='bbox 280 451 386 505; x_wconf 79' lang='grc' dir='ltr'><em>προφορᾶς</em></span> <span class='ocrx_word' id='word_1_29' title='bbox 396 451 431 500; x_wconf 79' lang='grc' dir='ltr'><em>τῆς</em></span> <span class='ocrx_word' id='word_1_30' title='bbox 444 445 496 489; x_wconf 72' lang='grc' dir='ltr'><em>ὁιλιοί</em></span> <span class='ocrx_word' id='word_1_31' title='bbox 505 452 542 490; x_wconf 90' lang='grc' dir='ltr'><em>τοῦ</em></span> <span class='ocrx_word' id='word_1_32' title='bbox 552 451 643 504; x_wconf 84' lang='grc' dir='ltr'><em>γίνεσθαι</em></span> <span class='ocrx_word' id='word_1_33' title='bbox 654 448 688 490; x_wconf 77' lang='grc' dir='ltr'><em>κοιλ</em></span> <span class='ocrx_word' id='word_1_34' title='bbox 700 445 727 502; x_wconf 74' lang='grc' dir='ltr'><em>μὴ</em></span> <span class='ocrx_word' id='word_1_35' title='bbox 737 449 828 531; x_wconf 77' lang='grc' dir='ltr'><em>γίνερθμι</em></span> <span class='ocrx_word' id='word_1_36' title='bbox 841 444 933 503; x_wconf 83' lang='grc' dir='ltr'><em>άναιρου-</em></span> 
     </span>
     <span class='ocr_line' id='line_1_5' title="bbox 150 511 933 573; baseline 0.005 -16"><span class='ocrx_word' id='word_1_37' title='bbox 150 515 218 570; x_wconf 88' lang='grc' dir='ltr'><em>μένης,</em></span> <span class='ocrx_word' id='word_1_38' title='bbox 234 533 263 567; x_wconf 86' lang='grc' dir='ltr'><em>ως</em></span> <span class='ocrx_word' id='word_1_39' title='bbox 274 514 288 571; x_wconf 74' lang='grc' dir='ltr'><em>ἡ</em></span> <span class='ocrx_word' id='word_1_40' title='bbox 297 533 333 559; x_wconf 92' lang='grc' dir='ltr'><em>του</em></span> <span class='ocrx_word' id='word_1_41' title='bbox 323 513 418 558; x_wconf 80' lang='grc' dir='ltr'><em>Ἀετίου</em></span> <span class='ocrx_word' id='word_1_42' title='bbox 428 516 474 573; x_wconf 81' lang='grc' dir='ltr'><em>περὶ</em></span> <span class='ocrx_word' id='word_1_43' title='bbox 486 514 563 573; x_wconf 86' lang='grc' dir='ltr'><em>πατρός</em></span> <span class='ocrx_word' id='word_1_44' title='bbox 572 516 628 569; x_wconf 78' lang='grc' dir='ltr'><em>δόξα,</em></span> <span class='ocrx_word' id='word_1_45' title='bbox 643 517 677 560; x_wconf 78' lang='grc' dir='ltr'><em>καὶ</em></span> <span class='ocrx_word' id='word_1_46' title='bbox 687 517 742 569; x_wconf 83' lang='grc' dir='ltr'><em>υἱοῦ,</em></span> <span class='ocrx_word' id='word_1_47' title='bbox 756 515 791 559; x_wconf 83' lang='grc' dir='ltr'><em>καὶ</em></span> <span class='ocrx_word' id='word_1_48' title='bbox 803 511 861 573; x_wconf 82' lang='grc' dir='ltr'><em>άγίου</em></span> <span class='ocrx_word' id='word_1_49' title='bbox 872 515 933 561; x_wconf 85' lang='grc' dir='ltr'><em>πνεῦ-</em></span> 
     </span>
     <span class='ocr_line' id='line_1_6' title="bbox 151 583 933 645; baseline 0.003 -16"><span class='ocrx_word' id='word_1_50' title='bbox 151 604 219 642; x_wconf 87' lang='grc' dir='ltr'><em>ματος.</em></span> <span class='ocrx_word' id='word_1_51' title='bbox 243 585 301 630; x_wconf 85' lang='grc' dir='ltr'><em>’Ἐστι</em></span> <span class='ocrx_word' id='word_1_52' title='bbox 314 584 353 644; x_wconf 86' lang='grc' dir='ltr'><em>γάρ</em></span> <span class='ocrx_word' id='word_1_53' title='bbox 370 583 433 638; x_wconf 82' lang='grc' dir='ltr'><em>ῦντως</em></span> <span class='ocrx_word' id='word_1_54' title='bbox 449 584 514 645; x_wconf 71' lang='grc' dir='ltr'><em>πατὴρ</em></span> <span class='ocrx_word' id='word_1_55' title='bbox 526 585 635 643; x_wconf 83' lang='grc' dir='ltr'><em>άληθινός,</em></span> <span class='ocrx_word' id='word_1_56' title='bbox 654 605 689 630; x_wconf 91' lang='grc' dir='ltr'><em>και</em></span> <span class='ocrx_word' id='word_1_57' title='bbox 682 584 745 638; x_wconf 80' lang='grc' dir='ltr'><em>υἱός</em></span> <span class='ocrx_word' id='word_1_58' title='bbox 756 584 819 638; x_wconf 82' lang='grc' dir='ltr'><em>όντως</em></span> <span class='ocrx_word' id='word_1_59' title='bbox 829 583 933 643; x_wconf 82' lang='grc' dir='ltr'><em>άληθινός,</em></span> 
     </span>
    </p>

    <p class='ocr_par' dir='ltr' id='par_1_3' title="bbox 109 654 934 915">
     <span class='ocr_line' id='line_1_7' title="bbox 109 654 934 714; baseline 0.001 -14"><span class='ocrx_word' id='word_1_60' title='bbox 109 709 111 713; x_wconf 29' lang='lat'><strong><em>¹</em></strong></span> <span class='ocrx_word' id='word_1_61' title='bbox 151 658 187 700; x_wconf 86' lang='grc' dir='ltr'><em>καὶ</em></span> <span class='ocrx_word' id='word_1_62' title='bbox 202 662 280 712; x_wconf 82' lang='grc' dir='ltr'><em>πνεῦμα</em></span> <span class='ocrx_word' id='word_1_63' title='bbox 295 655 354 714; x_wconf 80' lang='grc' dir='ltr'><em>άγιον</em></span> <span class='ocrx_word' id='word_1_64' title='bbox 371 655 480 712; x_wconf 83' lang='grc' dir='ltr'><em>άληθινόν,</em></span> <span class='ocrx_word' id='word_1_65' title='bbox 501 674 539 700; x_wconf 89' lang='grc' dir='ltr'><em>καν</em></span> <span class='ocrx_word' id='word_1_66' title='bbox 549 674 570 700; x_wconf 89' lang='grc' dir='ltr'><em>τε</em></span> <span class='ocrx_word' id='word_1_67' title='bbox 585 659 669 714; x_wconf 77' lang='grc' dir='ltr'><em>μυρίους</em></span> <span class='ocrx_word' id='word_1_68' title='bbox 682 654 824 713; x_wconf 84' lang='grc' dir='ltr'><em>συλλογισμοῦς</em></span> <span class='ocrx_word' id='word_1_69' title='bbox 837 659 934 711; x_wconf 79' lang='grc' dir='ltr'><em>ματαίους</em></span> 
     </span>
     <span class='ocr_line' id='line_1_8' title="bbox 151 723 934 785; baseline 0.001 -16"><span class='ocrx_word' id='word_1_70' title='bbox 151 723 274 785; x_wconf 78' lang='grc' dir='ltr'><em>ῦποσπείρη·</em></span> <span class='ocrx_word' id='word_1_71' title='bbox 290 724 318 776; x_wconf 78' lang='grc' dir='ltr'><em>όίς</em></span> <span class='ocrx_word' id='word_1_72' title='bbox 329 739 378 779; x_wconf 91' lang='grc' dir='ltr'><em>φησι</em></span> <span class='ocrx_word' id='word_1_73' title='bbox 389 723 401 768; x_wconf 89' lang='grc' dir='ltr'><em>ό</em></span> <span class='ocrx_word' id='word_1_74' title='bbox 412 732 470 776; x_wconf 88' lang='grc' dir='ltr'><em>θεῖος</em></span> <span class='ocrx_word' id='word_1_75' title='bbox 480 724 539 782; x_wconf 89' lang='grc' dir='ltr'><em>λόγος</em></span> <span class='ocrx_word' id='word_1_76' title='bbox 549 727 595 781; x_wconf 85' lang='grc' dir='ltr'><em>περὶ</em></span> <span class='ocrx_word' id='word_1_77' title='bbox 607 730 646 768; x_wconf 76' lang='grc' dir='ltr'><em>τῶν</em></span> <span class='ocrx_word' id='word_1_78' title='bbox 658 724 755 768; x_wconf 74' lang='grc' dir='ltr'><em>τοιούτων</em></span> <span class='ocrx_word' id='word_1_79' title='bbox 764 726 826 780; x_wconf 84' lang='grc' dir='ltr'><em>λέγων</em></span> <span class='ocrx_word' id='word_1_80' title='bbox 837 724 876 778; x_wconf 81' lang='grc' dir='ltr'><em>ότι,</em></span> <span class='ocrx_word' id='word_1_81' title='bbox 893 725 934 781; x_wconf 73' lang='grc' dir='ltr'><em>Τὴν</em></span> 
     </span>
     <span class='ocr_line' id='line_1_9' title="bbox 150 791 934 849; baseline 0.003 -15"><span class='ocrx_word' id='word_1_82' title='bbox 150 792 229 835; x_wconf 85' lang='grc' dir='ltr'><em>σύνεσιν</em></span> <span class='ocrx_word' id='word_1_83' title='bbox 244 797 284 835; x_wconf 78' lang='grc' dir='ltr'><em>ταῖν</em></span> <span class='ocrx_word' id='word_1_84' title='bbox 300 796 385 835; x_wconf 75' lang='grc' dir='ltr'><em>συνετῶν</em></span> <span class='ocrx_word' id='word_1_85' title='bbox 395 792 500 846; x_wconf 76' lang='grc' dir='ltr'><em>ἀθετήσω,</em></span> <span class='ocrx_word' id='word_1_86' title='bbox 519 794 554 835; x_wconf 85' lang='grc' dir='ltr'><em>καὶ</em></span> <span class='ocrx_word' id='word_1_87' title='bbox 566 792 607 844; x_wconf 82' lang='grc' dir='ltr'><em>ότι,</em></span> <span class='ocrx_word' id='word_1_88' title='bbox 630 791 678 835; x_wconf 67' lang='lat' dir='ltr'><em>Oios</em></span> <span class='ocrx_word' id='word_1_89' title='bbox 688 792 758 849; x_wconf 88' lang='grc' dir='ltr'><em>κῦριος</em></span> <span class='ocrx_word' id='word_1_90' title='bbox 766 792 814 842; x_wconf 87' lang='grc' dir='ltr'><em>τοῦς</em></span> <span class='ocrx_word' id='word_1_91' title='bbox 825 792 934 848; x_wconf 83' lang='grc' dir='ltr'><em>λογισμοῦς</em></span> 
     </span>
     <span class='ocr_line' id='line_1_10' title="bbox 150 858 683 915; baseline 0 -14"><span class='ocrx_word' id='word_1_92' title='bbox 150 863 189 901; x_wconf 77' lang='grc' dir='ltr'><em>τῶν</em></span> <span class='ocrx_word' id='word_1_93' title='bbox 204 858 321 915; x_wconf 72' lang='grc' dir='ltr'><em>ἀνθρώπων</em></span> <span class='ocrx_word' id='word_1_94' title='bbox 335 859 367 902; x_wconf 79' lang='grc' dir='ltr'><em>ότι</em></span> <span class='ocrx_word' id='word_1_95' title='bbox 381 862 419 902; x_wconf 78' lang='grc' dir='ltr'><em>εἰσί</em></span> <span class='ocrx_word' id='word_1_96' title='bbox 434 859 525 913; x_wconf 75' lang='grc' dir='ltr'><em>μάταιοι,</em></span> <span class='ocrx_word' id='word_1_97' title='bbox 543 860 578 902; x_wconf 79' lang='grc' dir='ltr'><em>καὶ</em></span> <span class='ocrx_word' id='word_1_98' title='bbox 592 858 617 902; x_wconf 84' lang='grc' dir='ltr'><em>τά</em></span> <span class='ocrx_word' id='word_1_99' title='bbox 631 860 683 914; x_wconf 76' lang='grc' dir='ltr'><em>έξῆς.</em></span> 
     </span>
    </p>

    <p class='ocr_par' dir='ltr' id='par_1_4' title="bbox 150 924 935 1194">
     <span class='ocr_line' id='line_1_11' title="bbox 206 924 933 985; baseline 0.004 -16"><span class='ocrx_word' id='word_1_100' title='bbox 206 924 282 970; x_wconf 82' lang='grc' dir='ltr'><em>Ἀετίου</em></span> <span class='ocrx_word' id='word_1_101' title='bbox 291 926 360 981; x_wconf 86' lang='grc' dir='ltr'><em>κεφάλ.</em></span> <span class='ocrx_word' id='word_1_102' title='bbox 371 926 399 980; x_wconf 70' lang='grc' dir='ltr'><em>ιζ’.</em></span> <span class='ocrx_word' id='word_1_103' title='bbox 429 929 458 970; x_wconf 86' lang='grc' dir='ltr'><em>Εἰ</em></span> <span class='ocrx_word' id='word_1_104' title='bbox 468 928 530 982; x_wconf 80' lang='grc' dir='ltr'><em>μηδὲν</em></span> <span class='ocrx_word' id='word_1_105' title='bbox 541 928 601 970; x_wconf 89' lang='grc' dir='ltr'><em>πλέον</em></span> <span class='ocrx_word' id='word_1_106' title='bbox 612 928 667 982; x_wconf 86' lang='grc' dir='ltr'><em>νέμει</em></span> <span class='ocrx_word' id='word_1_107' title='bbox 679 928 707 978; x_wconf 79' lang='grc' dir='ltr'><em>εἰς</em></span> <span class='ocrx_word' id='word_1_108' title='bbox 719 924 820 985; x_wconf 65' lang='grc' dir='ltr'><em>ῦπερογιγν</em></span> <span class='ocrx_word' id='word_1_109' title='bbox 830 925 900 978; x_wconf 83' lang='grc' dir='ltr'><em>οόσίας</em></span> <span class='ocrx_word' id='word_1_110' title='bbox 910 925 933 972; x_wconf 79' lang='grc' dir='ltr'><em>τό</em></span> 
     </span>
     <span class='ocr_line' id='line_1_12' title="bbox 150 995 935 1059; baseline 0.001 -18"><span class='ocrx_word' id='word_1_111' title='bbox 150 995 257 1055; x_wconf 75' lang='grc' dir='ltr'><em>ἀγέννητον</em></span> <span class='ocrx_word' id='word_1_112' title='bbox 272 995 324 1057; x_wconf 85' lang='grc' dir='ltr'><em>πρός</em></span> <span class='ocrx_word' id='word_1_113' title='bbox 340 996 363 1043; x_wconf 88' lang='grc' dir='ltr'><em>τό</em></span> <span class='ocrx_word' id='word_1_114' title='bbox 382 995 501 1057; x_wconf 82' lang='grc' dir='ltr'><em>1γεννητόν,</em></span> <span class='ocrx_word' id='word_1_115' title='bbox 522 1002 617 1059; x_wconf 75' lang='grc' dir='ltr'><em>προφορᾷ</em></span> <span class='ocrx_word' id='word_1_116' title='bbox 632 996 694 1054; x_wconf 89' lang='grc' dir='ltr'><em>μόνον</em></span> <span class='ocrx_word' id='word_1_117' title='bbox 709 995 853 1057; x_wconf 75' lang='grc' dir='ltr'><em>ὑπερεχόμενος</em></span> <span class='ocrx_word' id='word_1_118' title='bbox 865 995 877 1043; x_wconf 86' lang='grc' dir='ltr'><em>ό</em></span> <span class='ocrx_word' id='word_1_119' title='bbox 889 996 935 1051; x_wconf 82' lang='grc' dir='ltr'><em>υἱός</em></span> 
     </span>
     <span class='ocr_line' id='line_1_13' title="bbox 151 1067 935 1127; baseline 0.003 -16"><span class='ocrx_word' id='word_1_120' title='bbox 151 1071 242 1124; x_wconf 79' lang='grc' dir='ltr'><em>βελτίους</em></span> <span class='ocrx_word' id='word_1_121' title='bbox 255 1070 327 1112; x_wconf 79' lang='grc' dir='ltr'><em>ἑαυτοῦ</em></span> <span class='ocrx_word' id='word_1_122' title='bbox 339 1067 435 1126; x_wconf 74' lang='grc' dir='ltr'><em>γνώσεται</em></span> <span class='ocrx_word' id='word_1_123' title='bbox 445 1067 492 1119; x_wconf 87' lang='grc' dir='ltr'><em>τοῦς</em></span> <span class='ocrx_word' id='word_1_124' title='bbox 502 1067 706 1127; x_wconf 85' lang='grc' dir='ltr'><em>προςαγορεῦσιινιας,</em></span> <span class='ocrx_word' id='word_1_125' title='bbox 722 1067 747 1112; x_wconf 89' lang='grc' dir='ltr'><em>οῦ</em></span> <span class='ocrx_word' id='word_1_126' title='bbox 757 1067 792 1113; x_wconf 82' lang='grc' dir='ltr'><em>τόν</em></span> <span class='ocrx_word' id='word_1_127' title='bbox 802 1086 935 1127; x_wconf 86' lang='grc' dir='ltr'><em>προςαγορευ-</em></span> 
     </span>
     <span class='ocr_line' id='line_1_14' title="bbox 151 1136 506 1194; baseline 0 -14"><span class='ocrx_word' id='word_1_128' title='bbox 151 1138 216 1180; x_wconf 80' lang='grc' dir='ltr'><em>θέντα</em></span> <span class='ocrx_word' id='word_1_129' title='bbox 231 1136 282 1181; x_wconf 78' lang='grc' dir='ltr'><em>θεόν</em></span> <span class='ocrx_word' id='word_1_130' title='bbox 297 1136 361 1181; x_wconf 70' lang='grc' dir='ltr'><em>αὐτοῦ</em></span> <span class='ocrx_word' id='word_1_131' title='bbox 376 1139 410 1181; x_wconf 81' lang='grc' dir='ltr'><em>καὶ</em></span> <span class='ocrx_word' id='word_1_132' title='bbox 424 1138 506 1194; x_wconf 88' lang='grc' dir='ltr'><em>πατέρα.</em></span> 
     </span>
    </p>

    <p class='ocr_par' dir='ltr' id='par_1_5' title="bbox 68 1204 976 2433">
     <span class='ocr_line' id='line_1_15' title="bbox 68 1204 935 1262; baseline 0.001 -14"><span class='ocrx_word' id='word_1_133' title='bbox 68 1204 143 1241; x_wconf 48' lang='grc' dir='ltr'><em>ΜΗ·</em></span> <span class='ocrx_word' id='word_1_134' title='bbox 207 1206 286 1261; x_wconf 83' lang='grc' dir='ltr'><em>Ἀνατρ.</em></span> <span class='ocrx_word' id='word_1_135' title='bbox 318 1204 391 1255; x_wconf 80' lang='grc' dir='ltr'><em>Οῦῦελς</em></span> <span class='ocrx_word' id='word_1_136' title='bbox 407 1204 490 1259; x_wconf 70' lang='grc' dir='ltr'><em>εὐσεβὴς</em></span> <span class='ocrx_word' id='word_1_137' title='bbox 501 1204 561 1261; x_wconf 87' lang='grc' dir='ltr'><em>λόγος</em></span> <span class='ocrx_word' id='word_1_138' title='bbox 571 1205 713 1262; x_wconf 81' lang='grc' dir='ltr'><em>συγχωρήσειε,</em></span> <span class='ocrx_word' id='word_1_139' title='bbox 734 1204 773 1248; x_wconf 85' lang='grc' dir='ltr'><em>κόίν</em></span> <span class='ocrx_word' id='word_1_140' title='bbox 784 1223 804 1249; x_wconf 89' lang='grc' dir='ltr'><em>τε</em></span> <span class='ocrx_word' id='word_1_141' title='bbox 814 1209 876 1262; x_wconf 87' lang='grc' dir='ltr'><em>μυρία</em></span> <span class='ocrx_word' id='word_1_142' title='bbox 888 1208 935 1261; x_wconf 78' lang='grc' dir='ltr'><em>ὅρα-</em></span> 
     </span>
     <span class='ocr_line' id='line_1_16' title="bbox 151 1270 936 1328; baseline 0.001 -14"><span class='ocrx_word' id='word_1_143' title='bbox 151 1273 284 1327; x_wconf 83' lang='grc' dir='ltr'><em>ματουργήσει</em></span> <span class='ocrx_word' id='word_1_144' title='bbox 294 1271 343 1326; x_wconf 75' lang='grc' dir='ltr'><em>ἡμῖν</em></span> <span class='ocrx_word' id='word_1_145' title='bbox 352 1273 439 1322; x_wconf 83' lang='grc' dir='ltr'><em>Ἀέτιος,</em></span> <span class='ocrx_word' id='word_1_146' title='bbox 454 1272 549 1324; x_wconf 77' lang='grc' dir='ltr'><em>ἀμείνους</em></span> <span class='ocrx_word' id='word_1_147' title='bbox 560 1270 611 1314; x_wconf 82' lang='grc' dir='ltr'><em>εἶναι</em></span> <span class='ocrx_word' id='word_1_148' title='bbox 619 1271 667 1322; x_wconf 89' lang='grc' dir='ltr'><em>τοῦς</em></span> <span class='ocrx_word' id='word_1_149' title='bbox 676 1271 698 1314; x_wconf 85' lang='grc' dir='ltr'><em>τῦ</em></span> <span class='ocrx_word' id='word_1_150' title='bbox 712 1270 762 1315; x_wconf 83' lang='grc' dir='ltr'><em>εἶναι</em></span> <span class='ocrx_word' id='word_1_151' title='bbox 773 1272 828 1328; x_wconf 83' lang='grc' dir='ltr'><em>παρά</em></span> <span class='ocrx_word' id='word_1_152' title='bbox 839 1277 874 1315; x_wconf 88' lang='grc' dir='ltr'><em>τοῦ</em></span> <span class='ocrx_word' id='word_1_153' title='bbox 886 1272 936 1315; x_wconf 55' lang='grc' dir='ltr'><em>ῃιἰἰι-</em></span> 
     </span>
     <span class='ocr_line' id='line_1_17' title="bbox 150 1337 936 1396; baseline 0.003 -15"><span class='ocrx_word' id='word_1_154' title='bbox 150 1356 184 1389; x_wconf 91' lang='grc' dir='ltr'><em>τος</em></span> <span class='ocrx_word' id='word_1_155' title='bbox 200 1338 312 1393; x_wconf 84' lang='grc' dir='ltr'><em>εἰληφότας,</em></span> <span class='ocrx_word' id='word_1_156' title='bbox 341 1337 373 1382; x_wconf 91' lang='grc' dir='ltr'><em>Δι’</em></span> <span class='ocrx_word' id='word_1_157' title='bbox 383 1337 445 1382; x_wconf 80' lang='grc' dir='ltr'><em>αὐτοῦ</em></span> <span class='ocrx_word' id='word_1_158' title='bbox 457 1337 494 1395; x_wconf 84' lang='grc' dir='ltr'><em>γάρ</em></span> <span class='ocrx_word' id='word_1_159' title='bbox 509 1340 544 1383; x_wconf 80' lang='grc' dir='ltr'><em>καὶ</em></span> <span class='ocrx_word' id='word_1_160' title='bbox 556 1337 619 1389; x_wconf 84' lang='grc' dir='ltr'><em>αῦτός</em></span> <span class='ocrx_word' id='word_1_161' title='bbox 632 1337 726 1395; x_wconf 78' lang='grc' dir='ltr'><em>ὁμολογεῖ</em></span> <span class='ocrx_word' id='word_1_162' title='bbox 737 1338 786 1390; x_wconf 83' lang='grc' dir='ltr'><em>τοῦς</em></span> <span class='ocrx_word' id='word_1_163' title='bbox 798 1338 872 1390; x_wconf 82' lang='grc' dir='ltr'><em>αότοῦς</em></span> <span class='ocrx_word' id='word_1_164' title='bbox 883 1355 936 1396; x_wconf 85' lang='grc' dir='ltr'><em>γεγε-</em></span> 
     </span>
     <span class='ocr_line' id='line_1_18' title="bbox 151 1405 935 1468; baseline 0.004 -18"><span class='ocrx_word' id='word_1_165' title='bbox 151 1412 232 1464; x_wconf 77' lang='grc' dir='ltr'><em>νῆσθαι.</em></span> <span class='ocrx_word' id='word_1_166' title='bbox 265 1406 295 1451; x_wconf 81' lang='grc' dir='ltr'><em>Οῦ</em></span> <span class='ocrx_word' id='word_1_167' title='bbox 306 1424 326 1451; x_wconf 87' lang='grc' dir='ltr'><em>τε</em></span> <span class='ocrx_word' id='word_1_168' title='bbox 342 1406 379 1466; x_wconf 86' lang='grc' dir='ltr'><em>γάρ</em></span> <span class='ocrx_word' id='word_1_169' title='bbox 390 1405 440 1451; x_wconf 86' lang='grc' dir='ltr'><em>κατά</em></span> <span class='ocrx_word' id='word_1_170' title='bbox 450 1406 559 1466; x_wconf 83' lang='grc' dir='ltr'><em>προφοράν</em></span> <span class='ocrx_word' id='word_1_171' title='bbox 574 1405 650 1467; x_wconf 66' lang='grc' dir='ltr'><em>3λόγου</em></span> <span class='ocrx_word' id='word_1_172' title='bbox 665 1408 719 1453; x_wconf 81' lang='grc' dir='ltr'><em>ἰ’σασι</em></span> <span class='ocrx_word' id='word_1_173' title='bbox 729 1406 752 1452; x_wconf 87' lang='grc' dir='ltr'><em>τό</em></span> <span class='ocrx_word' id='word_1_174' title='bbox 764 1408 852 1468; x_wconf 77' lang='grc' dir='ltr'><em>γέννημα</em></span> <span class='ocrx_word' id='word_1_175' title='bbox 862 1412 935 1462; x_wconf 81' lang='grc' dir='ltr'><em>καλεῖν,</em></span> 
     </span>
     <span class='ocr_line' id='line_1_19' title="bbox 152 1476 937 1540; baseline 0.001 -16"><span class='ocrx_word' id='word_1_176' title='bbox 152 1477 200 1525; x_wconf 77' lang='grc' dir='ltr'><em>άλλιί</em></span> <span class='ocrx_word' id='word_1_177' title='bbox 213 1477 311 1536; x_wconf 69' lang='grc' dir='ltr'><em>ἀληθινόν</em></span> <span class='ocrx_word' id='word_1_178' title='bbox 323 1480 343 1532; x_wconf 77' lang='grc' dir='ltr'><em>ἐξ</em></span> <span class='ocrx_word' id='word_1_179' title='bbox 356 1476 457 1536; x_wconf 83' lang='grc' dir='ltr'><em>άληθινοῦ</em></span> <span class='ocrx_word' id='word_1_180' title='bbox 469 1479 620 1537; x_wconf 86' lang='grc' dir='ltr'><em>γεγεννημένον,</em></span> <span class='ocrx_word' id='word_1_181' title='bbox 639 1481 661 1524; x_wconf 84' lang='grc' dir='ltr'><em>οἱ</em></span> <span class='ocrx_word' id='word_1_182' title='bbox 670 1480 690 1532; x_wconf 85' lang='grc' dir='ltr'><em>έξ</em></span> <span class='ocrx_word' id='word_1_183' title='bbox 701 1477 765 1524; x_wconf 85' lang='grc' dir='ltr'><em>αότοῦ</em></span> <span class='ocrx_word' id='word_1_184' title='bbox 775 1478 937 1540; x_wconf 72' lang='grc' dir='ltr'><em>εὐεργετηθέντες</em></span> 
     </span>
     <span class='ocr_line' id='line_1_20' title="bbox 151 1548 937 1609; baseline 0.001 -16"><span class='ocrx_word' id='word_1_185' title='bbox 151 1553 302 1606; x_wconf 75' lang='grc' dir='ltr'><em>καταξιωθῆναι</em></span> <span class='ocrx_word' id='word_1_186' title='bbox 313 1551 438 1607; x_wconf 84' lang='grc' dir='ltr'><em>Χριστιανοὶ,</em></span> <span class='ocrx_word' id='word_1_187' title='bbox 452 1553 481 1609; x_wconf 79' lang='grc' dir='ltr'><em>τῷ</em></span> <span class='ocrx_word' id='word_1_188' title='bbox 491 1550 565 1593; x_wconf 79' lang='grc' dir='ltr'><em>εἰδέναι</em></span> <span class='ocrx_word' id='word_1_189' title='bbox 576 1548 637 1592; x_wconf 85' lang='grc' dir='ltr'><em>αῦτόν</em></span> <span class='ocrx_word' id='word_1_190' title='bbox 648 1551 668 1592; x_wconf 84' lang='grc' dir='ltr'><em>έν</em></span> <span class='ocrx_word' id='word_1_191' title='bbox 679 1548 771 1609; x_wconf 82' lang='grc' dir='ltr'><em>άληθείμ,</em></span> <span class='ocrx_word' id='word_1_192' title='bbox 786 1552 822 1594; x_wconf 78' lang='grc' dir='ltr'><em>καὶ</em></span> <span class='ocrx_word' id='word_1_193' title='bbox 833 1551 937 1606; x_wconf 77' lang='grc' dir='ltr'><em>διδαχθέν-</em></span> 
     </span>
     <span class='ocr_line' id='line_1_21' title="bbox 151 1617 935 1675; baseline 0.001 -13"><span class='ocrx_word' id='word_1_194' title='bbox 151 1636 183 1670; x_wconf 86' lang='grc' dir='ltr'><em>τες</em></span> <span class='ocrx_word' id='word_1_195' title='bbox 195 1618 229 1663; x_wconf 65' lang='lat' dir='ltr'><em>du}</em></span> <span class='ocrx_word' id='word_1_196' title='bbox 238 1618 321 1675; x_wconf 87' lang='grc' dir='ltr'><em>πατρός,</em></span> <span class='ocrx_word' id='word_1_197' title='bbox 336 1621 370 1662; x_wconf 80' lang='grc' dir='ltr'><em>καὶ</em></span> <span class='ocrx_word' id='word_1_198' title='bbox 381 1617 419 1662; x_wconf 86' lang='grc' dir='ltr'><em>οῦκ</em></span> <span class='ocrx_word' id='word_1_199' title='bbox 431 1617 471 1662; x_wconf 87' lang='grc' dir='ltr'><em>οίπό</em></span> <span class='ocrx_word' id='word_1_200' title='bbox 481 1617 556 1675; x_wconf 83' lang='grc' dir='ltr'><em>σαρκός</em></span> <span class='ocrx_word' id='word_1_201' title='bbox 566 1619 601 1661; x_wconf 80' lang='grc' dir='ltr'><em>καὶ.</em></span> <span class='ocrx_word' id='word_1_202' title='bbox 612 1620 708 1671; x_wconf 75' lang='grc' dir='ltr'><em>αἵματος,</em></span> <span class='ocrx_word' id='word_1_203' title='bbox 722 1620 757 1662; x_wconf 82' lang='grc' dir='ltr'><em>καὶ</em></span> <span class='ocrx_word' id='word_1_204' title='bbox 767 1618 801 1662; x_wconf 82' lang='grc' dir='ltr'><em>διά</em></span> <span class='ocrx_word' id='word_1_205' title='bbox 813 1624 872 1663; x_wconf 87' lang='grc' dir='ltr'><em>τοῦτο</em></span> <span class='ocrx_word' id='word_1_206' title='bbox 883 1620 935 1663; x_wconf 81' lang='grc' dir='ltr'><em>εἰκό-</em></span> 
     </span>
     <span class='ocr_line' id='line_1_22' title="bbox 152 1684 937 1744; baseline 0 -13"><span class='ocrx_word' id='word_1_207' title='bbox 152 1705 193 1738; x_wconf 89' lang='grc' dir='ltr'><em>τως</em></span> <span class='ocrx_word' id='word_1_208' title='bbox 202 1686 361 1744; x_wconf 82' lang='grc' dir='ltr'><em>μακαριζόμενοι,</em></span> <span class='ocrx_word' id='word_1_209' title='bbox 377 1685 404 1737; x_wconf 71' lang='grc' dir='ltr'><em>τός</em></span> <span class='ocrx_word' id='word_1_210' title='bbox 415 1684 428 1729; x_wconf 88' lang='grc' dir='ltr'><em>ό</em></span> <span class='ocrx_word' id='word_1_211' title='bbox 437 1685 486 1739; x_wconf 85' lang='grc' dir='ltr'><em>μετά</em></span> <span class='ocrx_word' id='word_1_212' title='bbox 497 1684 617 1742; x_wconf 84' lang='grc' dir='ltr'><em>προςθήκης</em></span> <span class='ocrx_word' id='word_1_213' title='bbox 627 1691 663 1729; x_wconf 90' lang='grc' dir='ltr'><em>τοῦ</em></span> <span class='ocrx_word' id='word_1_214' title='bbox 673 1691 746 1737; x_wconf 79' lang='grc' dir='ltr'><em>ζῶντος</em></span> <span class='ocrx_word' id='word_1_215' title='bbox 756 1685 802 1730; x_wconf 81' lang='grc' dir='ltr'><em>υἱόν</em></span> <span class='ocrx_word' id='word_1_216' title='bbox 812 1693 863 1730; x_wconf 85' lang='grc' dir='ltr'><em>θεοῦ</em></span> <span class='ocrx_word' id='word_1_217' title='bbox 875 1685 937 1731; x_wconf 74' lang='grc' dir='ltr'><em>αὐτόν</em></span> 
     </span>
     <span class='ocr_line' id='line_1_23' title="bbox 152 1752 936 1811; baseline 0 -14"><span class='ocrx_word' id='word_1_218' title='bbox 152 1755 260 1811; x_wconf 86' lang='grc' dir='ltr'><em>έπιγνοῦς,</em></span> <span class='ocrx_word' id='word_1_219' title='bbox 281 1753 320 1796; x_wconf 83' lang='grc' dir='ltr'><em>κάν</em></span> <span class='ocrx_word' id='word_1_220' title='bbox 337 1770 358 1795; x_wconf 93' lang='grc' dir='ltr'><em>τε</em></span> <span class='ocrx_word' id='word_1_221' title='bbox 373 1758 512 1806; x_wconf 77' lang='grc' dir='ltr'><em>πνευματικῶς</em></span> <span class='ocrx_word' id='word_1_222' title='bbox 530 1752 710 1808; x_wconf 67' lang='grc' dir='ltr'><em>4ἀνακρινόμενοι,</em></span> <span class='ocrx_word' id='word_1_223' title='bbox 730 1752 743 1796; x_wconf 83' lang='lat'><em>0‘</em></span> <span class='ocrx_word' id='word_1_224' title='bbox 759 1759 838 1808; x_wconf 89' lang='grc' dir='ltr'><em>πνεῦμα</em></span> <span class='ocrx_word' id='word_1_225' title='bbox 856 1753 885 1797; x_wconf 59' lang='lat' dir='ltr'><em>&amp;v</em></span> <span class='ocrx_word' id='word_1_226' title='bbox 901 1756 936 1797; x_wconf 78' lang='grc' dir='ltr'><em>καί</em></span> 
     </span>
     <span class='ocr_line' id='line_1_24' title="bbox 152 1818 936 1878; baseline 0 -14"><span class='ocrx_word' id='word_1_227' title='bbox 152 1821 273 1878; x_wconf 71' lang='grc' dir='ltr'><em>μονογενής,</em></span> <span class='ocrx_word' id='word_1_228' title='bbox 294 1820 329 1864; x_wconf 84' lang='grc' dir='ltr'><em>τόν</em></span> <span class='ocrx_word' id='word_1_229' title='bbox 339 1820 427 1875; x_wconf 78' lang='grc' dir='ltr'><em>ψυχικόν</em></span> <span class='ocrx_word' id='word_1_230' title='bbox 436 1818 511 1863; x_wconf 78' lang='grc' dir='ltr'><em>Ἀέτιον</em></span> <span class='ocrx_word' id='word_1_231' title='bbox 522 1819 550 1873; x_wconf 77' lang='grc' dir='ltr'><em>μὴ</em></span> <span class='ocrx_word' id='word_1_232' title='bbox 560 1819 723 1875; x_wconf 77' lang='grc' dir='ltr'><em>παραδεχόμενοι</em></span> <span class='ocrx_word' id='word_1_233' title='bbox 733 1819 758 1863; x_wconf 85' lang='grc' dir='ltr'><em>τά</em></span> <span class='ocrx_word' id='word_1_234' title='bbox 769 1826 806 1864; x_wconf 87' lang='grc' dir='ltr'><em>τοῦ</em></span> <span class='ocrx_word' id='word_1_235' title='bbox 816 1820 936 1876; x_wconf 84' lang='grc' dir='ltr'><em>πνεῦματος,</em></span> 
     </span>
     <span class='ocr_line' id='line_1_25' title="bbox 152 1885 976 1950; baseline 0.001 -15"><span class='ocrx_word' id='word_1_236' title='bbox 152 1888 191 1935; x_wconf 84' lang='grc' dir='ltr'><em>κάν</em></span> <span class='ocrx_word' id='word_1_237' title='bbox 201 1907 221 1934; x_wconf 85' lang='grc' dir='ltr'><em>τε</em></span> <span class='ocrx_word' id='word_1_238' title='bbox 236 1892 299 1945; x_wconf 78' lang='grc' dir='ltr'><em>εἴποι,</em></span> <span class='ocrx_word' id='word_1_239' title='bbox 312 1888 435 1948; x_wconf 85' lang='grc' dir='ltr'><em>Ἀπέργομαι</em></span> <span class='ocrx_word' id='word_1_240' title='bbox 445 1886 497 1948; x_wconf 86' lang='grc' dir='ltr'><em>πρός</em></span> <span class='ocrx_word' id='word_1_241' title='bbox 505 1885 541 1932; x_wconf 86' lang='grc' dir='ltr'><em>τόν</em></span> <span class='ocrx_word' id='word_1_242' title='bbox 550 1888 626 1948; x_wconf 87' lang='grc' dir='ltr'><em>πατέρα</em></span> <span class='ocrx_word' id='word_1_243' title='bbox 636 1907 676 1946; x_wconf 89' lang='grc' dir='ltr'><em>μου</em></span> <span class='ocrx_word' id='word_1_244' title='bbox 685 1890 720 1934; x_wconf 81' lang='grc' dir='ltr'><em>καὶ</em></span> <span class='ocrx_word' id='word_1_245' title='bbox 730 1890 806 1950; x_wconf 88' lang='grc' dir='ltr'><em>πατέρα</em></span> <span class='ocrx_word' id='word_1_246' title='bbox 817 1887 884 1947; x_wconf 81' lang='grc' dir='ltr'><em>ῦμῦν,</em></span> <span class='ocrx_word' id='word_1_247' title='bbox 902 1891 937 1936; x_wconf 80' lang='grc' dir='ltr'><em>καὶ</em></span> <span class='ocrx_word' id='word_1_248' title='bbox 975 1886 976 1889; x_wconf 27' lang='grc'><strong>“</strong></span> 
     </span>
     <span class='ocr_line' id='line_1_26' title="bbox 152 1959 937 2021; baseline 0 -14"><span class='ocrx_word' id='word_1_249' title='bbox 152 1963 203 2007; x_wconf 85' lang='grc' dir='ltr'><em>θεόν</em></span> <span class='ocrx_word' id='word_1_250' title='bbox 215 1981 255 2019; x_wconf 93' lang='grc' dir='ltr'><em>μου</em></span> <span class='ocrx_word' id='word_1_251' title='bbox 265 1964 302 2007; x_wconf 81' lang='grc' dir='ltr'><em>καὶ</em></span> <span class='ocrx_word' id='word_1_252' title='bbox 312 1960 362 2006; x_wconf 83' lang='grc' dir='ltr'><em>θεόν</em></span> <span class='ocrx_word' id='word_1_253' title='bbox 373 1959 438 2017; x_wconf 70' lang='grc' dir='ltr'><em>ὑμῶν,</em></span> <span class='ocrx_word' id='word_1_254' title='bbox 452 1965 493 2005; x_wconf 76' lang='grc' dir='ltr'><em>τῶν</em></span> <span class='ocrx_word' id='word_1_255' title='bbox 506 1960 625 2018; x_wconf 83' lang='grc' dir='ltr'><em>άμφοτέρων</em></span> <span class='ocrx_word' id='word_1_256' title='bbox 636 1960 713 2006; x_wconf 73' lang='grc' dir='ltr'><em>τούτων</em></span> <span class='ocrx_word' id='word_1_257' title='bbox 723 1961 840 2019; x_wconf 79' lang='grc' dir='ltr'><em>ὀνομασιῶν</em></span> <span class='ocrx_word' id='word_1_258' title='bbox 850 1961 902 2021; x_wconf 85' lang='grc' dir='ltr'><em>πρός</em></span> <span class='ocrx_word' id='word_1_259' title='bbox 912 1962 937 2007; x_wconf 85' lang='grc' dir='ltr'><em>τά</em></span> 
     </span>
     <span class='ocr_line' id='line_1_27' title="bbox 152 2030 936 2090; baseline -0.001 -13"><span class='ocrx_word' id='word_1_260' title='bbox 152 2034 248 2090; x_wconf 82' lang='grc' dir='ltr'><em>άλλογενῆ</em></span> <span class='ocrx_word' id='word_1_261' title='bbox 257 2033 347 2089; x_wconf 81' lang='grc' dir='ltr'><em>ὀνόματα</em></span> <span class='ocrx_word' id='word_1_262' title='bbox 358 2030 385 2088; x_wconf 79' lang='grc' dir='ltr'><em>μὴ</em></span> <span class='ocrx_word' id='word_1_263' title='bbox 397 2032 512 2086; x_wconf 71' lang='grc' dir='ltr'><em>δυναμένων</em></span> <span class='ocrx_word' id='word_1_264' title='bbox 524 2031 640 2082; x_wconf 77' lang='grc' dir='ltr'><em>ἐξισοῦσθαι</em></span> <span class='ocrx_word' id='word_1_265' title='bbox 644 2065 650 2083; x_wconf 91' lang='grc'><em>,</em></span> <span class='ocrx_word' id='word_1_266' title='bbox 668 2037 704 2086; x_wconf 78' lang='grc' dir='ltr'><em>τῆς</em></span> <span class='ocrx_word' id='word_1_267' title='bbox 714 2030 811 2087; x_wconf 85' lang='grc' dir='ltr'><em>οίληθείας</em></span> <span class='ocrx_word' id='word_1_268' title='bbox 822 2031 854 2077; x_wconf 63' lang='lat' dir='ltr'><em>dei</em></span> <span class='ocrx_word' id='word_1_269' title='bbox 865 2032 936 2088; x_wconf 83' lang='grc' dir='ltr'><em>μενοῦ-</em></span> 
     </span>
     <span class='ocr_line' id='line_1_28' title="bbox 151 2098 938 2161; baseline -0.001 -15"><span class='ocrx_word' id='word_1_270' title='bbox 151 2117 198 2157; x_wconf 86' lang='grc' dir='ltr'><em>σης,</em></span> <span class='ocrx_word' id='word_1_271' title='bbox 220 2104 255 2145; x_wconf 84' lang='grc' dir='ltr'><em>καὶ</em></span> <span class='ocrx_word' id='word_1_272' title='bbox 266 2103 350 2155; x_wconf 75' lang='grc' dir='ltr'><em>ἑκάστης</em></span> <span class='ocrx_word' id='word_1_273' title='bbox 360 2099 469 2156; x_wconf 76' lang='grc' dir='ltr'><em>γρειιόῦους</em></span> <span class='ocrx_word' id='word_1_274' title='bbox 480 2098 554 2150; x_wconf 84' lang='grc' dir='ltr'><em>τάξεως</em></span> <span class='ocrx_word' id='word_1_275' title='bbox 564 2100 586 2142; x_wconf 82' lang='grc' dir='ltr'><em>έν</em></span> <span class='ocrx_word' id='word_1_276' title='bbox 597 2101 636 2157; x_wconf 75' lang='grc' dir='ltr'><em>υἱῷ</em></span> <span class='ocrx_word' id='word_1_277' title='bbox 648 2104 700 2143; x_wconf 85' lang='grc' dir='ltr'><em>θεοῦ</em></span> <span class='ocrx_word' id='word_1_278' title='bbox 711 2102 732 2144; x_wconf 83' lang='grc' dir='ltr'><em>ἒν</em></span> <span class='ocrx_word' id='word_1_279' title='bbox 742 2099 828 2161; x_wconf 80' lang='grc' dir='ltr'><em>άληθείμ</em></span> <span class='ocrx_word' id='word_1_280' title='bbox 839 2100 862 2145; x_wconf 84' lang='grc' dir='ltr'><em>τό</em></span> <span class='ocrx_word' id='word_1_281' title='bbox 875 2102 938 2156; x_wconf 84' lang='grc' dir='ltr'><em>σαφές</em></span> 
     </span>
     <span class='ocr_line' id='line_1_29' title="bbox 153 2167 937 2224; baseline -0.001 -11"><span class='ocrx_word' id='word_1_282' title='bbox 153 2170 291 2224; x_wconf 74' lang='grc' dir='ltr'><em>διδασκούσης.</em></span> <span class='ocrx_word' id='word_1_283' title='bbox 323 2167 435 2224; x_wconf 79' lang='grc' dir='ltr'><em>Οῦτεγάρ,</em></span> <span class='ocrx_word' id='word_1_284' title='bbox 460 2169 541 2222; x_wconf 86' lang='grc' dir='ltr'><em>Πατέρα</em></span> <span class='ocrx_word' id='word_1_285' title='bbox 554 2184 593 2220; x_wconf 90' lang='grc' dir='ltr'><em>μου</em></span> <span class='ocrx_word' id='word_1_286' title='bbox 607 2169 641 2210; x_wconf 80' lang='grc' dir='ltr'><em>καὶ</em></span> <span class='ocrx_word' id='word_1_287' title='bbox 655 2170 730 2224; x_wconf 87' lang='grc' dir='ltr'><em>πατέρα</em></span> <span class='ocrx_word' id='word_1_288' title='bbox 745 2168 813 2223; x_wconf 80' lang='grc' dir='ltr'><em>ῦμιῦν,</em></span> <span class='ocrx_word' id='word_1_289' title='bbox 836 2168 886 2212; x_wconf 86' lang='grc' dir='ltr'><em>κατά</em></span> <span class='ocrx_word' id='word_1_290' title='bbox 900 2169 937 2223; x_wconf 78' lang='grc' dir='ltr'><em>τήν</em></span> 
     </span>
     <span class='ocr_line' id='line_1_30' title="bbox 153 2232 938 2293; baseline -0.004 -13"><span class='ocrx_word' id='word_1_291' title='bbox 153 2237 217 2293; x_wconf 86' lang='grc' dir='ltr'><em>σάρκα</em></span> <span class='ocrx_word' id='word_1_292' title='bbox 234 2240 262 2287; x_wconf 86' lang='grc' dir='ltr'><em>εἰς</em></span> <span class='ocrx_word' id='word_1_293' title='bbox 276 2235 351 2285; x_wconf 83' lang='grc' dir='ltr'><em>αῦτοῦς</em></span> <span class='ocrx_word' id='word_1_294' title='bbox 369 2236 489 2290; x_wconf 81' lang='grc' dir='ltr'><em>πληρωτέον.</em></span> <span class='ocrx_word' id='word_1_295' title='bbox 526 2237 576 2283; x_wconf 78' lang='grc' dir='ltr'><em>Πῶς</em></span> <span class='ocrx_word' id='word_1_296' title='bbox 592 2232 631 2288; x_wconf 84' lang='grc' dir='ltr'><em>γάρ</em></span> <span class='ocrx_word' id='word_1_297' title='bbox 647 2234 712 2289; x_wconf 68' lang='grc' dir='ltr'><em>πατὴρ</em></span> <span class='ocrx_word' id='word_1_298' title='bbox 730 2235 805 2290; x_wconf 82' lang='grc' dir='ltr'><em>σαρκός</em></span> <span class='ocrx_word' id='word_1_299' title='bbox 818 2234 831 2278; x_wconf 87' lang='grc' dir='ltr'><em>ό</em></span> <span class='ocrx_word' id='word_1_300' title='bbox 844 2234 904 2287; x_wconf 80' lang='grc' dir='ltr'><em>θεός,</em></span> <span class='ocrx_word' id='word_1_301' title='bbox 925 2233 938 2277; x_wconf 88' lang='grc' dir='ltr'><em>ό</em></span> 
     </span>
     <span class='ocr_line' id='line_1_31' title="bbox 152 2298 937 2361; baseline 0.001 -14"><span class='ocrx_word' id='word_1_302' title='bbox 152 2304 217 2361; x_wconf 87' lang='grc' dir='ltr'><em>σάρκα</em></span> <span class='ocrx_word' id='word_1_303' title='bbox 229 2303 256 2359; x_wconf 76' lang='grc' dir='ltr'><em>μὴ</em></span> <span class='ocrx_word' id='word_1_304' title='bbox 268 2303 402 2357; x_wconf 73' lang='grc' dir='ltr'><em>ἐνδυσάμενος</em></span> <span class='ocrx_word' id='word_1_305' title='bbox 406 2320 412 2354; x_wconf 82' lang='lat'><em>3</em></span> <span class='ocrx_word' id='word_1_306' title='bbox 445 2298 504 2352; x_wconf 82' lang='grc' dir='ltr'><em>Οῦτε,</em></span> <span class='ocrx_word' id='word_1_307' title='bbox 525 2298 565 2343; x_wconf 86' lang='grc' dir='ltr'><em>Τόν</em></span> <span class='ocrx_word' id='word_1_308' title='bbox 575 2300 626 2343; x_wconf 85' lang='grc' dir='ltr'><em>θεόν</em></span> <span class='ocrx_word' id='word_1_309' title='bbox 637 2317 677 2355; x_wconf 92' lang='grc' dir='ltr'><em>μου</em></span> <span class='ocrx_word' id='word_1_310' title='bbox 692 2303 727 2345; x_wconf 79' lang='grc' dir='ltr'><em>καὶ</em></span> <span class='ocrx_word' id='word_1_311' title='bbox 738 2300 789 2346; x_wconf 86' lang='grc' dir='ltr'><em>θεόν</em></span> <span class='ocrx_word' id='word_1_312' title='bbox 804 2300 868 2357; x_wconf 73' lang='grc' dir='ltr'><em>ὑμῶν,</em></span> <span class='ocrx_word' id='word_1_313' title='bbox 885 2300 937 2348; x_wconf 84' lang='grc' dir='ltr'><em>κατά</em></span> 
     </span>
     <span class='ocr_line' id='line_1_32' title="bbox 154 2366 937 2433; baseline 0.001 -16"><span class='ocrx_word' id='word_1_314' title='bbox 154 2390 190 2429; x_wconf 87' lang='grc' dir='ltr'><em>την</em></span> <span class='ocrx_word' id='word_1_315' title='bbox 204 2377 240 2416; x_wconf 89' lang='grc' dir='ltr'><em>τοῦ</em></span> <span class='ocrx_word' id='word_1_316' title='bbox 252 2374 299 2416; x_wconf 84' lang='grc' dir='ltr'><em>υίοῦ</em></span> <span class='ocrx_word' id='word_1_317' title='bbox 314 2370 411 2428; x_wconf 82' lang='grc' dir='ltr'><em>θεότητα,</em></span> <span class='ocrx_word' id='word_1_318' title='bbox 430 2371 465 2414; x_wconf 81' lang='grc' dir='ltr'><em>καὶ</em></span> <span class='ocrx_word' id='word_1_319' title='bbox 478 2366 529 2414; x_wconf 83' lang='grc' dir='ltr'><em>κατά</em></span> <span class='ocrx_word' id='word_1_320' title='bbox 540 2367 577 2426; x_wconf 78' lang='grc' dir='ltr'><em>τήν</em></span> <span class='ocrx_word' id='word_1_321' title='bbox 589 2374 687 2426; x_wconf 77' lang='grc' dir='ltr'><em>μαθητῶν</em></span> <span class='ocrx_word' id='word_1_322' title='bbox 699 2372 805 2418; x_wconf 83' lang='grc' dir='ltr'><em>υίοθεσίαν</em></span> <span class='ocrx_word' id='word_1_323' title='bbox 815 2372 937 2433; x_wconf 86' lang='grc' dir='ltr'><em>πληρωτέου,</em></span> 
     </span>
    </p>
   </div>
   <div class='ocr_carea' id='block_1_3' title="bbox 154 2438 936 2526">
    <p class='ocr_par' dir='ltr' id='par_1_6' title="bbox 154 2438 936 2526">
     <span class='ocr_line' id='line_1_33' title="bbox 154 2438 936 2526; baseline 0.001 -37"><span class='ocrx_word' id='word_1_324' title='bbox 154 2443 202 2490; x_wconf 84' lang='grc' dir='ltr'><em>άλλά</em></span> <span class='ocrx_word' id='word_1_325' title='bbox 215 2443 266 2489; x_wconf 87' lang='grc' dir='ltr'><em>Θεόν</em></span> <span class='ocrx_word' id='word_1_326' title='bbox 279 2463 319 2501; x_wconf 92' lang='grc' dir='ltr'><em>μου</em></span> <span class='ocrx_word' id='word_1_327' title='bbox 330 2463 363 2489; x_wconf 86' lang='grc' dir='ltr'><em>και</em></span> <span class='ocrx_word' id='word_1_328' title='bbox 375 2442 425 2488; x_wconf 87' lang='grc' dir='ltr'><em>θεόν</em></span> <span class='ocrx_word' id='word_1_329' title='bbox 439 2440 506 2526; x_wconf 83' lang='grc' dir='ltr'><em>ῦμῦγ,</em></span> <span class='ocrx_word' id='word_1_330' title='bbox 528 2438 562 2486; x_wconf 77' lang='grc' dir='ltr'><em>διά</em></span> <span class='ocrx_word' id='word_1_331' title='bbox 573 2438 610 2525; x_wconf 75' lang='grc' dir='ltr'><em>την</em></span> <span class='ocrx_word' id='word_1_332' title='bbox 622 2438 719 2500; x_wconf 71' lang='grc' dir='ltr'><em>ἡμετέραν</em></span> <span class='ocrx_word' id='word_1_333' title='bbox 732 2443 888 2502; x_wconf 80' lang='grc' dir='ltr'><em>ε’νανθρόπησιυ</em></span> <span class='ocrx_word' id='word_1_334' title='bbox 900 2464 936 2501; x_wconf 93' lang='grc' dir='ltr'><em>μυ·</em></span> 
     </span>
    </p>
   </div>
   <div class='ocr_carea' id='block_1_4' title="bbox 153 2510 938 2708">
    <p class='ocr_par' dir='ltr' id='par_1_7' title="bbox 153 2510 938 2708">
     <span class='ocr_line' id='line_1_34' title="bbox 154 2510 938 2573; baseline -0.003 -13"><span class='ocrx_word' id='word_1_335' title='bbox 154 2514 302 2573; x_wconf 78' lang='grc' dir='ltr'><em>στηριωῦῦς</em></span> <span class='ocrx_word' id='word_1_336' title='bbox 290 2534 300 2559; x_wconf 92' lang='grc' dir='ltr'><em>ο</em></span> <span class='ocrx_word' id='word_1_337' title='bbox 317 2513 450 2570; x_wconf 81' lang='grc' dir='ltr'><em>άληθεῦων’</em></span> <span class='ocrx_word' id='word_1_338' title='bbox 441 2531 462 2556; x_wconf 86' lang='grc' dir='ltr'><em>εν</em></span> <span class='ocrx_word' id='word_1_339' title='bbox 479 2511 542 2554; x_wconf 86' lang='grc' dir='ltr'><em>άπασι</em></span> <span class='ocrx_word' id='word_1_340' title='bbox 561 2510 609 2562; x_wconf 88' lang='grc' dir='ltr'><em>τοῦς</em></span> <span class='ocrx_word' id='word_1_341' title='bbox 627 2512 720 2567; x_wconf 83' lang='grc' dir='ltr'><em>μαθητάς</em></span> <span class='ocrx_word' id='word_1_342' title='bbox 738 2513 863 2569; x_wconf 81' lang='grc' dir='ltr'><em>ησφαλιζετο.</em></span> <span class='ocrx_word' id='word_1_343' title='bbox 894 2520 938 2558; x_wconf 88' lang='grc' dir='ltr'><em>Πα-</em></span> 
     </span>
     <span class='ocr_line' id='line_1_35' title="bbox 154 2579 936 2641; baseline -0.003 -13"><span class='ocrx_word' id='word_1_344' title='bbox 154 2587 201 2641; x_wconf 87' lang='grc' dir='ltr'><em>τέρα</em></span> <span class='ocrx_word' id='word_1_345' title='bbox 217 2587 239 2628; x_wconf 76' lang='grc' dir='ltr'><em>δέ</em></span> <span class='ocrx_word' id='word_1_346' title='bbox 253 2602 293 2639; x_wconf 91' lang='grc' dir='ltr'><em>μου</em></span> <span class='ocrx_word' id='word_1_347' title='bbox 306 2585 340 2628; x_wconf 82' lang='grc' dir='ltr'><em>καὶ</em></span> <span class='ocrx_word' id='word_1_348' title='bbox 352 2584 428 2638; x_wconf 86' lang='grc' dir='ltr'><em>πατέρα</em></span> <span class='ocrx_word' id='word_1_349' title='bbox 443 2580 512 2635; x_wconf 71' lang='grc' dir='ltr'><em>ὑμῶν,</em></span> <span class='ocrx_word' id='word_1_350' title='bbox 533 2579 567 2622; x_wconf 81' lang='grc' dir='ltr'><em>διά</em></span> <span class='ocrx_word' id='word_1_351' title='bbox 575 2579 598 2623; x_wconf 85' lang='grc' dir='ltr'><em>τό</em></span> <span class='ocrx_word' id='word_1_352' title='bbox 609 2582 658 2635; x_wconf 79' lang='grc' dir='ltr'><em>ἐμοῦ</em></span> <span class='ocrx_word' id='word_1_353' title='bbox 670 2581 722 2638; x_wconf 87' lang='grc' dir='ltr'><em>πρός</em></span> <span class='ocrx_word' id='word_1_354' title='bbox 736 2581 798 2625; x_wconf 72' lang='grc' dir='ltr'><em>αὐτόν</em></span> <span class='ocrx_word' id='word_1_355' title='bbox 807 2582 858 2626; x_wconf 83' lang='grc' dir='ltr'><em>κατά</em></span> <span class='ocrx_word' id='word_1_356' title='bbox 868 2582 936 2637; x_wconf 87' lang='grc' dir='ltr'><em>φῦσιν,</em></span> 
     </span>
     <span class='ocr_line' id='line_1_36' title="bbox 153 2643 937 2708; baseline -0.003 -11"><span class='ocrx_word' id='word_1_357' title='bbox 153 2654 188 2698; x_wconf 87' lang='grc' dir='ltr'><em>καὶ</em></span> <span class='ocrx_word' id='word_1_358' title='bbox 202 2656 251 2708; x_wconf 80' lang='grc' dir='ltr'><em>ἐμοῦ</em></span> <span class='ocrx_word' id='word_1_359' title='bbox 262 2650 314 2707; x_wconf 85' lang='grc' dir='ltr'><em>πρός</em></span> <span class='ocrx_word' id='word_1_360' title='bbox 325 2650 378 2706; x_wconf 82' lang='grc' dir='ltr'><em>ῦμῦς</em></span> <span class='ocrx_word' id='word_1_361' title='bbox 394 2649 564 2700; x_wconf 66' lang='grc' dir='ltr'><em>ὗέπικοιυωυίας,</em></span> <span class='ocrx_word' id='word_1_362' title='bbox 584 2643 609 2702; x_wconf 83' lang='grc' dir='ltr'><em>ἧς</em></span> <span class='ocrx_word' id='word_1_363' title='bbox 620 2648 658 2705; x_wconf 82' lang='grc' dir='ltr'><em>έγιό</em></span> <span class='ocrx_word' id='word_1_364' title='bbox 672 2651 707 2704; x_wconf 82' lang='grc' dir='ltr'><em>μὲν</em></span> <span class='ocrx_word' id='word_1_365' title='bbox 718 2649 769 2693; x_wconf 86' lang='grc' dir='ltr'><em>κατά</em></span> <span class='ocrx_word' id='word_1_366' title='bbox 782 2654 937 2708; x_wconf 78' lang='grc' dir='ltr'><em>φιλανθρωπίαν</em></span> 
     </span>
    </p>
   </div>
   <div class='ocr_carea' id='block_1_5' title="bbox 153 2762 938 3140">
    <p class='ocr_par' dir='ltr' id='par_1_8' title="bbox 153 2762 938 3140">
     <span class='ocr_line' id='line_1_37' title="bbox 175 2762 937 2807; baseline -0.005 -7"><span class='ocrx_word' id='word_1_367' title='bbox 175 2769 192 2800; x_wconf 88' lang='lat'>5</span> <span class='ocrx_word' id='word_1_368' title='bbox 205 2769 255 2807; x_wconf 77' lang='grc' dir='ltr'><em>λἰιλρο</em></span> <span class='ocrx_word' id='word_1_369' title='bbox 266 2763 288 2800; x_wconf 88' lang='grc' dir='ltr'><em>δι’</em></span> <span class='ocrx_word' id='word_1_370' title='bbox 300 2762 357 2799; x_wconf 79' lang='grc' dir='ltr'><em>αῦτοῦ.</em></span> <span class='ocrx_word' id='word_1_371' title='bbox 380 2766 476 2798; x_wconf 77' lang='grc' dir='ltr'><em>Ετητιιῦυυίλ</em></span> <span class='ocrx_word' id='word_1_372' title='bbox 486 2764 534 2796; x_wconf 75' lang='lat' dir='ltr'><em>Pela</em></span> <span class='ocrx_word' id='word_1_373' title='bbox 556 2765 619 2795; x_wconf 70' lang='lat' dir='ltr'><strong><em>turbata</em></strong></span> <span class='ocrx_word' id='word_1_374' title='bbox 627 2767 716 2804; x_wconf 68' lang='lat' dir='ltr'><em>usquamst</em></span> <span class='ocrx_word' id='word_1_375' title='bbox 724 2776 756 2797; x_wconf 79' lang='grc' dir='ltr'><em>και</em></span> <span class='ocrx_word' id='word_1_376' title='bbox 764 2774 783 2797; x_wconf 84' lang='grc' dir='ltr'><em>τε</em></span> <span class='ocrx_word' id='word_1_377' title='bbox 793 2764 837 2798; x_wconf 81' lang='grc' dir='ltr'><em>ειποι</em></span> <span class='ocrx_word' id='word_1_378' title='bbox 844 2766 937 2797; x_wconf 77' lang='lat' dir='ltr'><em>collocanda</em></span> 
     </span>
     <span class='ocr_line' id='line_1_38' title="bbox 153 2810 938 2851; baseline 0 -9"><span class='ocrx_word' id='word_1_379' title='bbox 153 2815 194 2847; x_wconf 75' lang='lat' dir='ltr'><strong><em>vius.</em></strong></span> <span class='ocrx_word' id='word_1_380' title='bbox 556 2810 620 2842; x_wconf 72' lang='lat' dir='ltr'><em>censuit.</em></span> <span class='ocrx_word' id='word_1_381' title='bbox 639 2810 938 2851; x_wconf 72' lang='lat' dir='ltr'><em>comoriussuspicatusessevidetur</em></span> 
     </span>
     <span class='ocr_line' id='line_1_39' title="bbox 177 2850 937 2915; baseline -0.007 -22"><span class='ocrx_word' id='word_1_382' title='bbox 177 2860 192 2893; x_wconf 82' lang='lat'>1</span> <span class='ocrx_word' id='word_1_383' title='bbox 204 2855 365 2915; x_wconf 74' lang='grc' dir='ltr'><em>ενγτογένιημα</em></span> <span class='ocrx_word' id='word_1_384' title='bbox 557 2850 690 2899; x_wconf 76' lang='grc' dir='ltr'><em>ἀνακρινόμενος.</em></span> <span class='ocrx_word' id='word_1_385' title='bbox 715 2857 763 2889; x_wconf 68' lang='lat' dir='ltr'><em>Vertit</em></span> <span class='ocrx_word' id='word_1_386' title='bbox 778 2857 819 2889; x_wconf 77' lang='lat' dir='ltr'><strong><em>enim</em></strong></span> <span class='ocrx_word' id='word_1_387' title='bbox 837 2855 876 2890; x_wconf 83' lang='lat' dir='ltr'>Sive</span> <span class='ocrx_word' id='word_1_388' title='bbox 893 2855 937 2911; x_wconf 83' lang='grc' dir='ltr'><em>ειιίμι</em></span> 
     </span>
     <span class='ocr_line' id='line_1_40' title="bbox 176 2899 936 2957; baseline 0 -19"><span class='ocrx_word' id='word_1_389' title='bbox 176 2906 193 2941; x_wconf 71' lang='lat'><em>2.</em></span> <span class='ocrx_word' id='word_1_390' title='bbox 205 2900 299 2941; x_wconf 70' lang='grc' dir='ltr'><em>Ιΐοιλυεετ”</em></span> <span class='ocrx_word' id='word_1_391' title='bbox 290 2915 344 2944; x_wconf 76' lang='grc' dir='ltr'><em>ουτως</em></span> <span class='ocrx_word' id='word_1_392' title='bbox 356 2899 407 2945; x_wconf 83' lang='grc' dir='ltr'><em>όιτος.</em></span> <span class='ocrx_word' id='word_1_393' title='bbox 557 2901 666 2948; x_wconf 72' lang='grc' dir='ltr'><em>εμίιίιακλίῑει</em></span> <span class='ocrx_word' id='word_1_394' title='bbox 684 2908 803 2957; x_wconf 75' lang='lat' dir='ltr'><strong>percunctetur</strong></span> <span class='ocrx_word' id='word_1_395' title='bbox 818 2902 887 2949; x_wconf 80' lang='lat' dir='ltr'>spiritus</span> <span class='ocrx_word' id='word_1_396' title='bbox 899 2903 936 2938; x_wconf 72' lang='lat' dir='ltr'><strong>exi-</strong></span> 
     </span>
     <span class='ocr_line' id='line_1_41' title="bbox 176 2949 937 3006; baseline -0.009 -16"><span class='ocrx_word' id='word_1_397' title='bbox 176 2954 210 2989; x_wconf 80' lang='lat'><strong>3</strong></span> <span class='ocrx_word' id='word_1_398' title='bbox 206 2951 255 2998; x_wconf 80' lang='grc' dir='ltr'><em>ιε’γον</em></span> <span class='ocrx_word' id='word_1_399' title='bbox 266 2954 342 2986; x_wconf 77' lang='lat' dir='ltr'><em>mendum</em></span> <span class='ocrx_word' id='word_1_400' title='bbox 353 2954 420 2986; x_wconf 59' lang='grc' dir='ltr'><em>τοιαῦτα</em></span> <span class='ocrx_word' id='word_1_401' title='bbox 431 2953 487 2987; x_wconf 70' lang='lat' dir='ltr'><strong><em>Palm).</em></strong></span> <span class='ocrx_word' id='word_1_402' title='bbox 557 2950 711 2995; x_wconf 77' lang='lat' dir='ltr'>stens1m1&#39;genit11s,</span> <span class='ocrx_word' id='word_1_403' title='bbox 724 2949 937 3006; x_wconf 71' lang='grc' dir='ltr'><em>υιιίωαλεαιλὸιίιιιιιιμιιιτ</em></span> 
     </span>
     <span class='ocr_line' id='line_1_42' title="bbox 163 2997 937 3042; baseline -0.008 -6.881"><span class='ocrx_word' id='word_1_404' title='bbox 163 2999 243 3035; x_wconf 60' lang='lat' dir='ltr'><strong><em>minio</em></strong></span> <span class='ocrx_word' id='word_1_405' title='bbox 254 3004 287 3034; x_wconf 84' lang='grc' dir='ltr'><em>λοοο</em></span> <span class='ocrx_word' id='word_1_406' title='bbox 296 3003 354 3033; x_wconf 63' lang='lat' dir='ltr'><strong><em>cerium</em></strong></span> <span class='ocrx_word' id='word_1_407' title='bbox 363 3009 395 3041; x_wconf 86' lang='grc' dir='ltr'><em>ηυιι</em></span> <span class='ocrx_word' id='word_1_408' title='bbox 404 3007 496 3033; x_wconf 78' lang='lat' dir='ltr'><strong><em>succurram</em></strong></span> <span class='ocrx_word' id='word_1_409' title='bbox 507 3007 535 3031; x_wconf 83' lang='lat' dir='ltr'><em>ra·</em></span> <span class='ocrx_word' id='word_1_410' title='bbox 558 2997 626 3041; x_wconf 76' lang='lat' dir='ltr'>spiritus</span> <span class='ocrx_word' id='word_1_411' title='bbox 642 3004 681 3030; x_wconf 82' lang='lat' dir='ltr'>sunt</span> <span class='ocrx_word' id='word_1_412' title='bbox 699 3009 734 3030; x_wconf 85' lang='lat' dir='ltr'><em>non</em></span> <span class='ocrx_word' id='word_1_413' title='bbox 750 2997 881 3042; x_wconf 60' lang='lat' dir='ltr'>suscipientem,</span> <span class='ocrx_word' id='word_1_414' title='bbox 901 2998 937 3031; x_wconf 74' lang='lat' dir='ltr'>sive</span> 
     </span>
     <span class='ocr_line' id='line_1_43' title="bbox 155 3040 937 3103; baseline -0.006 -23"><span class='ocrx_word' id='word_1_415' title='bbox 155 3050 212 3080; x_wconf 73' lang='lat' dir='ltr'><strong><em>tionem</em></strong></span> <span class='ocrx_word' id='word_1_416' title='bbox 232 3058 264 3102; x_wconf 75' lang='grc' dir='ltr'><em>τμη</em></span> <span class='ocrx_word' id='word_1_417' title='bbox 284 3048 338 3103; x_wconf 79' lang='grc' dir='ltr'><em>λιροεο.</em></span> <span class='ocrx_word' id='word_1_418' title='bbox 367 3046 442 3079; x_wconf 63' lang='lat' dir='ltr'><strong><em>Petamus</em></strong></span> <span class='ocrx_word' id='word_1_419' title='bbox 458 3045 507 3078; x_wconf 76' lang='lat' dir='ltr'><strong><em>verba</em></strong></span> <span class='ocrx_word' id='word_1_420' title='bbox 525 3040 535 3078; x_wconf 82' lang='grc' dir='ltr'>ὁ</span> <span class='ocrx_word' id='word_1_421' title='bbox 558 3043 613 3082; x_wconf 85' lang='lat' dir='ltr'><strong>dicat,</strong></span> <span class='ocrx_word' id='word_1_422' title='bbox 630 3044 679 3076; x_wconf 71' lang='lat' dir='ltr'>Vade</span> <span class='ocrx_word' id='word_1_423' title='bbox 695 3043 717 3076; x_wconf 82' lang='lat' dir='ltr'><em>ad</em></span> <span class='ocrx_word' id='word_1_424' title='bbox 727 3050 792 3086; x_wconf 81' lang='lat' dir='ltr'>patrem</span> <span class='ocrx_word' id='word_1_425' title='bbox 808 3056 863 3077; x_wconf 85' lang='lat' dir='ltr'><strong>meum</strong></span> <span class='ocrx_word' id='word_1_426' title='bbox 877 3050 937 3087; x_wconf 80' lang='lat' dir='ltr'>etpa-</span> 
     </span>
     <span class='ocr_line' id='line_1_44' title="bbox 154 3088 937 3140; baseline -0.005 -14"><span class='ocrx_word' id='word_1_427' title='bbox 154 3104 185 3132; x_wconf 64' lang='grc' dir='ltr'><em>τινε</em></span> <span class='ocrx_word' id='word_1_428' title='bbox 177 3094 222 3140; x_wconf 82' lang='grc' dir='ltr'><em>ῦμα,</em></span> <span class='ocrx_word' id='word_1_429' title='bbox 236 3104 259 3128; x_wconf 81' lang='grc' dir='ltr'><em>ων</em></span> <span class='ocrx_word' id='word_1_430' title='bbox 276 3090 306 3126; x_wconf 85' lang='grc' dir='ltr'><em>καὶ</em></span> <span class='ocrx_word' id='word_1_431' title='bbox 318 3088 409 3137; x_wconf 69' lang='grc' dir='ltr'><em>μονογενὴς</em></span> <span class='ocrx_word' id='word_1_432' title='bbox 420 3092 454 3124; x_wconf 77' lang='lat' dir='ltr'><em>loco</em></span> <span class='ocrx_word' id='word_1_433' title='bbox 464 3099 492 3123; x_wconf 80' lang='lat' dir='ltr'><em>suo</em></span> <span class='ocrx_word' id='word_1_434' title='bbox 503 3098 535 3123; x_wconf 72' lang='lat' dir='ltr'><strong>esse</strong></span> <span class='ocrx_word' id='word_1_435' title='bbox 557 3095 602 3122; x_wconf 77' lang='lat' dir='ltr'>trem</span> <span class='ocrx_word' id='word_1_436' title='bbox 611 3095 691 3132; x_wconf 75' lang='lat' dir='ltr'>vestrum,</span> <span class='ocrx_word' id='word_1_437' title='bbox 703 3095 721 3123; x_wconf 76' lang='lat' dir='ltr'><em>et</em></span> <span class='ocrx_word' id='word_1_438' title='bbox 732 3088 782 3123; x_wconf 81' lang='lat' dir='ltr'><strong>deum</strong></span> <span class='ocrx_word' id='word_1_439' title='bbox 792 3101 848 3123; x_wconf 83' lang='lat' dir='ltr'>meum</span> <span class='ocrx_word' id='word_1_440' title='bbox 859 3096 876 3125; x_wconf 81' lang='lat' dir='ltr'><em>et</em></span> <span class='ocrx_word' id='word_1_441' title='bbox 887 3088 908 3123; x_wconf 74' lang='lat' dir='ltr'><em>de</em></span> <span class='ocrx_word' id='word_1_442' title='bbox 899 3099 937 3122; x_wconf 82' lang='lat' dir='ltr'><em>um</em></span> 
     </span>
    </p>
   </div>
   <div class='ocr_carea' id='block_1_6' title="bbox 0 0 1005 3392">
    <p class='ocr_par' dir='ltr' id='par_1_9' title="bbox 0 0 1005 3392">
     <span class='ocr_line' id='line_1_45' title="bbox 0 0 1005 3392; baseline 0 0"><span class='ocrx_word' id='word_1_443' title='bbox 0 0 1005 3392; x_wconf 95' lang='lat' dir='ltr'><em> </em></span> 
     </span>
    </p>
   </div>
  </div>
 </body>
</html>
