1988 3392
157 219 201 260 324
446 224 658 256 εκαοτιποινσεαιι

158 301 180 348 τύ
192 300 245 356 εἶδος
260 302 295 347 καί
308 300 333 348 τά
344 300 408 361 πάγη,
428 303 447 345 τί
457 299 480 347 τύ
492 299 554 361 άκρον
568 304 608 346 τόν
621 298 674 357 άνω,
694 301 713 346 τί
724 298 747 346 τύ
758 299 821 360 τέρμα
834 307 874 349 τῶν
883 301 945 362 κάτω,

158 379 177 420 τί
188 377 210 419 ἓν
220 378 286 435 δεξιᾷ,
302 379 320 419 τί
332 377 352 419 έν
362 374 484 429 εὐωνύμοις,
500 379 536 429 τῆς
548 377 630 424 κτίσεως
640 378 675 428 τῆς
686 374 760 416 ἑαυτοῦ
770 372 860 424 πλάσεως
868 373 891 417 τό
903 375 945 431 διη-

158 463 224 500 γημα,
246 449 287 487 τῶν
300 446 333 487 έπί
351 448 416 498 18γῆς
427 440 540 496 άμυθητων
551 442 586 484 τόν
597 442 689 497 άριθμόν
699 448 734 484 καί
745 440 769 482 τά
780 442 852 496 μέτρα,
876 448 947 486 19λοι-

158 511 198 552 πόν
211 516 274 552 ταῦτα
283 510 382 564 ἥκουσαν,
404 507 432 557 εἰς
444 508 557 562 ἠκούσαμεν
566 507 621 564 παρά
632 513 672 550 τοῖν
684 506 717 549 ὕπ’
728 506 791 549 αὐτοῦ
804 507 945 563 ἠπατημένων,

159 580 188 632 εἰς
205 576 324 637 σοφιστικὰς
339 575 453 639 προφάσεις
469 578 633 638 παρεκκλίναντες
651 578 752 639 εἰρωνείᾳ,
772 574 844 624 λοιπόν
855 579 946 639 λέγουσιν

159 650 194 696 ἄπ’
206 655 282 697 ἐκείνου
300 650 439 706 μεμαθηκότες
452 649 483 694 ύτι
499 649 565 693 πάντα
581 654 644 692 ταῦτα
658 647 682 692 τά
701 648 805 702 σωματικά
823 652 889 694 20καὶ
905 653 946 695 έστι

159 723 195 763 καὶ
205 720 230 763 ού
240 718 347 772 δυνάμεθα
357 720 436 761 εἰδέναι,
470 716 509 759 Τόν
519 716 569 760 θεόν
580 718 602 759 δέ
611 715 648 759 τόν
657 715 709 759 αῦτά
723 717 849 770 πεποιηκότα
865 721 947 771 οίδαμεν

159 791 230 838 σαφῶς
243 785 365 835 21ποταπός
378 787 417 827 ἔστι
430 785 465 826 καὶ
477 788 521 832 πῶς
533 785 573 825 ἔστι
585 784 619 825 καί
634 780 679 833 οἷός
690 785 732 825 ε’στι
742 785 778 826 καὶ
789 785 819 834 τίς
832 785 878 827 ε’στι.
911 787 946 835 Τίς

159 855 181 901 δὲ
192 852 281 909 οἰκούσας
291 859 353 901 ταῦτα
365 853 404 900 οὐκ
416 851 441 900 άν
453 851 602 914 καταγελάσειεν
617 849 690 909 εύθύς;
721 852 806 912 Εύηθες
819 854 857 915 γάρ
870 857 912 902 ε’στι
923 855 946 902 τό

159 928 207 972 ὅλον
222 928 254 971 ότι
268 927 304 971 τόν
320 930 408 982 τεχνίτην
418 928 453 969 καί
470 926 591 982 ἀσύγκριτον
606 926 641 967 καί
654 925 798 982 ἆνεκδιηγητον
812 927 863 982 λέγει
874 928 946 970 εἰδέναι

158 998 193 1038 καὶ
208 995 343 1050 ἠκριβωκέναι
360 997 402 1043 (καὶ
418 997 461 1036 εἰθε
476 996 528 1048 ἔλεγε
542 997 566 1050 τῇ
584 996 647 1034 πίστει
662 995 735 1034 εἰδέναι
751 995 786 1035 καὶ
800 992 945 1048 ἠκριβωκέναι·

159 1060 207 1104 άλλά
219 1061 247 1115 μὴ
260 1061 311 1104 κατά
322 1063 398 1115 εἰδησίν
414 1077 459 1102 τινα
475 1058 613 1114 φηλαφησεως
629 1057 702 1114 ἐτόλμα
718 1060 752 1102 καὶ
767 1064 852 1115 τολμῶσι
869 1061 961 1119 λέγειν),

159 1128 184 1178 τά
198 1131 220 1178 δέ
230 1127 265 1178 εἰτ’
277 1130 341 1178 αὐτοῦ
354 1129 450 1192 γενόμενα
465 1134 501 1176 τοῦ
511 1126 632 1189 άσυγκρίτου
646 1129 679 1176 διά
690 1128 713 1176 τό
724 1130 775 1176 κατά
787 1131 809 1177 τό
823 1130 876 1185 εἶδος
887 1131 947 1177 δυνά-

161 1221 210 1258 μενα
221 1204 277 1260 παρά
288 1208 328 1246 τῶν
339 1202 434 1260 όράντων
448 1200 641 1256 ῦπερθανμάζεσθαι
655 1201 739 1254 φάσκειν
753 1201 814 1245 αὐτόν
825 1204 889 1246 τεκαὶ
900 1202 947 1253 τούς

159 1272 223 1312 αὐτοῦ
236 1271 263 1324 μή
274 1272 353 1321 εἰδέναι,
368 1269 452 1322 μάλιστα
462 1268 527 1320 πάντη
538 1273 578 1309 τῶν
589 1271 652 1309 θείων
662 1273 747 1322 γραφῶν
757 1275 828 1320 σαφῶς
838 1271 884 1325 περὶ
895 1274 947 1310 θεοῦ

158 1341 301 1394 κηρυττουσσῖν
310 1335 332 1378 τό
344 1334 432 1394 ἀόρατον
443 1332 504 1377 αῦτόν
516 1332 573 1388 εἰναι,
588 1335 623 1378 καί
633 1333 781 1392 ἀκατάληπτον,
796 1338 829 1380 καὶ
840 1334 945 1396 άπερινύη-

159 1427 205 1463 τον,
225 1407 289 1467 μόνον
302 1408 323 1453 δέ
333 1410 397 1453 πίστει
408 1408 429 1452 έν
444 1407 530 1468 ἀληθείᾳ
545 1406 691 1466 γινωσκόμενον
706 1407 737 1453 ότι
747 1410 787 1454 ἔστι
797 1410 832 1454 καὶ
843 1417 885 1461 τοῖς
897 1407 946 1468 άγα-

160 1485 225 1523 πεῖσιν
240 1479 303 1523 αἰτόν
318 1478 471 1534 μισθαποδότης
485 1481 566 1533 γίνεται.

212 1755 277 1798 Ὅταν
286 1757 308 1797 δέ
318 1772 348 1804 τις
359 1754 428 1803 αὐτοῖς
439 1756 486 1812 εἰπη
497 1758 538 1796 τῶν
549 1751 619 1808 ύρθυῖς
633 1755 679 1809 περὶ
693 1759 746 1796 θεοῦ
758 1754 819 1808 δόξης
829 1753 914 1804 πίστεως
926 1771 947 1797 τε

160 1825 195 1866 καὶ
210 1823 292 1877 όιγάπης
306 1825 340 1863 καί
357 1820 499 1873 ἀκαταληψίας
515 1819 638 1869 δοξαζόντων
656 1820 697 1870 ὅτι,
718 1819 785 1872 Ἡμεῖς
800 1824 882 1873 οἴδαμεν
896 1820 947 1863 θεόν

161 1888 311 1976 όγκατάληπτον,
326 1886 378 1931 θεὸν
391 1885 488 1944 ἀόρατον,
504 1883 660 1944 άνεκδιηγητον,
676 1888 759 1943 οἰδαμεν
771 1887 793 1932 δέ
803 1885 865 1933 αύτόν
877 1886 947 1946 ὄντας,

161 1958 209 2008 όντυ
221 1958 278 2006 δέ”
253 1978 340 2019 αορατον
353 1959 388 2004 καί
401 1957 552 2015 άκατάληπτον,
574 1960 753 2016 έπισκωμματικως
764 1963 798 2006 καὶ
810 1965 898 2045 κωτίλρις
908 1965 947 2007 λοι-

161 2032 201 2074 πόν
213 2050 241 2081 ως
257 2031 325 2085 μῦθον
339 2029 384 2072 τινά
399 2029 531 2085 διηγούμενος
547 2029 653 2082 ἐτόλμησεν
668 2032 727 2078 οῦτος
743 2048 754 2072 ο
767 2048 804 2084 την
818 2049 890 2085 καινην
905 2034 947 2073 δια-

160 2098 253 2151 λεκτικηυ
268 2096 317 2150 ημῖν
333 2098 411 2150 φέρων,
436 2099 480 2137 Τίνι
494 2097 532 2136 οῦν
547 2097 634 2146 ἐοίκατε,
650 2094 860 2148 καληύμῶνπίστις,
891 2102 948 2180 Παρ-

160 2165 216 2225 θένφ
227 2165 340 2223 φθαρείση,
360 2160 411 2223 ούση
427 2161 449 2204 δέ
461 2165 526 2223 τοφλῇ
541 2162 576 2205 καλ
590 2167 651 2225 κωφῇ
664 2162 699 2206 καλ
714 2160 821 2226 άλάλφ,’
811 2181 856 2224 ητις
869 2163 900 2211 ὅτι
912 2165 948 2224 μέν

80 2253 114 2286 μσς.
122 2245 153 2276 991-
163 2238 281 2295 πέφθαρται
298 2240 347 2280 πάσι
358 2236 436 2291 πέφηνε
448 2241 490 2286 τοῖς
505 2232 569 2291 αύτην
584 2234 719 2292 γινώσκουσιν.
745 2237 878 2295 Ἐρωτωμένη
887 2238 909 2281 δέ
918 2241 948 2289 τίς

162 2306 174 2350 ό
185 2307 278 2362 φθορεύς
288 2305 326 2347 οῦκ
337 2303 419 2355 άκούει,
433 2305 467 2345 λὐα
478 2302 545 2361 μάθη,
559 2306 594 2345 καὶ
605 2303 651 2345 ούτε
662 2304 738 2359 ἕιόρακε
750 2304 785 2347 τόν
796 2303 947 2360 22φθείραντα,

162 2372 196 2414 διά
212 2372 234 2412 τό
253 2376 405 2422 τετυφλῶσθαι,
427 2369 473 2410 οῦτε
489 2368 607 2423 άπαγγεῖλαι
622 2369 716 2421 δύναται,
736 2370 770 2412 διά
782 2371 804 2413 τύ
816 2370 897 2413 άλαλον·
920 2369 948 2421 οἷς

163 2436 214 2484 εἶναι
225 2436 363 2497 άντιστρόφως
377 2434 429 2498 πρός
440 2435 502 2483 αὐτόν
516 2438 551 2482 καί
566 2435 601 2482 τόν
616 2436 678 2483 αῦτοῦ
690 2442 758 2496 μῦθον
770 2438 821 2487 κατά
832 2438 854 2488 τό
865 2459 948 2502 γεγραμ-

164 2514 235 2569 μένον,
252 2509 431 2569 23Ἐπιστρείμειό
442 2509 506 2560 πόνος
518 2508 580 2553 αύτοῦ
590 2513 617 2561 εἰς
628 2511 717 2567 κεφαλὴν
727 2512 797 2566 αύτοῦ,
812 2516 847 2557 καὶ
859 2516 948 2569 έμπεσεῖ·

163 2599 195 2623 ται
206 2583 234 2629 εἰς
244 2580 323 2635 βόθρον
334 2580 357 2621 ὃν
367 2579 477 2634 εἰργάσατο,
492 2580 527 2620 καὶ
538 2577 563 2619 τά
574 2578 652 2627 τούτοις
663 2578 729 2632 όμοια.
758 2580 827 2629 Αύτός
842 2581 880 2636 γάρ
896 2583 948 2623 ἔοικε

163 2651 232 2701 τυφλῷ
245 2647 267 2686 ἐκ
277 2651 356 2700 γενετῆς
366 2646 419 2686 ούτω
431 2644 577 2702 γεγεννημένῳ,
591 2648 682 2687 λαλοῦντι
692 2646 723 2698 δὲ,
741 2648 776 2689 καὶ
784 2646 846 2689 πολλά
857 2652 948 2690 λαλοῦντι

162 2714 198 2760 καί
211 2711 316 2770 άκούοντι,
331 2715 366 2760 καὶ
378 2712 440 2760 εἰδότι
452 2712 487 2772 μὲν
497 2716 569 2759 λευκοῦ
579 2710 601 2759 τό
613 2710 689 2773 όνομα,
710 2716 744 2762 καὶ
756 2717 850 2774 μέλανος,
870 2722 948 2764 κυανοῦ

162 2805 183 2831 τε
199 2788 234 2831 καὶ
251 2790 350 2844 πρασίνου
366 2789 400 2831 καὶ
417 2791 509 2842 πυρροῦ,
530 2787 564 2829 καλ
580 2792 620 2830 τῶν
636 2786 700 2831 άλλων
715 2788 821 2846 διαφόρων
836 2790 948 2845 ὀνομάτων,

187 2901 213 2935 18.
226 2902 260 2943 γῆς
269 2903 325 2939 εοιιμίι
334 2902 375 2931 ἰιίιτι
397 2912 431 2942 της
440 2911 474 2941 γης
485 2901 528 2930 ειίίίτ
568 2912 611 2938 σας,
629 2904 653 2932 uti
668 2903 724 2955 ίκφιλκη
739 2903 788 2932 ελλαιιι
804 2904 820 2933 in
838 2903 872 2934 cod
888 2903 948 2943 Paris„

188 2944 214 2979 19.
226 2946 331 2979 scribendum
343 2945 433 2986 fortasse
420 2944 451 2979 ει
446 2956 478 2978 τοο
490 2943 545 2978 ταῦτα
567 2947 683 3003 ακοντισαι,
695 2957 723 2990 qm
733 2948 797 2981 οοκιττιί
807 2944 948 2990 λοιτοιωςταυ

163 2986 245 3036 ἥκουσαι
268 2993 312 3028 Edilz‘
326 2994 401 3036 praebent
417 2991 473 3030 λοιπὸν
490 2991 545 3029 ταῦτα
567 3006 589 3030 τα
602 2989 684 3040 ἥκουσαι.
701 3015 724 3022 —
751 2997 784 3030 Pro
798 2993 828 3033 τὸν
844 2992 907 3043 άμιθμ
899 3010 917 3033 οι
931 2999 948 3032 ιἰι

163 3038 245 3084 ἥκουσαν.
269 3043 307 3075 Coa.
318 3043 350 3075 ἰεκ.
362 3037 544 3097 λριττύνταῦταηίκου-
565 3044 738 3099 μεμεοεσεκλίοιωοοᾶ
749 3044 781 3076 λιιι.
796 3046 842 3077 habet
855 3041 948 3089 ussva'pffi-

165 3088 203 3128 effi,
214 3084 387 3129 τετελευτηκότα
397 3100 418 3122 ιω
426 3098 482 3122 παιτα
491 3098 544 3129 ηκοο·
567 3087 609 3131 μὸν,
621 3091 655 3122 τού.
669 3090 735 3130 Rhodis)
747 3089 782 3123 τῶν
793 3085 877 3133 ἀριθμῶν
