1988 3392
163 224 205 266 290
454 229 537 265 sANcT1
548 230 663 264 εειειικαιι

163 305 215 354 οῦσα
228 307 330 366 ἀναλόγως
342 309 417 368 ἑκάστῳ
434 307 517 363 όνόματι
526 313 562 352 τοῦ
573 308 637 364 αὐτῆς
649 301 772 364 ἀξιοῦματος,
792 308 818 353 δι’
827 312 891 369 αὐτῆς
901 313 947 373 γὰρ,

95 406 102 418 ·
163 381 197 423 καί
213 377 252 422 οὐκ
269 378 337 431 ἐκτός,
356 376 380 421 τό
391 377 486 435 γεγονότα
497 376 601 435 γεγόνασιν
612 377 650 421 οόκ
660 376 713 422 όντα.
744 377 822 436 Διόπερ
837 380 885 425 οὐδὲ
898 383 947 427 καθ’

163 447 236 492 ἔαυτόν
246 446 258 492 ό
270 447 334 505 πατῆρ
345 449 408 498 αίτιος
417 452 458 490 τῶν
468 445 579 504 γεγονότων
590 449 652 500 ἐστίν,
674 447 722 491 ἀλλά
733 447 799 506 πατῆρ
810 449 844 492 καί
857 449 902 502 υἱός
912 455 947 497 καί

162 517 222 574 ἅγιον
232 523 310 573 πνεῦμα
322 518 402 570 ἐποίησε
412 515 437 559 τοί
448 515 519 560 πάντα.
550 518 580 559 Εἰ
589 516 610 560 δὲ
622 511 648 572 ῆν
661 515 761 574 ἀλλότριος
771 515 784 561 ό
794 516 851 573 υἱός,
867 516 894 570 τίς
904 519 946 566 ἀπό

163 588 229 631 αἰτίου
245 586 283 630 οὐκ
295 584 333 638 σίν,
354 585 460 641 προελθών
474 584 500 628 :iv
516 584 565 640 μετά
580 584 661 629 πάντων
676 587 711 628 καί
727 584 789 636 αότός
806 588 850 637 ίσος
865 588 946 645 ἐγένετο.

164 657 206 699 Καί
222 657 283 705 α’ίτιος
297 649 322 709 ῆν
338 652 349 697 ό
365 653 415 705 θεός
430 652 495 698 οῦκέιι
511 658 631 712 γεννητιιῶς
643 651 749 709 ἀχθέντος,
771 652 820 699 ἀλλοί
834 661 947 709 κτιστικαῦς·

162 727 198 770 καὶ
210 724 277 768 οόκέιι
291 724 388 778 ἐνεδέχετο
401 722 437 766 τόν
448 724 484 766 ἕνα
494 725 587 780 λέγεσθαι
598 724 695 781 γέννημα,
715 722 741 767 τοί
755 721 773 767 δ’
784 723 833 767 ἀλλα
844 728 947 781 κτίσματα,

162 792 203 837 ἀλλ’
214 791 228 848 ῆ
239 791 263 836 τοί
274 790 341 836 πάντα
353 791 390 835 στίν
402 792 458 852 αὐτῷ
474 793 587 850 γεννήματα
604 793 708 850 λέγεσθαι,
728 792 742 848 ῆ
752 792 815 838 αὐτόν
827 793 883 838 ὅσῦν
898 799 948 839 πᾶσι

162 865 234 918 κτίσμα
245 859 320 916 ὁμοίως
334 867 449 905 καλεῖσθαι·
471 863 506 905 καὶ
521 861 581 905 οῦδὲν
596 855 622 916 ῆν
637 862 747 918 ἐξαίρετον,
768 864 895 918 ἒξισουμένου
910 869 947 907 τοῦ

162 930 207 982 ἑνός
215 937 258 981 τοῖς
269 935 318 974 πᾶσι
331 929 382 973 κατιί
392 929 414 974 τό
426 931 487 988 μέρος
495 930 518 974 τό
529 932 550 982 ἐξ
560 929 598 973 οῦκ
609 928 679 983 όντων,
695 931 720 974 οῦ
732 930 796 986 μόνον
805 934 881 987 είτιοιμι
891 930 947 989 ἀγγέ-

161 1007 209 1051 λους
219 1005 248 1060 τῷ
258 999 327 1043 αὐτῶν
338 1000 360 1043 δέ
370 1005 444 1059 ποιητῆ
455 1002 490 1043 καὶ
504 1004 573 1060 κτιστῆ
586 1005 698 1056 μονογενεῖ,
713 997 762 1043 ἀλλά
772 1001 807 1044 καί
817 999 946 1057 ἀνθρώπους,
986 1038 988 1042 ,

162 1071 197 1113 καὶ
212 1069 287 1126 κτῆνη,
305 1070 340 1112 καὶ
355 1069 392 1113 ’όσα
409 1067 572 1126 ἀπειρομεγέθως
589 1067 671 1112 ἀποδέω
685 1074 721 1124 τῆς
733 1070 811 1114 ἐκείνου
823 1068 903 1123 φόσεως
912 1071 947 1113 καί

162 1138 281 1193 ἀξιώματος.
305 1136 376 1181 Ἔστιν
386 1135 397 1181 ό
409 1136 437 1180 σίν
446 1136 483 1181 σῦν
495 1143 523 1197 τῷ
535 1136 578 1180 όντι
593 1139 614 1188 ἒξ
624 1136 688 1181 αῦτοῦ
700 1136 790 1195 ἀχρόνως
807 1137 870 1190 όντως
883 1155 947 1196 γεγεν-

162 1210 257 1264 νημένος,
278 1204 395 1258 οῦιιέξοῦκ
408 1204 480 1262 όντων,
502 1204 541 1250 ἀλλ’
554 1205 660 1259 ἐξαῦτοῦ,
682 1208 715 1250 καί
729 1208 770 1250 ἔστι
780 1207 803 1251 τό
815 1207 873 1265 ῦίγιον
884 1207 948 1252 αὐτοῦ

162 1281 254 1331 πνεῦμα,
273 1274 296 1320 τό
314 1274 352 1319 οόκ
365 1273 468 1333 ἀλλότριον
480 1280 515 1330 τῆς
523 1275 594 1318 ἀὐτοῦ
605 1273 685 1328 οόσίας,
705 1275 753 1319 οῦδὲ
766 1273 795 1327 τίς
809 1277 842 1320 ἐπὶ
853 1279 946 1335 βοηθείᾳ,

166 1344 218 1391 κατοί
229 1344 264 1389 τόν
278 1343 354 1388 Ἀετίου
364 1343 434 1402 λόγον,
449 1349 492 1404 θεῷ
503 1345 707 1402 προςπεπορισμένον.

218 1619 295 1664 Ἀετίου
307 1618 378 1673 κεφάλ.
390 1619 426 1662 κδ’,
462 1621 491 1662 Εί
504 1618 527 1662 τό
542 1619 652 1676 ἀγέννητον
667 1620 767 1677 στέρησις,
790 1617 804 1676 ῆ
818 1621 840 1663 δὲ
856 1620 947 1677 στέρησις

162 1691 222 1741 ἕξεως
233 1690 326 1745 ἀποβολή
338 1690 401 1741 ἔστιν,
416 1686 462 1743 ῆόέ
472 1687 564 1743 ἀποβολῆ
576 1692 676 1738 παντελῶς
688 1686 807 1741 ἀπόλλυται,
828 1687 947 1744 ῆμεθίστα-

162 1776 195 1801 ται
205 1756 236 1811 ἐφ’
248 1758 325 1816 ἕτερον,
341 1762 385 1807 πῶς
397 1754 441 1800 οἷόν
454 1773 474 1799 τε
484 1758 522 1807 ἕξει
535 1757 681 1815 μεθισταμένη,
700 1756 729 1811 1ῆ
739 1754 873 1817 ἀπολλυμένη,
888 1775 946 1802 πατο-

162 1827 283 1882 νομάζεσθαι
297 1825 334 1881 τῆν
349 1824 421 1869 οόσίαν
436 1830 472 1868 τοῦ
486 1828 537 1868 θεοῦ
552 1823 652 1884 ἀγεννῆτῳ
668 1828 801 1885 προςηγορίμς

78 1981 112 2011 pag.
121 1974 152 2004 571.
219 1962 296 2021 Ἁνατρ.
326 1965 355 2005 Εἰ
364 1961 404 2006 ἀπό
415 1966 452 2005 σοῦ
463 1963 497 2004 καί
507 1964 579 2019 δεῦρο,
591 1961 664 2014 Ἀέτιε,
680 1959 694 2016 ῆ
705 1963 751 2020 περὶ
763 1967 832 2006 ἳθεοῦ
843 1962 893 2015 δόξα
904 1962 945 2007 ἀπό

160 2037 200 2075 τῶν
211 2036 253 2075 σῶν
270 2036 405 2088 συλλογισμῶν
415 2032 443 2081 εἰς
454 2029 515 2082 δόξαν
525 2034 567 2088 θεῷ
579 2029 709 2086 πεπόρισται,
730 2030 781 2075 κακοί
792 2030 840 2083 τοῦς
850 2032 946 2076 ἀνωτάτω

161 2098 202 2145 ῦπό
213 2105 251 2144 σοῦ
258 2102 364 2156 λεχθέντας
375 2099 456 2156 λόγους,
477 2100 510 2142 καὶ
521 2096 581 2148 αὐτός
592 2097 643 2155 πρός
653 2099 675 2142 σὲ
684 2098 850 2155 ἀποτεινόμενος,
870 2096 946 2158 συγχω-

162 2174 246 2227 ροῦντος
256 2174 293 2213 τοῦ
302 2173 365 2222 θεοῦ,
380 2168 405 2211 τοί
415 2170 449 2211 ’ίσα
459 2182 490 2211 σοι
503 2167 536 2210 καί
549 2165 610 2217 αῦτός
622 2169 799 2225 προςφθέγξομαι,
819 2165 850 2212 ότι
861 2167 946 2224 μηδενός

160 2243 202 2282 τῶν
213 2242 304 2281 παλαιῶν
314 2239 336 2280 έν
347 2255 367 2280 τε
377 2242 401 2296 τῆ
411 2240 487 2294 παλαιᾷ
498 2234 587 2294 διαθῆκη
600 2236 635 2278 καί
645 2236 666 2278 ἒν
676 2241 701 2295 τῆ
714 2241 775 2295 κοινῆ
787 2235 849 2294 ἀγίων
861 2235 946 2281 ἀποστό-

161 2312 211 2360 λων,
232 2305 377 2362 ῆπροφητῶν,
398 2309 456 2348 τοῦτο
471 2302 655 2359 3πεφρονηκότων,
676 2303 772 2359 ἀμείνονά
786 2321 807 2349 σε
819 2303 944 2350 αῦτόνέκα-

162 2373 235 2425 θιστοίς
251 2376 287 2417 καί
301 2372 364 2417 αὐτοῦ
378 2378 414 2417 τοῦ
428 2378 491 2426 θεοῦ,
511 2373 546 2416 καὶ
561 2371 647 2428 ἀσφαλῆ.
675 2371 725 2417 ’Auo'
738 2373 776 2430 γάρ
788 2379 826 2418 σοῦ
837 2376 871 2418 καὶ
885 2376 945 2432 δεῦρο

162 2444 272 2500 προςέλαβε
288 2442 310 2486 τό
324 2448 394 2496 θεῖον,
415 2440 443 2492 τίς
457 2440 509 2485 κατά
520 2440 555 2484 τόν
570 2440 607 2484 σόν
623 2440 693 2498 λόγου,
714 2443 742 2492 εἰς
755 2441 792 2497 τῆν
807 2442 870 2487 αῦτοῦ
879 2447 946 2487 πίστιν

161 2511 199 2567 τῆν
216 2511 381 2569 5συλλογιστικῆν
392 2510 466 2566 ταύτην
481 2524 518 2553 σου
530 2508 567 2565 τῆν
581 2513 715 2566 τεχνολογίαυ,
735 2511 757 2554 τό
773 2512 819 2568 περὶ
833 2510 944 2568 ἀγεννῆτου

162 2581 224 2637 λέγειν
238 2579 358 2639 στερῆσεως,
373 2582 407 2623 καί
418 2579 439 2623 τό
451 2583 556 2636 γεννητοῦ,
576 2579 610 2621 καὶ
622 2583 722 2630 παντελοῦς
731 2577 834 2636 ἀποβολῆς
842 2581 901 2632 ἕξεως
909 2582 945 2625 καὶ

162 2651 281 2704 μεταβολῆς,
303 2650 393 2705 καὶπερὶ
405 2647 455 2692 θεόν
466 2648 677 2707 κατονομασίαςέντῆ
690 2646 742 2691 κατοί
757 2646 793 2692 τόν
807 2647 859 2692 θεόν
875 2648 945 2699 οῦσίας

163 2720 293 2776 προςηγορίμ.
326 2715 378 2760 Οῦτε
393 2715 430 2774 γάρ
446 2715 480 2759 διό
489 2714 512 2758 τό
523 2713 559 2758 τόν
568 2714 620 2759 θεόν
629 2713 680 2761 εἶναι
693 2715 775 2761 πάντων
794 2718 890 2773 6κτίστην
904 2721 945 2761 τῶν

162 2785 211 2841 μετὰ
221 2784 256 2829 τόν
265 2790 364 2842 μονογενῆ
380 2784 453 2837 αὐτοῦ,
474 2785 509 2827 καὶ
521 2782 543 2827 τό
557 2783 614 2840 ἅγιον
628 2783 690 2829 αότοῦ
705 2790 794 2840 πνεῦμα,
813 2783 847 2828 διαί
857 2791 894 2841 τῆς
903 2789 944 2829 τοῖν

162 2854 297 2909 κεκτισμένων
310 2853 421 2904 συστιίσεως
434 2851 457 2896 τό
473 2851 587 2910 στερητικόυ
605 2854 706 2911 έφευρέθη
724 2858 764 2897 τῶν
783 2850 809 2897 οῦ
828 2852 944 2911 προςόντων

185 2994 201 3025 5.
215 2992 292 3036 συμπᾶσι
302 2993 338 3025 cod.
347 2993 413 3035 Ηλιαλίς.
585 2991 601 3025 2.
614 2990 654 3027 θεὸν
665 2993 700 3025 eod.
712 2993 779 3033 λλλιιλίς.

162 3037 202 3117 mlt-
215 3040 265 3071 Verba
274 3033 286 3082 ῆ
297 3034 403 3083 ἀπολλυμένη
414 3047 463 3080 supra
471 3047 503 3071 παι
514 3046 542 3070 αι-
586 3036 603 3070 3.
616 3039 731 3095 θοαὶμαισυια
738 3038 802 3072 videtur
808 3037 943 3105 πεφρονηκότες.
