1988 3392
155 230 183 272 68
444 238 526 273 ειιιιτι
538 237 654 272 τεινιιιινιι

154 331 207 370 χειν,
221 317 256 358 καί
267 314 292 370 δῆ
303 315 356 359 οὕτω
367 316 463 372 τετύχθω.
492 317 521 358 Εί
530 314 552 358 δέ
565 315 600 358 καί
611 316 673 359 έκεῖσε
685 313 745 357 πάλιν
756 313 791 358 διιί
805 320 842 370 τῆς
856 318 878 360 έν
888 316 941 379 αύτῆ

154 388 179 444 τῆ
191 381 289 444 οίπολογίμ
301 387 394 443 διαλογῆς
410 387 505 439 έσφαλταί
516 402 561 428 τινα
573 381 597 427 τιί
612 383 652 428 οὐκ
665 381 720 441 ύρθιί
735 380 860 448 ύπιίρχοντα,
880 385 941 432 πάλιν

155 452 250 504 ιδςαύιως
262 461 305 505 τοῖς
316 456 440 508 φιλομαθέσι
451 452 547 508 τετάχθω.
575 451 611 504 Ὡς
623 448 662 497 οὖν
676 459 716 497 τῶν
728 456 878 510 προειρημένων
891 455 941 499 ποίν-

154 541 194 567 των
203 522 240 581 τῆν
250 521 352 582 ύφῆγησιν
362 522 492 579 διεξήλθομεν
499 523 546 576 περὶ
556 527 593 567 τοῦ
604 521 667 567 αύτού
680 524 807 580 Μαρκέλλου,
823 523 941 583 παρελεύσο-

155 612 192 651 μαι
206 596 241 640 καί
256 599 338 649 τούτου,
354 594 388 638 καί
404 595 452 646 4είς
466 591 503 646 τοίς
517 594 563 650 ἑξῆς
576 594 744 651 διασκοπῆσομαι.

298 763 431 811 ΚΑΤΑ
467 763 791 823 ΗΜΙΑΡΕΙΩΝ,

264 840 405 904 πεντηκοστὴ
423 844 500 908 τρίτη,
517 840 533 906 ἧ
551 842 593 891 καὶ
611 841 741 905 ἑττακοοτῆ
759 844 830 908 τρίτη.
849 905 850 908 ¹

209 939 244 984 Ἐν
259 946 284 1002 τῇ
300 946 337 984 τοῦ
347 945 400 985 θεοῦ
412 941 497 996 δυνοίμει
511 933 564 986 1τού
574 939 652 999 Ἀρείου
665 940 690 985 τοί
702 942 777 997 σχέτλια
788 941 937 1000 διαρρήξαντες,

153 1012 188 1054 καί
203 1016 244 1062 τῶν
257 1009 297 1066 μετ’
309 1009 384 1064 αύτύν,
405 1012 540 1055 Φωτεινοῦτέ
552 1029 615 1066 φημι,
634 1009 683 1056 οίλλοί
695 1012 729 1054 καί
741 1012 871 1067 Μαρκέλλου,
891 1007 940 1072 ἒνηῖ

153 1078 214 1140 ύλίγηι
224 1082 280 1132 έδοξε
290 1085 488 1136 παρασεσαλεῦσθαι,
509 1079 524 1124 ίί
536 1081 557 1132 ἐξ
567 1077 659 1137 ύπαρχῆς
670 1080 764 1135 ἐξήμεσεν
775 1078 804 1131 νίς
812 1082 834 1124 έν
845 1082 912 1141 μέθῃ,
927 1079 941 1126 δ

154 1147 207 1205 ίινῆρ
218 1152 345 1207 προληφθείς
355 1150 439 1205 (γένοιτο
451 1150 472 1193 δέ
484 1148 531 1200 τούς
543 1148 607 1192 αὐτοῦ
619 1152 772 1205 διορθωθῆναι,
787 1151 807 1192 εί
816 1167 838 1206 γε
851 1149 939 1207 διορθεύ-

153 1228 235 1271 σοιντο),
251 1217 300 1261 ύλλοί
310 1220 344 1261 καί
355 1222 394 1260 τῶν
404 1219 424 1269 ἐξ
434 1217 499 1261 αιἰτοῦ
508 1222 545 1261 τοῦ
552 1216 634 1271 Ἀρείου
644 1218 778 1275 γεγενημένων
788 1216 813 1261 τοί
822 1218 896 1271 ζιζάνια
905 1217 940 1262 διαί

153 1291 189 1330 τοῦ
201 1289 260 1330 θείου
275 1286 336 1342 λόγου
351 1291 388 1329 τοῦ
399 1284 449 1342 ύπέρ
463 1291 530 1329 πᾶσαν
542 1284 640 1340 μάχαιραν
656 1289 749 1340 δίστομον
761 1289 876 1343 τομωιέρου
888 1289 939 1332 ἔκτε-

152 1353 225 1410 μύντες
239 1359 275 1409 τῆς
290 1356 310 1407 ἒξ
322 1354 385 1398 αὐτοῦ
397 1360 434 1398 τοῦ
445 1353 523 1410 Ἀρείου
534 1357 619 1408 φυείσης
628 1352 748 1410 ύλομανίας,
771 1354 938 1410 διασκοπῆσωμεν

152 1427 196 1472 πῶς
210 1440 262 1473 τινες
277 1422 437 1479 ῆμιαρείζουσιν,
458 1425 535 1467 ἐκείνου
545 1423 580 1477 μέν
588 1420 610 1465 τύ
622 1422 687 1477 ι’ίνομα
699 1421 829 1477 ιίρνούμευοι,
844 1422 906 1467 αύτύν
917 1424 939 1467 δέ

151 1491 186 1533 καί
198 1489 234 1545 τῆν
244 1491 308 1534 αὐτοῦ
319 1493 440 1541 κακοδοξίαν
453 1492 591 1544 ἐνδεδυμένοι,
613 1490 738 1546 προσχῆμυτί
747 1509 786 1534 τινι
798 1496 939 1546 προςποιητοῖς

155 1557 340 1613 2έπιττλασσόμενοι
355 1559 435 1609 ἑαυτοῖς
449 1558 472 1602 τύ
490 1558 600 1614 πρόςωπον
615 1556 759 1612 η’λλοιωμένου·
780 1556 808 1608 νίς
824 1557 838 1614 ἡ
850 1565 890 1603 τῶν
905 1560 938 1603 έπί

152 1631 229 1680 σκηνῆς
239 1627 349 1670 πέπλασται
360 1629 518 1683 δραματουργία,
534 1624 583 1675 α’ίςτε
595 1629 719 1683 προςωπίοις
729 1626 804 1682 ἑτέροις
815 1625 850 1678 τοίς
861 1629 939 1670 ἑαυτῶν

152 1692 359 1750 ίίψειςέπικρύπτειυ,
377 1696 412 1738 καί
428 1697 512 1739 ένδοθεν
528 1698 565 1738 τοῦ
576 1693 686 1749 προςοίπου
703 1690 727 1737 τοί
739 1699 774 1750 τῆς
790 1698 897 1755 κωμῳδίας
907 1697 937 1739 αι’-

152 1762 202 1821 σχραί
212 1781 233 1807 τε
244 1766 279 1807 καί
291 1765 356 1820 μέθης
368 1765 443 1820 έμπλεα
455 1767 580 1822 διηγεῖσθαι,
600 1762 615 1818 ῆ
627 1762 690 1814 ι’ίλλως
703 1762 820 1820 φερόμενοι,
836 1763 850 1821 ῆ
864 1779 938 1821 σχῆμα·

151 1839 280 1886 τοποιοῦντες
292 1839 332 1878 τῶν
342 1839 432 1878 παλαιῶν
443 1834 491 1886 τούς
502 1833 584 1890 μύθους
593 1837 633 1878 τῶν
642 1831 689 1891 παρ’
698 1833 768 1885 αὐτοῖς
778 1839 867 1892 ποιητῶν
878 1840 938 1880 τοῦτο

152 1906 299 1962 ἐργασαμένων.
317 1904 375 1948 Οίίτω
386 1906 421 1948 καί
432 1900 488 1948 οὗτοι
499 1908 577 1947 πλανᾶν
588 1905 689 1955 ἐθέλοντες
700 1903 747 1954 τούς
756 1903 870 1961 ἀκεραίους,
880 1904 937 1950 αύτοί

151 1976 187 2028 μέν
198 1976 236 2017 είσι
247 1976 281 2018 καί
293 1978 322 2031 τῷ
332 1972 433 2034 προςοίπηι
444 1976 516 2033 καὶτῷ
528 1972 577 2029 ἤθει
589 1975 623 2017 καί
635 1979 660 2034 τῇ
672 1976 781 2033 κακοδοξίᾳ
792 1972 938 2035 δποίμἍρειος

151 2045 185 2087 καί
197 2043 353 2101 Ἀρειομανῖται,
375 2046 440 2098 δῆθεν
456 2044 478 2087 δέ
493 2045 527 2086 καί
540 2046 644 2094 κολακείας
656 2044 714 2087 ἕνεκα
729 2041 832 2100 α’πατηλῆς
843 2043 879 2100 τῆν
890 2042 937 2101 παρ’
980 2081 982 2085 ,

150 2114 234 2164 ε’κείνοις
250 2111 414 2169 ὁμολογουμένην
433 2111 579 2167 ε’νδιοίστροφον
593 2114 723 2156 διδασκαλίαν
738 2120 871 2169 κατακοσμεῖν
891 2115 936 2157 έθέ·

150 2187 227 2234 λοντες,
247 2185 320 2236 κτίσμα
336 2182 372 2236 μέν
384 2180 419 2224 τύν
431 2181 477 2225 υίύν
488 2186 524 2225 τοῦ
533 2186 585 2224 θεοῦ
595 2197 663 2235 φασιν.
686 2180 731 2223 Ἵνα
745 2181 767 2224 δέ
780 2184 845 2237 δῆθεν
859 2182 937 2239 ἀπατῆ-

150 2264 211 2303 σωσι,
229 2251 263 2293 καί
281 2256 309 2308 τῷ
327 2253 365 2308 υἱῷ
383 2255 419 2294 τοῦ
435 2255 487 2294 θεοῦ
498 2269 517 2293 τι
527 2253 658 2307 χαρίσωνται,
679 2249 728 2305 μεττί
739 2254 830 2302 θωπείας
841 2257 883 2302 τοῖς
894 2250 935 2296 νίπύ

149 2318 257 2375 τοῦλόγου
267 2318 340 2361 τούτου
353 2320 502 2376 3πτνρομένοις
512 2318 632 2375 ίιγυρτωδῶς
643 2320 768 2375 ἐπιλέγουσιν
777 2318 815 2371 ὅτι,
831 2318 863 2363 ού
870 2337 937 2375 φαμεν

150 2389 223 2440 κτίσμα
240 2384 268 2436 ὥς
280 2389 305 2429 ’ὲν
318 2392 358 2429 τῶν
369 2387 491 2443 κτισμάτων,
511 2384 557 2430 ούτε
573 2387 661 2443 γέννημα
673 2385 701 2437 οἷς
713 2390 738 2430 ’ἓν
748 2392 788 2430 τῶν
801 2388 935 2444 γεννημάτων.

154 2452 182 2497 To*
193 2455 215 2498 δέ
226 2452 336 2509 ύμοούσιον
345 2456 418 2499 τέλειον
428 2454 556 2511 ἐκβάλλουσι,
568 2458 633 2510 δῆθεν
643 2454 671 2506 τίς
682 2454 785 2511 οίλλύτριον
796 2454 820 2500 δν
829 2462 866 2513 τῆς
877 2462 936 2509 θείας

150 2528 237 2580 γραφῆς.
268 2525 320 2580 Περί
336 2525 358 2568 δέ
369 2524 445 2569 τούτων
461 2526 482 2568 έν
497 2529 522 2584 τῆ
534 2522 585 2567 κατοί
597 2522 679 2581 ’Ἀρειον
690 2523 789 2582 α’κρύτατα
803 2528 935 2583 διελέχθημεν.

143 2590 190 2635 Ἵνα
205 2593 228 2636 δὲ
243 2594 296 2635 4καί
312 2592 384 2647 ὅμοιον
401 2592 482 2653 ὅτούτηι
498 2595 553 2647 ρ’ῆμα
567 2593 724 2649 προβύλλοιντο,
739 2596 760 2637 οί
769 2596 814 2650 περὶ
826 2600 935 2650 Βασίλειον,

151 2661 217 2715 φημί,
237 2661 271 2703 καί
289 2666 309 2703 Γ
307 2663 401 2719 εαίργιον,
418 2661 462 2713 θείς
475 2667 511 2716 τῆς
521 2659 641 2715 Ἡμιαρείων
652 2662 725 2717 ταύτης
737 2668 772 2717 τῆς
782 2665 876 2720 αίρέσεως
887 2683 935 2721 προ-

151 2728 231 2782 στιίται,
252 2731 326 2783 φασίν,
349 2728 380 2772 Οιί
395 2732 476 2788 λέγομεν
489 2728 608 2784 ιίμοούσιον,
628 2729 676 2773 οίλλοί
688 2728 811 2786 ύμοιούσιον.
837 2728 901 2777 Ἦσαν
913 2733 936 2777 δέ

173 2822 190 2856 4.
203 2822 228 2862 εἰς
239 2825 302 2856 uncinis
313 2824 373 2855 norant
385 2824 463 2857 Ρελαυῐιιι.
554 2827 598 2864 talo,
614 2825 718 2865 adscriptam.
742 2826 817 2857 Pennino
832 2827 849 2859 ιἰι
863 2828 935 2867 margine

175 2868 214 2901 Coo.
228 2870 271 2901 1.-
293 2871 304 2901 Ι.
317 2865 339 2901 τί
350 2864 417 2910 ’λρείον
428 2867 450 2904 τὰ
461 2870 532 2913 τηρ-δια·
554 2877 593 2901 τιατ
602 2871 674 2902 editionis
681 2871 764 2902 annotavit
772 2872 934 2914 ,ημττειρωμέιοιη

152 2909 234 2957 μείξαντες
245 2915 280 2947 conl.
294 2914 360 2955 λλλιιδλμ.
554 2914 603 2957 Lego
615 2913 730 2959 τιτορωμένοις
739 2914 765 2946 vel
775 2915 901 2960 πομοαμέιοιςλ·
917 2918 935 2952 ln

174 2965 191 2991 κ.
203 2961 247 2992 Libri
258 2961 307 3001 νιιλςο
319 2956 454 3002 ἐπιπλαζόμειοι.
555 2961 600 2992 codd.
612 2962 643 2994 len.
654 2965 668 2993 et
680 2962 756 3001 Rhodio,
773 2965 820 3002 atque
830 2964 847 2995 in
857 2964 904 2995 ennio
913 2965 935 2996 λε·

173 3003 190 3036 3.
206 3005 317 3049 τειρομένοις
333 3006 385 3046 recepi
400 3008 497 3048 scripturam
515 3007 532 3038 in
555 3007 598 3047 μίαν
612 3004 711 3050 τειρομένοις
749 3007 797 3038 Verbo
811 3005 870 3050 τιτύρω
886 3011 935 3042 onom

151 3051 223 3090 τιιυεηὶιιι
235 3053 303 3092 νοιυηλί
316 3052 413 3092 Schoniom',
429 3053 472 3093 ηιιοιλ
485 3061 533 3093 μενοι
555 3053 594 3084 alibi
605 3062 643 3086 usos
652 3056 673 3085 εει
681 3052 785 3092 Epiphanius,
796 3055 820 3085 ιιλι·
828 3054 872 3087 honr.
879 3054 935 3096 λλλλλ,

150 3105 176 3130 ιιι
187 3100 220 3140 est,
232 3099 296 3132 ικοοιλ
308 3100 407 3140 nescioquo,
422 3101 462 3142 τίμια
473 3099 532 3133 λλον·
554 3097 645 3141 ιλοδ,ύι.
664 3099 751 3133 Carnarius
763 3100 808 3133 vertit
820 3112 857 3135 cum
874 3111 945 3147 asson--
