1988 3392
251 213 435 248 renuentium.
447 214 503 249 ron.
511 216 532 249 u.
542 214 610 249 unua.
622 214 719 248 axxvnc
834 206 877 248 439

95 302 148 343 rent,
165 293 284 335 convenisse
297 293 421 349 postmodum
433 294 552 347 arbitretur,
568 295 617 337 nibil
629 294 726 336 eiusmodi
738 295 876 336 demonstrare

95 363 126 405 vel
138 361 240 402 declarare
252 361 347 417 quispiam
359 368 437 417 potest,
453 363 488 403 sed
500 370 522 403 ut
532 364 581 405 labis
592 363 656 405 omnis
669 370 786 418 expertem,
803 369 823 403 et
834 377 877 404 ma-

95 429 151 472 culae
167 428 273 469 salvatoris
290 429 353 470 nostri
366 437 442 484 partum
461 431 575 472 ostenderet
586 430 695 487 scriptura,
717 429 765 470 illud
780 430 875 471 asseruit.

95 495 228 553 Quamobrem
247 496 298 537 istae
310 509 383 547 voces,
405 498 449 537 Non
460 501 608 550 cognoca'team,
630 498 653 539 ad
669 498 721 538 illius
736 496 819 552 gloriam
831 511 877 553 spe-

94 571 156 607 ctant.
184 562 341 621 Primogenitum
353 579 403 607 vero
412 566 508 618 nominat,
520 580 544 607 eo
554 567 604 622 quod
616 574 661 608 ante
672 572 750 608 creatas
762 580 796 607 res
807 579 876 608 omues

93 635 172 694 genitus
180 642 222 687 cst,
238 642 271 688 ct,
292 634 352 678 utait
365 635 478 692 apostolus,
497 638 638 690 primogenitus
655 640 675 678 ta
689 638 756 678 multat
766 636 979 692 dubitantemque.

95 721 134 749 uon
151 711 243 762 respectu
258 706 282 748 ad
296 704 373 748 Mariae
392 706 465 748 liberos
479 706 558 758 babitu,
583 707 638 762 quasi
655 707 704 750 alios
719 707 753 749 illa
766 704 875 763 pepererit,

93 775 128 819 sed
139 774 162 834 ad
175 788 210 817 ecs
220 775 332 831 omnesqui
344 775 468 831 adoptionem
479 775 532 817 illius
541 775 638 818 beneficio
649 776 751 819 consecuti
761 783 815 827 suut,
831 789 876 817 cum

93 842 172 887 Mariae
188 843 238 886 lilius
254 844 362 885 seeundum
382 858 462 886 carnem
481 858 552 886 revera
570 845 617 896 luit3
639 858 664 886 ne
680 845 796 886 adumbrata
810 844 875 886 solum

93 912 170 968 speeies
182 926 228 953 csse
242 911 351 954 videretur.
382 897 446 968 lgitdr
457 912 600 969 primogenitus
618 926 641 954 ac
654 912 736 967 virginis
747 912 810 969 ipsius
824 913 875 954 lilius

93 980 209 1035 appellatur,
226 995 265 1021 uon
278 981 328 1035 quod
340 981 398 1031 alios,
415 981 443 1021 uti
453 981 508 1032 dixi,
525 981 599 1022 liberos
613 980 722 1036 pepererit.
753 980 833 1022 Etenim
845 988 876 1023 est

93 1048 184 1104 quiddam
194 1049 214 1089 in
224 1062 248 1089 eo
257 1061 332 1104 genere
343 1048 361 1089 ei
371 1048 435 1090 simile
446 1048 497 1103 quod
506 1048 664 1089 incarnationem
674 1048 791 1090 antecessit.
821 1047 875 1090 Nam

93 1123 114 1158 ut
125 1115 268 1172 primogenitus
280 1130 352 1157 revera
369 1117 430 1171 patris
445 1123 492 1157 ante
507 1123 618 1157 creaturam
634 1129 713 1156 omnem
724 1116 816 1157 extitisse
828 1115 876 1157 dici-

94 1192 138 1235 tur,
161 1196 225 1238 tneque
237 1190 303 1224 tamen
319 1183 363 1224 ideo
374 1184 425 1237 quod
439 1183 471 1225 alii
484 1190 529 1239 post
540 1184 604 1239 ipsum
617 1197 628 1224 a
639 1190 694 1239 patre
705 1175 768 1238 geniti
781 1184 822 1224 sint
836 1184 876 1237 pri-

93 1252 204 1307 mogenitus
220 1259 313 1303 vocatur3
334 1266 373 1293 non
390 1251 441 1292 enim
457 1252 538 1292 fratrem
557 1252 640 1293 alterum
658 1250 736 1302 babuit,
758 1251 829 1308 quippe
843 1251 876 1306 qui

93 1321 119 1364 sit
131 1320 251 1377 unigenitus.
283 1317 313 1361 lta
325 1327 344 1362 et
356 1327 449 1377 suscepto
462 1334 545 1377 corpore
556 1317 635 1362 Mariae
652 1319 795 1376 primogenitus
810 1320 877 1377 appel-

93 1392 155 1443 latur3
173 1389 251 1433 tametsi
263 1389 321 1432 unica
332 1389 375 1432 eius
387 1390 453 1446 proles
463 1389 566 1443 extiterit,
589 1403 652 1446 neque
662 1390 761 1432 secundus
773 1403 801 1432 ex
813 1403 838 1432 ea
850 1389 877 1432 sit

92 1460 120 1504 illi
136 1461 199 1502 frater
214 1460 308 1502 inlunem
324 1460 396 1502 editus.
427 1457 506 1503 Sileant
515 1459 587 1518 itaque
604 1458 694 1501 homines
707 1459 739 1500 isti
752 1460 784 1515 qni
800 1473 824 1501 ea
837 1458 875 1501 sibi

93 1531 168 1585 lingunt
186 1543 237 1585 quae
254 1529 361 1585 perniciem
381 1529 443 1583 magis
462 1543 519 1584 quam
535 1529 639 1570 utilitatem
655 1528 704 1584 ipsis
718 1528 817 1579 afferunt,
839 1529 875 1569 sed

93 1599 133 1650 ille,
145 1611 228 1652 quaeso,
240 1598 326 1638 lacessat
337 1611 401 1638 error.
433 1595 559 1652 Quicumque
569 1597 669 1638 dominum
681 1597 773 1647 honorat,
791 1596 876 1638 honorat

92 1673 113 1707 et
124 1672 227 1716 sanetum3
249 1666 281 1720 qui
298 1665 406 1720 ignominia
420 1673 509 1706 sanctum
526 1665 597 1716 allicit,
620 1665 702 1706 eandem
715 1673 735 1705 et
747 1664 827 1705 domiuo
838 1679 875 1706 suo

92 1734 219 1789 ignominiam
230 1733 321 1789 imponit.
353 1730 384 1775 Sit
402 1733 422 1773 in
433 1747 479 1774 sese
490 1731 556 1774 Maria
568 1732 693 1774 sanctissima
711 1732 744 1773 illa
756 1732 814 1787 virgo
829 1746 876 1774 vas-

92 1815 130 1857 que
140 1801 186 1842 illud
198 1808 355 1842 sacrosanctum.
387 1799 490 1842 Eiusmodi
500 1814 549 1841 vero
562 1801 655 1856 pestilera
666 1807 726 1855 atquc
738 1800 828 1841 exitialia
841 1801 876 1841 dc-

92 1876 158 1925 gmata
174 1868 248 1909 nullum
264 1867 322 1909 nobis
338 1868 423 1909 fructum
439 1868 537 1919 afferuut3
559 1882 635 1922 nosque
645 1868 696 1908 adeo
713 1867 875 1909 honorificentius

92 1939 116 1979 de
128 1937 160 1979 illa
171 1936 246 1978 sentire
256 1950 292 1992 par
302 1943 343 1987 est,
366 1949 391 1977 ue
406 1937 426 1977 in
444 1935 504 1976 animi
518 1935 644 1977 insolentiam
659 1942 693 1976 aut
706 1935 824 1977 discordiam
841 1942 875 1977 aut

92 2018 260 2063 supervacaneam
272 2004 411 2061 loquacitatem
423 2003 541 2046 incidamus.
569 2002 647 2061 Quippe
657 2007 680 2044 de
689 2007 807 2045 omrzr'otr'cso
817 2005 874 2045 cerdo
897 2015 955 2045 matu.

92 2080 195 2125 rotronem,
212 2082 234 2117 ut
247 2075 341 2131 scriptum
354 2081 396 2127 est,
412 2076 509 2115 reducam·
522 2089 594 2116 carmus.
627 2072 682 2130 Ergo
699 2074 801 2130 nosipsos
817 2087 875 2116 cure·
898 2052 951 2088 Μ

92 2160 147 2199 nius,
168 2159 234 2187 rernm
252 2150 363 2186 nostrarum
375 2151 501 2199 satagamns3
523 2158 575 2186 neve
589 2158 639 2200 quae
654 2142 717 2185 nostri
733 2144 812 2200 propria
827 2151 875 2186 sunt

92 2214 112 2256 in
126 2221 207 2257 sanctos
217 2214 349 2270 proferamus,
366 2221 399 2255 aut
410 2227 436 2255 ex
449 2212 565 2270 nobisipsis
575 2227 625 2269 quae
635 2213 659 2255 ad
668 2212 712 2254 illos
722 2213 822 2269 pertinent
832 2226 874 2254 me-

93 2283 126 2324 tiri
142 2283 234 2325 velimus.

150 2348 228 2406 Quippe
239 2350 328 2391 nonnulli
338 2356 384 2391 sunt
396 2349 430 2404 qui
444 2364 487 2391 oum
502 2350 526 2391 ad
539 2350 608 2392 luxum
620 2363 644 2391 ae
656 2348 736 2391 delicias
750 2350 806 2391 effusi
822 2350 870 2401 sint,
905 2352 946 2396 cap.

93 2425 113 2459 et
124 2418 256 2475 perniciosam
268 2424 353 2459 mentem
370 2417 510 2473 coticcperint‚
531 2417 575 2459 inre
586 2431 610 2459 an
623 2417 697 2459 iniuria
712 2425 792 2458 sanctos
804 2418 873 2458 iisdem

93 2486 193 2528 foeditatis
205 2485 287 2527 maculis
299 2499 405 2540 aspergere
419 2492 526 2538 conantur3
542 2500 581 2540 quo
593 2499 655 2541 pravo
668 2492 688 2526 et
699 2485 797 2526 imbecillo
809 2486 874 2527 antimo

94 2567 130 2594 suo
140 2554 244 2594 bonestum
255 2552 340 2607 aliquem
350 2553 437 2594 colorem
448 2553 573 2609 speciemque
582 2553 707 2608 conquirant.
739 2551 815 2595 Cotttra
825 2568 874 2609 quos

93 2623 195 2677 apostolos
205 2622 231 2662 ita
243 2621 340 2676 loquitur,
359 2623 416 2661 tenta
428 2636 491 2662 omnes
502 2624 618 2661 mea'sr'miles
627 2637 675 2662 esse.
706 2620 744 2664 [lbi
755 2622 788 2663 illa
801 2622 978 2674 verba,1.c⁰1.r‚r.

93 2692 135 2732 Mei
149 2693 220 2732 rituales
232 2704 283 2739 esse,
307 2689 331 2730 de
345 2704 383 2745 quo
397 2689 436 2732 alio
451 2705 509 2747 quam
525 2691 550 2732 de
562 2689 678 2732 castimonia
689 2690 817 2748 ittterpretari
829 2704 874 2748 pos-

94 2762 175 2803 sumus?
205 2763 272 2802 Verum
285 2767 365 2813 propter
375 2761 516 2815 fornicationes
535 2763 664 2815 rrrnsqrn'spne
677 2776 756 2802 oaorem
772 2763 872 2802 cormbe—
905 2775 945 2807 maa.

94 2831 143 2871 beot.
176 2827 216 2872 Sed
226 2832 246 2872 in
256 2828 317 2886 priori
327 2836 384 2886 parte
397 2844 506 2886 pronomen
516 2829 611 2881 detraxit,
628 2831 679 2886 quod
690 2830 812 2872 acerbiorem
824 2830 874 2872 alio-

94 2899 128 2955 qui
146 2898 322 2956 reprehensionem
340 2905 360 2938 et
377 2898 527 2955 castigationem
546 2899 635 2940 baberet.
671 2898 723 2942 Nam
743 2914 787 2941 cum
807 2899 873 2941 dicere

94 2975 174 3023 posset,
195 2971 276 3022 Propter
281 2970 423 3022 fornicationes
437 2976 522 3018 vestros,
543 2981 613 3010 vocem
626 2968 679 3010 illam
694 2977 767 3009 uermes
782 2969 873 3022 consulto

118 3057 159 3091 Gna.
168 3058 226 3090 xxu.
240 3077 262 3084 -
288 3058 301 3092 l.
313 3050 347 3103 ἆρα
358 3058 403 3091 codd.
414 3068 451 3091 mss.
