1988 3392
257 231 350 266 runcari
362 233 405 266 cin.
415 233 445 267 iu.
457 233 513 268 rom.
523 234 536 267 ι.
547 232 615 267 nasa.
625 232 683 268 Lxx.
834 225 859 266 31

79 311 133 356 iunio
147 312 288 354 traducemus?
302 327 346 354 eum
359 313 461 369 apostolos
472 314 492 355 in
503 312 692 356 illaConstitutione
702 313 729 355 ita
739 313 863 369 praecipien-

79 388 108 422 tes
120 380 234 422 audiamus:
256 378 295 435 Qui
307 381 401 423 afflixerit
412 381 496 424 animam
507 397 563 425 suam
574 382 672 424 dominica
683 381 726 434 die,
747 381 864 423 maledictus

78 455 108 489 est
119 448 165 489 deo.
198 447 286 490 Videsne
298 463 355 503 quam
369 455 439 491 exacta
450 450 476 490 sit
487 451 525 491 ista
538 450 589 492 ratio
601 464 651 505 qnae
662 450 740 490 illorum
750 449 863 491 sententiae

78 517 208 572 oppponitur‚
225 530 269 557 cnm
282 530 308 557 ex
321 517 423 573 apostolici
435 518 509 559 decreti
521 517 623 564 sententia
633 517 734 573 negotium
746 518 817 559 couliei
828 530 863 558 ne-

78 586 149 640 queat?
186 582 226 625 Sed
243 585 263 625 iu
279 598 339 625 sensu
355 583 525 641 intelligentiaque
542 593 583 627 tota
600 585 653 627 illins
670 584 768 640 dogmatis
788 585 863 626 veritas

78 650 181 703 coiisistit,
199 659 219 692 et
233 665 260 693 ex
272 651 380 707 apostoliea
392 653 424 694 illa
439 651 588 695 Constitutione
600 654 673 708 liquet,
690 652 809 694 concordiae
818 666 864 707 gra-

79 719 104 760 tia
121 719 151 759 sic
168 719 338 771 esse'deeretum,
362 727 383 761 ut
402 721 425 761 ad
440 720 593 762 consensionem
609 720 761 771 stabiliendam,
782 720 800 760 id
812 720 863 775 quod

79 800 144 828 {nexus
159 786 201 841 ipse
219 787 316 828 orationis
330 788 430 838 ostendit,
453 788 471 829 si
482 786 559 829 Pascha
575 789 713 839 celebremus,
735 790 825 841 adeoque
843 793 865 827 et

79 853 105 894 illi
117 853 227 905 celebrent,
243 861 286 908 post
296 854 443 909 aequinoctium
453 854 472 895 id
483 855 564 896 onaiiiuo
577 855 683 908 tacianum
700 855 863 910 quemadmodum

79 935 174 978 persaepe
186 921 288 964 nobiscnm
299 922 402 964 celebrare
411 921 437 963 illi
449 922 522 964 solent.
553 919 605 964 Cum
616 923 695 965 interim
706 930 727 965 ει
737 929 784 966 ante
795 923 863 979 aequi-

79 991 165 1032 noctium
182 991 295 1031 eonl'ectnm
311 990 330 1031 id
344 990 368 1031 ab
383 990 422 1031 illis
434 997 553 1045 peragatur,
575 1004 619 1031 euni
633 991 726 1032 videlicet
737 992 774 1032 soli
786 990 864 1033 Pascha

78 1072 135 1101 suuni
146 1057 227 1100 obeunt.
260 1056 318 1114 Quod
331 1058 348 1100 si
362 1073 398 1100 iios
410 1072 448 1101 uua
461 1058 598 1111 celebremus,
615 1059 635 1101 iu
646 1059 730 1101 eundem
742 1074 814 1102 aritium
825 1060 863 1101 duo

79 1126 177 1171 Pascltata
195 1127 253 1171 uobis
274 1128 388 1180 iacturam,
416 1135 462 1171 aitte
479 1127 583 1180 videlicet,
610 1135 690 1184 etpost
708 1128 862 1185 aequinoctium.

79 1196 130 1240 Tum
145 1212 198 1240 acino
209 1204 305 1255 sequente
322 1212 347 1240 ne
360 1212 420 1240 uuum
432 1197 510 1254 quidem
521 1197 666 1240 celebrabitur:
688 1212 751 1254 eoque
764 1199 822 1240 modo
834 1198 864 1240 in·

79 1268 168 1310 stitutum
185 1281 244 1310 omne
261 1274 349 1309 nostrum
370 1281 447 1309 summo
464 1281 508 1308 cum
525 1281 595 1309 errore
611 1267 737 1309 coriiunctum
755 1268 865 1310 averitate

79 1337 158 1394 penitus
169 1336 291 1379 abhorrebit.
317 1335 395 1378 Etenim
407 1342 452 1377 aitte
464 1335 611 1391 aequinoctium
623 1338 709 1379 rnoiidum
720 1351 785 1379 auritis
795 1337 864 1394 imple-

80 1413 111 1448 tus
122 1412 165 1458 est;
181 1419 245 1462 neque
258 1405 366 1461 legitimum
378 1405 501 1447 circuitionis
511 1404 564 1447 illius
577 1412 666 1462 tempus,
688 1407 738 1461 quod
752 1422 764 1449 a
779 1407 816 1447 deo
829 1406 864 1447 bo·

79 1474 164 1517 minibus
175 1473 313 1531 praestitutum
323 1482 362 1526 est,
379 1475 491 1516 conlectum
502 1481 589 1530 putatur,
602 1471 797 1530 nisi'aeqninoctium
807 1489 862 1531 prae·

81 1544 164 1586 terierit.
887 1600 889 1602 V

137 1611 182 1667 Qua
194 1612 218 1653 de
229 1626 252 1653 re
264 1612 320 1668 plura
332 1626 344 1653 a
356 1611 413 1653 nobis
425 1610 578 1653 commemorari
591 1618 681 1667 possent,
697 1625 724 1653 ex
736 1611 807 1668 quibus
817 1625 866 1654 con·
874 1619 963 1663 capitu.

79 1687 141 1722 staret
158 1680 245 1722 maiores
260 1687 340 1721 nostros
354 1678 486 1721 saluberrimo
501 1679 597 1731 consilio,
619 1679 663 1721 sive
680 1680 745 1735 potius
758 1681 815 1721 deum
830 1694 866 1735 per

79 1748 123 1790 illos
141 1748 286 1804 religiosissimi
303 1747 355 1789 illius
372 1762 395 1788 ac
414 1748 535 1789 sanctissimi
555 1748 593 1789 diei
610 1748 723 1790 celebrandi
739 1748 866 1790 accuratissi-

80 1831 130 1858 mam
145 1818 250 1858 tradidisse
268 1815 379 1867 rationem,
401 1823 422 1856 ut
435 1815 527 1857 nimirum
548 1823 593 1872 post
609 1815 755 1871 aequinoctium
771 1816 864 1867 iniretur,

79 1885 157 1940 quoties
177 1884 235 1927 lunae
255 1884 332 1926 decima
350 1891 421 1938 quarta
439 1884 482 1925 dies
501 1883 611 1935 iniciaret,
634 1898 673 1926 non
690 1891 712 1925 ut
725 1885 769 1940 ipsa
789 1884 866 1926 decima

80 1960 148 2008 quarta
166 1958 281 2008 peragatur.
311 1951 365 1993 Nam
380 1950 448 1992 ludaei
464 1951 542 2006 quidam
559 1954 637 1993 unicam
653 1953 703 1993 diem
718 1953 838 2003 observant3
854 1966 866 1992 a

80 2020 137 2061 nobis
152 2033 200 2061 sero
212 2035 251 2061 riou
267 2019 337 2070 uarius,
359 2020 393 2059 sed
409 2019 500 2072 integrae
516 2020 644 2061 hebdomadis
657 2020 748 2061 habenda
760 2021 811 2061 ratio
825 2028 864 2061 est.

81 2086 113 2129 (lb
129 2088 148 2129 id
165 2088 199 2129 lex
214 2088 256 2142 ipsa
271 2087 326 2128 velut
341 2094 418 2141 tempus
436 2086 559 2138 diffundens,
581 2090 699 2138 Accipimus,
721 2087 797 2141 inquit,
813 2088 967 2130 pabescimus.

80 2169 151 2207 agnum
164 2157 287 2203 anniculum,
308 2155 460 2201 immaculatum,
481 2155 598 2207 perfectum,
615 2168 631 2202 ,ιι
645 2156 718 2193 decima
736 2156 767 2193 dcc
786 2157 863 2202 mensas,

81 2237 135 2276 quem
150 2237 184 2263 vos
193 2224 294 2263 servabitis
311 2236 370 2274 usque
382 2224 408 2261 cd
422 2223 512 2261 decimum
524 2229 624 2274 qtcurtcm5
646 2228 666 2260 ct
679 2221 800 2260 immolabitis
811 2222 865 2260 illum

81 2293 107 2330 ad
122 2305 219 2343 vesperam
235 2293 307 2330 decimu
322 2296 391 2342 qacnrta
406 2291 437 2328 die
453 2291 535 2336 mensis,
557 2288 594 2328 lioc
608 2294 639 2329 εει
650 2288 717 2328 lunae.
748 2286 835 2328 Proinde
846 2287 866 2328 id

82 2357 180 2400 ecclesiae
192 2357 316 2400 consuetudo
329 2355 402 2397 retinet
417 2361 438 2396 ιιι
449 2353 554 2398 Paschatis
568 2357 652 2406 festum,
670 2355 707 2396 boc
719 2362 749 2396 εει
761 2354 867 2396 bebdoma-

82 2425 126 2468 dem
138 2425 163 2469 ab
175 2425 271 2483 apostolis
287 2424 307 2466 in
319 2425 353 2467 illa
365 2421 513 2466 Constitutione
530 2424 651 2480 praelixam,
674 2437 686 2465 a
697 2423 784 2465 secunda
796 2423 868 2465 sabba-

83 2501 148 2536 torum
161 2495 264 2536 eelebrare
279 2494 372 2549 incipiat,
395 2506 446 2547 quae
459 2493 501 2533 dies
512 2493 558 2546 agni
570 2500 600 2533 est
611 2492 706 2546 emptioni
716 2493 776 2533 dicta.
808 2491 867 2546 Qraod

83 2562 100 2605 si
110 2560 172 2606 XlV.
183 2562 241 2606 lunae
253 2561 296 2604 dics
309 2561 329 2604 in
343 2557 371 2603 ll.
383 2559 510 2603 sabbatorum
527 2559 614 2613 incidat,
636 2559 723 2602 indidem
738 2558 785 2616 agni
799 2560 867 2602 immo·

83 2631 136 2675 laudi
152 2638 229 2690 tempus
244 2631 325 2688 iucipit3
346 2629 390 2674 sive
401 2629 421 2672 in
432 2627 471 2672 lll.
483 2629 623 2683 sabbatorum,
640 2628 715 2673 sivein
728 2627 775 2682 lV.‚
791 2624 867 2672 sivein

83 2700 122 2756 V.,
137 2700 181 2745 sive
193 2701 213 2744 iu
225 2714 359 2759 parasceuen,
375 2699 449 2742 sivein
461 2699 563 2742 sabbatum
574 2699 651 2756 ipsum,
667 2699 825 2756 quandoquidem
837 2696 868 2741 Vl

83 2842 184 2883 Epiphanius
198 2843 221 2873 est
236 2840 284 2875 ettam
298 2847 336 2871 usus
350 2839 367 2870 in
381 2840 431 2879 Epist.
443 2839 466 2870 cd
488 2839 533 2870 vertit
543 2836 561 2868 in
572 2836 647 2869 medium
659 2835 714 2880 agitur
724 2834 828 2869 sacrificium.

84 2888 171 2927 Acacium,
183 2890 197 2919 et
207 2886 251 2926 infra
262 2894 298 2925 cap.
309 2881 333 2915 14.
511 2882 527 2917 4.
539 2884 584 2915 Libri
595 2884 642 2924 vulpe
654 2880 679 2917 δὲ.

107 2932 123 2965 2.
137 2933 187 2965 terna
203 2928 212 2965 d
226 2926 277 2973 νόμος
288 2930 346 2961 omisso
362 2932 399 2961 sunt
413 2931 430 2961 tn
440 2929 464 2961 cd.
511 2929 527 2962 5.
538 2926 613 2971 τετράδι]
630 2928 667 2960 edit.
679 2928 731 2968 princ.
745 2922 819 2969 τετράδα
834 2927 869 2959 cod.

84 2976 140 3010 Peleo.
153 2978 227 3009 cataniae
237 2978 284 3016 repet.
616 2973 635 3008 δν

487 2997 554 3037 Rbedip.
565 3006 617 3037 τετρα
645 2996 679 3027 eod.
692 2995 725 3027 len.

108 3022 125 3055 3.
141 3023 166 3055 tto
184 3022 221 3054 titii
239 3029 297 3053 oannes.
314 3020 370 3053 Petcu.
382 3021 465 3052 annotavit
510 3039 527 3075 6.
541 3037 666 3086 προσαββάτων
677 3040 722 3073 wad
734 3049 772 3073 mss·

85 3065 191 3107 „Commius
204 3065 247 3110 legit
262 3064 287 3105 εἰς
303 3063 375 3109 pscium
397 3066 413 3098 Is
424 3066 465 3097 enini
