1988 3392
272 248 330 283 Τονττ
341 248 426 283 υτιοτιο
437 249 493 284 τετε
505 246 635 283 νοστεττοα.
803 236 844 278 633

66 342 120 367 νονται
130 327 161 364 καί
172 328 247 373 λέγουσιν
257 323 294 372 ότι,
312 325 373 374 Ταύτη
385 331 407 374 τῇ
419 325 457 375 ώρηι
468 329 543 374 σήμερον
554 324 638 373 ῆΚόρη,
654 326 739 362 τουτέστιν
750 322 764 370 ῆ
775 325 847 369 Παρδέ-

67 399 95 427 νος
104 384 184 430 ἐγέννησε
195 383 224 420 τόν
235 385 298 420 Alam.
321 384 378 420 Τοῦτο
388 385 408 420 δὲ
418 385 448 421 καί
459 386 476 421 ἐν
485 386 546 432 Πέτρᾳ
560 386 584 431 τῆ
594 383 643 420 πόλει
655 381 768 427 (μητρόπολις
777 383 798 419 δέ
809 381 847 417 ἐστι

65 444 98 487 τῆς
107 438 199 487 ’Δραβίας,
216 437 256 485 ῆτις
268 440 313 477 ἐστίν
321 437 402 486 Ἐδόμῆ
413 441 430 477 έν
439 447 477 481 ταῖς
487 443 568 488 Γραφαῖς
578 439 710 487 γεγραμμένη),
726 438 743 475 έν
753 441 778 485 τῷ
789 438 847 474 ἐκεῖσε

67 498 140 544 εἰδωλίῳ
150 494 206 538 οὕτως
213 497 287 543 γίνεται,
299 497 329 533 καί
339 495 424 544 Ἀραβικῆ
435 498 519 545 διαλέκτῳ
530 498 620 544 ἐξυμνοῦσι
628 495 660 540 τῆν
669 495 762 540 παρθένον,
774 497 846 532 καλοῦν-

66 569 95 597 τες
106 552 160 600 αύτῆν
175 553 265 601 Ἀραβιοτί
274 555 364 601 ιΧααβοῦ,
380 555 465 591 τουτέστιν
478 554 547 600 Κόρην,
563 552 615 601 ἤγουν
630 553 730 599 Παρδένον,
748 553 778 589 καί
787 552 817 589 τόν
827 552 847 595 ἐξ

67 612 121 656 αὐτῆς
131 612 251 657 γεγεννημένον
260 611 358 658 Δονσάρην,
369 613 455 649 τουτέστιν
464 613 552 657 Μσνσγενῆ
564 614 593 648 τοῦ
605 610 696 649 δεσπότου.
720 609 777 646 Τοῦτο
787 608 807 647 δὲ
816 610 847 646 καὶ

66 670 83 706 ἐν
93 666 171 715 Ἐλούση
188 669 251 713 γίνεται
262 670 285 715 τῇ
294 667 344 706 πόλει
358 666 396 706 κατ’
406 669 472 714 ἐκείνην
482 668 513 714 τῆν
524 668 586 710 νύκτα,
603 667 628 709 ώς
638 668 677 704 ἐκεῖ
686 667 702 703 ἐν
712 668 735 713 τῆ
746 666 807 711 Πέτρᾳ
816 666 847 702 καλ

67 726 83 763 ἐν
92 722 217 772 Ἀλεξανδρείᾳ.
239 723 273 762 Ἐκ
282 727 347 763 πολλῶν
357 725 377 763 δὲ
387 723 522 772 ῆναγκάσλημεν
530 727 641 772 παραστῆσαι
649 724 678 761 διὰ
686 723 726 764 τούς
735 721 847 763 ἀπειλοῦντας

67 781 93 821 ότι
101 782 123 819 τοὶ
133 780 238 829 Ἐπιφάνεια
246 784 305 824 καλῶς
314 781 402 829 είρηταιῆ
413 784 494 829 ἔνσαρκος
505 782 582 830 γέννησις
592 784 621 819 τοῦ
633 783 721 827 σωτῆρος,
738 780 848 827 γεννηθέντος

66 839 118 878 αύτού
131 839 161 876 καί
170 840 278 886 ἐπιφανέντος
291 845 327 882 τοῖς
335 842 405 887 ποιμέσι
415 842 446 878 καί
453 842 479 889 τῳ
489 841 551 889 κόσμῳ
562 840 592 878 διὰ
601 842 634 887 τῆς
647 842 682 876 τών
693 838 771 886 ἀγγέλων
780 852 847 884 μαρτυ-

67 900 109 945 ρίας.
132 895 222 944 Ἐπεφάνη
240 898 260 935 δὲ
275 899 337 947 καὶτῆ
347 900 406 947 Μαρίᾳ
421 900 451 936 καὶ
462 900 487 945 τῷ
498 896 572 945 Ἰωοῆφ.
594 896 626 934 Ἐν
639 897 756 944 ἐκείνηδὲτῆ
768 894 806 944 ώρρ
817 896 847 933 καί

67 956 77 994 ό
87 954 143 1002 ἀοτῆρ
154 953 208 1001 ἐφάνη
218 955 236 992 ἐν
245 957 269 1004 τῇ
278 954 352 1004 ἀνατολῇ
362 961 398 997 τοῖς
406 954 474 1002 Μάγοις
482 956 514 1001 πρό
525 956 556 993 δύο
567 955 608 991 ἐτών
617 957 651 1001 τῆς
660 951 716 991 αὐτῶν
726 955 751 996 εἰς
760 953 847 1000 Ἰερουσα-

66 1013 103 1059 λὴμ
112 1013 143 1049 καί
153 1012 235 1059 Βηλλεὲμ
245 1012 330 1060 ἀφίξεως,
348 1010 377 1050 ύτε
387 1014 416 1050 καί
428 1010 505 1061 ἀκριβῶς
514 1012 524 1050 ό
535 1011 618 1058 Ἡρώδης
632 1009 733 1048 ἐπυνὶῒάνετο
744 1009 801 1048 αύτῶν
812 1014 846 1048 τῶν

66 1070 131 1116 Μάγων
141 1069 171 1106 τὸν
181 1069 240 1117 χρόνον
255 1072 284 1107 τοῦ
297 1071 377 1117 φανέντος
392 1067 474 1116 α’στέρος,
491 1070 521 1106 καὶ
532 1067 598 1115 ἤκουσε
608 1068 647 1114 παρ’
657 1066 714 1106 αύτώυ
726 1066 753 1106 ότι
763 1066 796 1106 ἀπό
809 1073 847 1106 διε-

66 1130 106 1169 τοῦς
115 1128 145 1163 καὶ
155 1128 253 1174 κατωτέρω.
273 1123 298 1163 Ὃ
308 1128 338 1164 καί
348 1126 390 1165 αύτό
402 1127 421 1165 τό
434 1129 483 1174 ῥῆμα
492 1128 526 1164 τών
536 1125 641 1174 Ἐπιφανίων
657 1127 729 1163 ἐποιεῖτο
739 1125 771 1172 τῆν
780 1126 847 1162 ἐπωνυ-

67 1185 105 1230 μίαν
119 1184 140 1221 ἐκ
154 1186 184 1221 τοῦ
198 1184 227 1222 τόν
238 1183 321 1231 Ἡρώδην
335 1186 389 1231 λέγειν
400 1187 429 1222 τοῦ
445 1186 525 1232 φανέντος
536 1183 613 1231 ἀστέρος.
635 1184 711 1222 Διότών
723 1184 754 1230 μὲν
764 1182 847 1230 λεγόντων

66 1239 102 1285 ότι,
120 1242 159 1278 Ποῦ
171 1241 216 1278 ἐστιν
226 1240 236 1279 ό
246 1242 326 1290 βασιλεῦς
337 1242 347 1280 ο“
357 1243 426 1290 τεχθεὶς
435 1244 469 1279 τών
478 1240 577 1284 Ἰουδαίους
595 1244 661 1288 είδομεν
672 1243 719 1287 (cod.
729 1243 803 1287 ίδωμεν)
814 1241 847 1287 γάρ

66 1297 118 1336 αύτοῦ
128 1297 157 1336 τόν
168 1297 232 1345 ἀστέρα
243 1300 260 1336 ἐν
270 1301 293 1347 τῆ
302 1297 387 1347 ἀνατόλη,
404 1301 435 1336 καί
446 1297 522 1346 ῆλδομεν
536 1302 651 1346 πρσςκυνῆσαι
665 1297 724 1347 αύτῷ,
741 1297 751 1336 ό
763 1297 847 1345 Ἡρώδης

66 1355 85 1393 οῦ
100 1357 140 1402 περὶ
156 1358 206 1401 ψιλοῦ
218 1354 302 1402 σ’νόματσς
313 1354 403 1403 ἀνθρώπου
415 1358 500 1405 βασιλέως
514 1358 533 1399 τό
547 1360 618 1404 πρᾶγμα
629 1357 724 1402 έσκόπησε.
747 1357 847 1401 Διανοηδεὶς

65 1414 98 1460 γάρ
110 1413 131 1451 τό
138 1416 213 1460 »πρᾶγμα
227 1415 257 1450 καί
269 1412 361 1460 δαυμάοας
375 1411 403 1452 ότι
414 1413 474 1452 πόλλοι
483 1418 559 1462 βασιλεῖς
573 1415 690 1461 ἐγεννῆδησαν
700 1415 717 1451 ἐν
726 1411 846 1459 Ἰερουσαλὴμ,

65 1472 133 1516 πρώτος
142 1470 202 1508 Σαούλ
213 1471 233 1507 ἐκ
244 1473 300 1516 φυλῆς
310 1471 401 1517 Βενιαμὶν,
413 1471 493 1516 δεύτερος
502 1473 557 1519 Δαβίδ
569 1472 589 1507 ἐκ
599 1472 656 1517 φυλῆς
664 1470 733 1512 Ἰούδα,
747 1471 777 1506 καί
786 1471 846 1507 τούτου
894 1483 900 1497 ²

66 1527 104 1569 υἱός
113 1529 205 1573 Σολομῶν,
217 1526 255 1568 υἱός
264 1527 284 1564 δὲ
292 1529 323 1564 τοῦ
332 1529 447 1574 Σαλομώντος
456 1527 538 1575 Ῥοβοάμ,
549 1529 580 1565 καί
588 1528 649 1564 τούτου
660 1528 694 1563 υἱοὶ
703 1528 748 1564 κατὰ
758 1527 847 1574 διαδαγῆν,

65 1585 96 1620 καί
106 1581 188 1621 ούδέποτε
199 1584 228 1620 ἐπὶ
238 1584 263 1620 ἐνί
272 1581 337 1620 τούτων
346 1586 444 1629 γεννηθέντι
454 1583 510 1630 άστῆρ
521 1584 587 1631 ἐφάνη,
604 1583 645 1622 ούδὲ
656 1584 721 1624 ἑλευσις
729 1582 796 1629 Μάγων
806 1584 846 1629 ἐγέ-

65 1654 101 1677 νετο
111 1641 139 1677 ἐπὶ
149 1640 168 1678 τό
181 1640 236 1677 ἐλθεῖν
251 1641 282 1676 καί
293 1644 409 1686 προςκυνῆσαι
418 1641 448 1677 τόν
457 1642 559 1687 γεννηὲέντα
569 1643 649 1688 βασιλέα,
666 1639 702 1678 ἀλλ’
714 1636 727 1685 ῆ
736 1641 776 1678 τότε
788 1639 845 1685 μόνου·

66 1695 105 1734 ὅθεν
116 1698 166 1734 τοῦτο
183 1695 293 1742 σκεψάμενός
303 1710 329 1738 τις
338 1698 368 1734 καί
378 1697 409 1742 τῆν
420 1695 494 1735 διάνοιαν
504 1695 557 1736 αύτοῦ
567 1699 596 1734 ἐπὶ
603 1698 635 1742 τῆν
646 1699 708 1743 γνῶσιν
718 1700 751 1743 τῆς
762 1696 846 1743 ἀληθείας

65 1751 157 1797 ῆκόντισε,
172 1752 232 1799 μαδιίν
243 1751 270 1790 ότι
279 1753 298 1790 τό
311 1759 381 1799 σημεῖον
391 1756 440 1790 τοῦτο
451 1753 482 1791 οῦκ
494 1753 584 1799 ἀνθρώπου
596 1754 653 1795 ἐστίν,
664 1753 708 1791 ἀλλὰ
719 1755 777 1799 κυρίου
789 1753 846 1799 μόνου.

66 1810 94 1847 Διό
105 1808 137 1846 οῦκ
147 1810 172 1846 ἔτι
182 1810 221 1855 περί
231 1811 315 1856 βασιλέως
325 1809 386 1856 η’ρώτα
397 1811 471 1856 ἐπιγείου
480 1807 494 1856 ῆ
505 1808 606 1856 ἀνδρώπου,
617 1808 662 1847 ἀλλά
671 1812 711 1855 περὶ
720 1812 807 1856 Χριστοῦ,
819 1811 846 1846 λέ-

65 1879 99 1911 γων
110 1872 147 1907 τοῖς
156 1870 276 1912 γραμματεῦσι
289 1868 319 1903 καί
328 1869 398 1912 ἱερεῦσι,
409 1868 448 1903 Ποῦ
461 1866 471 1904 ὅ
482 1867 560 1913 Χριστός
570 1869 648 1912 γεννᾶται
652 1883 658 1910 ;
681 1868 718 1903 Καὶ
728 1863 795 1913 ῆκουσε
805 1864 846 1911 παρ’

66 1920 132 1966 αῦτῶν,
143 1921 174 1960 Ἐν
185 1923 268 1968 Βηθλεὲμ
279 1925 312 1967 τῆς
320 1921 410 1964 Ἰουδαίας.
434 1924 470 1959 Καί
481 1923 527 1969 παρὰ
537 1923 568 1969 μὲν
578 1922 642 1960 τούτων
654 1923 744 1969 έρωτῆσας
754 1923 784 1959 τόν
795 1922 846 1960 τόπον

66 1979 118 2024 ἐγνω,
130 1979 177 2025 παρά
186 1979 206 2016 δὲ
214 1981 249 2016 τών
258 1978 324 2025 Μάγων
334 1978 364 2015 τόν
373 1978 438 2026 χρόνον.
460 1980 497 2015 Καί
505 1979 539 2026 γάρ
550 1979 580 2015 καὶ
588 1980 638 2016 αύτοί
648 1982 664 2016 σί
673 1977 733 2025 Μάγοι
740 1979 773 2024 τῆν
783 1981 846 2016 διετίαν

27 2064 28 2067 ¹
56 2031 82 2071 'ev
92 2033 137 2083 αύτῆ
149 2038 172 2083 τῆ
183 2035 242 2083 ῆμέρᾳ
254 2037 288 2072 τῶν
297 2034 403 2082 Ἐπιφαυίων
413 2038 438 2077 είς
447 2037 530 2081 Βηδλεὲμ
540 2037 615 2081 ἐγένοντο
625 2037 656 2073 καὶ
665 2036 687 2072 τά
697 2034 846 2081 δώραπροςῆνεγ-

65 2106 105 2135 καν,
120 2093 150 2129 καί
160 2093 191 2140 τῆν
202 2092 277 2139 σμύρναν
287 2093 317 2128 καί
327 2092 356 2129 τὸν
364 2092 427 2139 χρυσόν
439 2094 468 2129 καί
479 2093 508 2130 τόν
517 2094 588 2140 λίβανον.
611 2091 642 2129 Ἐν
652 2092 697 2140 αὐτῇ
709 2092 742 2139 γάρ
753 2095 776 2139 τῆ
787 2091 846 2140 η’μέρρι

65 2151 98 2186 τοῖν
108 2148 214 2197 Ἐπιφανίων
226 2151 245 2185 αἱ
256 2148 308 2197 α’ργαὶ
317 2148 399 2196 γεγόνασι
407 2152 473 2187 πολλῶν
480 2150 584 2196 πραγμάτων
596 2152 673 2196 σημείων
683 2153 716 2197 τῆς
724 2148 845 2196 Ἐπιφανείας.

41 2242 43 2248 ,
66 2205 114 2252 Αῦτη
126 2208 146 2245 δὲ
155 2202 275 2254 ῆνῆῆμέρα,
294 2207 318 2248 ώς
329 2204 365 2244 ἅνω
380 2213 458 2253 προεῖπον
474 2208 504 2244 καί
519 2204 600 2248 πολλάκις
615 2206 733 2253 ἀναγκάζομαι
746 2209 810 2254 λέγειν,
828 2209 846 2244 έν

66 2262 138 2313 ύπατείᾳ
148 2262 240 2302 Ὀκταυίου
256 2262 354 2311 Αύγούστου
366 2264 385 2302 τό
397 2265 533 2310 τριςκαιδέκατου
549 2265 579 2301 καί
588 2266 662 2301 Σιλανοῦ
677 2268 699 2313 τῆ
711 2265 743 2311 πρό
754 2263 801 2303 ἀκταί
812 2267 846 2302 Εἰ-

65 2322 99 2357 δών
108 2320 225 2368 Ἰαυυουαρίων
235 2321 279 2368 μετά
294 2326 383 2368 δεκατρεῖς
399 2320 466 2369 ἡμέρας
477 2325 511 2370 τῆς
520 2325 550 2359 τοῦ
561 2322 619 2369 φωτὸς
630 2323 659 2359 καὶ
669 2320 737 2369 ἡμέρας
748 2322 845 2369 ούξῆσεως,

64 2375 103 2424 ἥτις
114 2380 160 2417 ἐστὶν
172 2378 205 2417 ἀπὸ
216 2381 249 2427 τῆς
258 2382 324 2427 τροπῆς
331 2381 364 2425 τῆς
374 2382 482 2428 χειμερινῆς,
493 2382 578 2418 τουτέστιν
589 2378 623 2418 ἀπό
633 2382 667 2426 τῆς
676 2381 708 2426 πρό
720 2378 767 2418 ῦκτώ
778 2383 846 2419 Καλαν-

65 2438 99 2474 δῶν
109 2434 226 2484 Ἰαννουαρίων
237 2439 260 2485 βα
271 2451 323 2484 marg.
335 2440 397 2484 legitur
405 2441 438 2484 τῆς
448 2436 473 2475 κε’
484 2440 514 2475 τοῦ
524 2440 638 2487 Δεκεμβρίου)
650 2440 683 2480 ἕως
693 2438 749 2485 αύτῆς
757 2441 791 2485 τῆς
799 2453 846 2486 γενε-

65 2495 112 2531 &Meu
124 2495 154 2532 καί
163 2494 269 2543 Ἐπιφανίων
280 2496 358 2543 ἡμέρας,
375 2496 404 2534 διά
415 2496 443 2533 τόν
453 2496 586 2542 προδηλωδέντα
596 2497 647 2533 τόπον
663 2494 716 2533 αύτοῦ
725 2499 755 2534 τοῦ
768 2500 847 2544 σωτῆρος

65 2552 94 2587 καὶ
103 2554 137 2589 τών
146 2552 217 2591 δώδεκα
229 2552 283 2591 αῦτοῦ
294 2555 377 2600 μαλητιῦν
387 2554 416 2591 τόν
427 2554 563 2599 τριςκαιδέκατον
573 2552 647 2600 οἷριδμόν
657 2555 759 2600 πληροῦντα.
782 2556 846 2592 Γεννά-

64 2620 92 2645 τοιι
102 2603 131 2647 οῦν
142 2609 151 2647 ό
163 2611 221 2657 σωτῆρ
233 2613 367 2659 τεσσαρακοστῷ
383 2613 416 2660 (τῷ
426 2613 474 2646 deest
483 2613 501 2645 in
513 2612 560 2653 cod.)
574 2612 649 2659 δευτέρῳ
660 2612 694 2648 ἔτει
704 2614 740 2648 κτλ.
750 2614 811 2647 Venet.
824 2633 846 2639 -

65 2665 76 2699 ί.
86 2668 116 2701 ult.
133 2670 167 2705 τῶν
181 2669 284 2715 Ῥωμαίων,
302 2668 375 2717 ύπατείᾳ
388 2671 411 2716 τῆ
423 2670 576 2716 προγεγραμμένῃ,
595 2670 638 2714 μετὰ
654 2670 756 2706 είκασιεννέα
771 2671 801 2715 ἔτη
813 2672 846 2717 τῆς

65 2720 164 2769 Δῦγούστου
173 2726 217 2772 πρὸς
225 2724 320 2767 Ἰουδαίους
329 2727 426 2773 συναφείας.
442 2724 533 2763 Βασιλεύει
542 2725 562 2763 δὲ
573 2723 670 2772 Αύγονστος
679 2728 761 2773 δεκατρία
769 2728 799 2774 έτη
807 2729 845 2773 πρὶν

64 2775 79 2825 ἦ
89 2783 132 2817 Ven.

109 2841 211 2888 rasse.
234 2841 269 2876 λῖ.
287 2840 371 2878 Ἰουδαίαν
388 2842 459 2883 τελείως
473 2843 580 2886 συναφδῆναι
595 2839 690 2887 Ῥωμαίοις
703 2844 745 2875 Ven.
758 2863 779 2868 -
807 2843 844 2878 λδ.

64 2891 162 2941 Αύγουστος
172 2898 201 2934 ἐπὶ
208 2897 296 2943 τέτταρσιν
308 2898 362 2934 έτεσιν
375 2897 408 2935 ἀπό
420 2901 453 2945 τῆς
463 2896 515 2935 αύτοῦ
526 2899 614 2945 βασιλείας
624 2900 677 2935 πλείω
689 2897 758 2935 ἐλάσσω
767 2901 809 2932 Ven.
823 2919 845 2926 —-

64 2950 76 2984 l·
85 2953 102 2988 6.
119 2954 149 2991 καί
164 2955 208 3001 μέρη
224 2955 281 3001 φόρων
297 2954 391 3001 Ῥωμαίοις
406 2956 499 3002 τελούμενα
516 2955 544 2991 ἐπὶ
557 2955 600 3000 (ἐτει
612 2957 659 3000 cod.)
674 2956 724 2991 πέντε
735 2955 781 2991 έτεσι
790 2957 845 2992 πλείω

64 3006 133 3047 ἐλάσσω
143 3011 177 3053 ἕως
186 3014 215 3049 τοῦ
226 3013 266 3058 (sic)
277 3012 333 3048 τέλεον
342 3013 432 3059 παρεδόδη
443 3011 456 3060 ῆ
464 3012 540 3049 Ἰουδαία
550 3013 580 3048 καί
589 3011 675 3059 ῦπόφορος
684 3013 732 3058 (hinc
740 3013 846 3048 restituenda

63 3065 108 3110 vulg.
120 3068 186 3114 script.)
202 3068 260 3111 αῦτοῖς
274 3069 364 3116 γεγένηται
380 3070 486 3115 (τελεώτατα
500 3071 556 3115 deest)
571 3072 614 3104 Ven.
628 3089 648 3096 -
671 3070 707 3104 1.9.
719 3070 777 3103 Scribe
790 3071 847 3116 μέντοι

64 3131 89 3164 λε.
102 3142 124 3150 -
146 3126 189 3160 Ibid-
201 3127 310 3175 γεννηθέντος
319 3128 396 3174 Χριστοῦ
407 3130 450 3164 Ven.
461 3147 485 3155 -
508 3128 520 3163 1.
529 3129 555 3162 10.
567 3139 587 3163 τε
591 3153 597 3173 ,
608 3134 648 3172 post
658 3125 745 3171 έλλόντος,
759 3140 792 3166 om.
802 3131 845 3166 Veu.
