1988 3392
210 242 304 279 raunnu
316 244 359 279 ms.
367 245 397 279 nr.
408 245 464 280 rom.
475 247 497 281 n.
509 245 588 281 nxros.
600 244 644 280 arn.
657 243 754 280 carnot.
831 237 871 281 501

90 341 160 385 aquam
171 333 192 369 et
202 332 269 371 adrem
282 335 367 385 quatuor
382 342 428 371 esse
444 328 505 385 prima
523 329 574 372 dixit
588 329 697 381 elementa,
719 336 777 386 atque
788 328 874 372 iuimici-

89 398 135 440 tiam
150 397 254 440 elementis
272 397 475 454 omnibuspriorem.
507 397 609 455 Siquidem
625 397 683 440 initio
698 406 789 454 separata
806 413 830 441 ac
844 399 873 441 di-

88 473 162 510 stracta
175 474 244 519 erant,
261 467 336 522 inquit,
358 467 435 520 omnia,
458 482 510 509 nunc
522 468 542 510 iu
556 483 614 511 uuum
628 467 733 510 coniuncta
745 474 802 520 sunt,
824 482 873 510 eon-

87 535 152 577 ciliata
163 534 248 578 invicem
260 541 279 594 et
292 536 356 577 amica
375 531 460 577 reddita.
492 534 592 590 Quocirca
604 538 643 579 duo
654 543 701 579 sunt
712 536 766 578 iliius
778 537 872 592 opinione

87 603 195 661 principia,
211 604 282 660 visque
291 604 375 660 duplex,
398 603 500 646 inimicitia
512 612 533 646 et
543 605 640 659 amicitia,
664 619 746 661 quarum
760 605 799 646 ista
812 620 873 661 copu-

87 671 152 723 landi,
169 672 202 713 iiia
219 673 324 728 separandi
340 679 438 727 potestate
454 673 550 728 praedita.

144 738 270 791 Heraclitus,
295 738 388 780 Blesonis
411 739 474 791 iilius,
502 738 602 795 Ephesius
622 739 664 794 igni
685 740 782 794 originem
804 754 871 782 rerum

87 805 173 848 omnium
190 806 326 858 adscribebat,
342 806 363 847 in
379 807 502 862 eundemque
517 807 592 849 resolvi
607 807 689 862 putabat
704 809 778 849 omnia.

144 872 241 916 Prodicus
254 874 332 931 qnidam
350 875 449 916 elementa
464 873 494 916 IV
510 875 559 916 deos
575 875 692 932 appellavit,
715 874 762 918 inde
773 877 836 918 solem
852 884 873 918 et

86 945 160 989 lunam.
192 943 224 987 Ab
239 943 264 987 iis
278 944 331 987 euim
347 943 427 988 vitalem
443 943 463 986 in
479 943 545 987 omnia
561 944 600 987 vim
617 944 706 991 diffundi.

143 1013 201 1058 Plato
213 1014 343 1058 Atheniensis
358 1016 415 1058 deum
433 1022 453 1058 et
470 1015 573 1058 materiam
589 1029 612 1058 ac
626 1016 710 1058 formam
727 1016 869 1060 constituebat.

86 1085 182 1129 Mundum
195 1086 259 1142 ipsum
275 1092 295 1127 et
305 1086 421 1143 productum
432 1092 453 1127 et
463 1085 585 1141 corruptioni
598 1085 719 1139 obnoxium3
739 1087 824 1129 animam
836 1102 871 1129 ne-

86 1155 263 1212 queproductam,
285 1161 304 1196 et
315 1155 458 1207 immortalem,
480 1154 569 1210 adeoque
585 1154 672 1197 divinam
686 1154 792 1209 eredebat;
815 1156 871 1199 cuins

85 1223 182 1280 triplicem
194 1237 240 1266 esse
251 1230 339 1280 partem,
355 1223 433 1266 ratione
445 1224 522 1266 scilicet
533 1223 653 1280 praeditam,
669 1224 802 1276 irascentem,
824 1238 872 1266 con-

86 1292 228 1348 cupiscentem.
258 1291 345 1347 Nuptias
357 1300 377 1334 et
386 1306 462 1334 uxores
473 1291 595 1348 promiscuas
608 1305 653 1334 esse
666 1291 766 1344 omnibus,
784 1307 807 1334 ae
817 1307 872 1334 com-

86 1375 156 1402 munes
168 1361 260 1412 volebat,
279 1350 337 1401 nemo
351 1368 372 1401 ut
383 1360 475 1416 privatim
486 1360 590 1415 coniugem
603 1374 658 1401 suam
670 1361 765 1413 haberet,
782 1362 817 1402 scd
828 1362 872 1416 qui-

85 1428 133 1469 libet
148 1442 193 1469 enm
207 1427 320 1469 volentibus
335 1427 500 1468 consuetudinem
516 1427 605 1469 haberet.

142 1494 257 1550 Aristippus
274 1492 392 1550 Cyrenaeus
409 1494 474 1535 ventri
494 1494 608 1549 gutturique
630 1494 708 1535 deditus
728 1508 752 1535 ac
767 1495 871 1550 voluptua-

85 1561 128 1605 rius
143 1562 201 1604 finem
214 1562 291 1604 animae
304 1561 355 1604 dixit
368 1576 414 1604 esse
429 1561 550 1619 voluptatem
555 1578 561 1615 3
583 1575 621 1618 qua
634 1562 666 1618 qni
684 1562 768 1614 fruitur,
791 1562 870 1615 beatus,

86 1631 118 1689 qui
133 1631 214 1674 omuino
229 1637 298 1684 caret,
314 1630 463 1674 infelicissimus
478 1632 505 1674 sit
516 1645 540 1674 ac
550 1630 682 1674 miserrimus.
713 1628 745 1674 tta
754 1630 814 1689 vulgo
829 1646 871 1675 me-

85 1710 171 1746 morant.

143 1773 263 1817 Theodorus
279 1779 412 1830 cognomento
425 1772 503 1815 Atheus
521 1786 571 1829 quae
586 1773 661 1815 dedeo
677 1773 793 1815 dicerentur
807 1789 871 1831 nugas

86 1857 132 1886 esse
144 1857 210 1886 meras
222 1843 329 1886 arbitratus
342 1850 383 1896 est3
399 1843 469 1899 quippe
483 1843 540 1885 deum
554 1842 692 1903 esse-nultum.
724 1840 756 1885 011
767 1843 786 1885 id
798 1845 869 1898 furari,

86 1912 188 1969 peierare,
204 1926 276 1969 rapere
288 1912 383 1955 suadebat
395 1911 497 1964 omnibus,
519 1925 584 1967 neque
596 1925 632 1968 pro
642 1911 706 1968 patria
716 1919 798 1953 mortem
810 1927 870 1969 oppe-

85 1988 142 2033 tere3
158 1981 236 2023 unicam
247 1980 300 2022 cutim
311 1981 393 2036 patriam
405 1993 450 2022 esse
461 1980 566 2031 mundum,
590 1994 674 2035 eumque
687 1982 822 2022 tantummodo
833 1981 870 2023 bo-

86 2063 132 2090 uum
145 2063 191 2090 esse
201 2049 234 2104 qui
247 2050 273 2091 sit
283 2049 366 2100 beatus3
390 2047 479 2103 quisquis
495 2054 560 2088 autem
575 2047 647 2089 infelix
658 2055 724 2099 esset,
746 2051 824 2091 tametsi
837 2064 871 2092 sa-

85 2117 142 2171 piens
153 2118 216 2168 force,
240 2130 285 2159 esse
298 2117 420 2172 fugiendum.
452 2114 545 2170 Denique
562 2116 594 2156 vei
609 2115 737 2172 insipientem
750 2124 810 2171 atque
822 2132 870 2159 oon-

85 2190 181 2226 tumacem
197 2185 278 2226 divitem
294 2184 430 2225 asciscendum
446 2196 500 2223 esse.

142 2250 242 2306 Hegesias
259 2249 379 2306 Cyrenaeus
396 2249 502 2291 amicitiam
523 2264 547 2291 ac
567 2249 650 2304 gratiam
667 2249 755 2291 funditus
775 2250 869 2303 tollebat3

85 2332 122 2360 nec
136 2318 186 2362 ullas
202 2332 247 2362 esse
263 2318 350 2361 dicebat.
380 2315 433 2361 Nam
449 2325 483 2360 aut
500 2324 592 2373 egentem
610 2316 692 2360 alterius
708 2333 768 2374 opera
784 2317 836 2360 inire
846 2319 871 2361 ab

85 2402 110 2432 eo
121 2388 218 2446 gratiam3
235 2395 269 2431 aut
279 2387 354 2431 maiore
366 2386 457 2430 affectum
468 2386 565 2430 beneflcio
576 2386 665 2430 vicissim
677 2388 796 2446 rependere.
827 2386 871 2432 Ho-

85 2460 133 2502 mini
148 2460 200 2503 malo
217 2459 278 2502 vitam
295 2458 405 2517 expedire3
425 2457 509 2516 sapienti
528 2465 612 2501 mortem
627 2459 701 2502 aiebat.
731 2458 790 2503 Unde
806 2460 871 2518 aple-

84 2530 152 2587 risque
167 2526 320 2581 πεισιθάνατος,
335 2530 355 2571 id
370 2536 401 2571 est
416 2529 486 2571 mortis
502 2542 574 2571 suasor
589 2529 699 2585 appellatus
716 2537 755 2572 est.

141 2600 273 2642 Antisthenes
285 2612 296 2639 e
307 2598 393 2641 Thracia
405 2605 468 2641 matre
479 2598 565 2640 Athenis
577 2604 636 2640 natus
647 2599 730 2656 primum
741 2597 868 2653 Socraticus,

85 2667 155 2711 deinde
167 2666 257 2726 Cynicus
273 2667 348 2709 extitit.
379 2666 418 2710 Hic
429 2667 513 2710 aliorum
526 2667 603 2710 scelera
620 2681 643 2710 ae
655 2668 787 2725 turpitudines
802 2683 870 2711 aemu-

83 2735 119 2778 lari
132 2737 230 2779 neminem
242 2743 335 2792 oportere
349 2736 424 2777 docuit.
454 2734 538 2778 Urbium
551 2735 630 2777 moenia
643 2737 741 2779 adversus
752 2738 869 2779 intestinum

84 2805 205 2858 proditorem
220 2803 331 2855 imbecilla,
353 2805 431 2845 animae
443 2818 493 2846 vcro
508 2805 564 2846 firma
579 2812 599 2845 et
612 2804 731 2848 inconcussa
746 2806 825 2847 moenia
840 2805 869 2846 di-

84 2872 149 2913 cebat.

106 3002 124 3037 9.
137 3004 233 3049 ἕτερονηωι
244 3007 332 3040 habetcod.
342 3005 408 3046 Rhodia.
425 3008 465 3038 For·
488 3005 573 3039 tutitNon
587 3006 678 3039 convenire
685 3005 764 3038 aemulari
774 3005 819 3047 mala
828 3005 872 3040 alio·

83 3052 125 3084 tcsse
139 3053 240 3086 scribendum
255 3050 328 3095 ἑτέρων,
345 3051 387 3093 qrtod
404 3053 466 3085 Cornu-
489 3063 526 3086 rum
538 3057 566 3086 aut
578 3051 640 3086 alienas
652 3051 770 3097 turpitudines,

82 3098 182 3143 strenuoque
191 3100 268 3132 censuisse
277 3100 345 3141 uidetur,
354 3101 372 3131 ut
380 3099 408 3140 qui
415 3101 469 3131 truns-
