1988 3392
365 234 585 272 macaraaunaosrs,
828 234 868 275 581

86 314 119 357 nili
133 312 216 369 quadam
228 314 302 357 ferocia
319 315 362 357 ausi
376 325 429 359 suut.
459 318 513 372 Alii,
537 321 570 376 qui
582 319 699 362 audaciores
712 322 817 374 videntur,
842 335 869 364 cx

85 380 226 426 catholicorum
243 384 331 441 partibus
344 384 420 441 privata
429 387 467 429 sibi
484 389 570 432 faotione
583 389 669 432 eoullata
679 397 758 446 praeter
770 391 870 434 eeclesiae

86 452 255 504 consuetudinem,
272 468 295 497 ac
307 454 357 496 citra
367 456 467 510 generalis
479 458 557 500 concilii
567 460 669 500 decretum
682 460 760 515 eosqui
772 461 796 501 ab
807 461 869 502 Aria-

85 524 115 566 nis
127 522 151 564 atl
166 536 213 564 suas
228 530 295 579 partes
312 531 416 566 transeunt
428 525 499 567 iterum
515 527 616 583 baptizare
632 528 681 570 nihil
695 536 802 581 verentur,
824 544 868 572 enm

85 591 170 636 nondum
182 606 205 634 ea
218 606 259 645 res,
275 587 301 635 ut
309 592 363 646 dixi,
380 593 499 637 universalis
512 597 583 653 synodi
595 596 667 639 iudicio
680 598 748 639 decisa
761 599 800 650 sit;
816 600 868 655 quod

84 662 147 704 adhuc
158 661 223 717 populi
234 661 346 717 promiscue
357 663 380 703 ad
392 662 508 706 hodiernum
520 679 582 721 usque
592 673 669 722 tempus
682 667 800 719 habeantur,
816 669 869 711 iuter

84 745 133 787 quos
149 730 204 772 multi
217 731 295 787 quidem
308 739 355 773 sunt
366 732 468 787 catholici,
489 734 524 776 sed
536 735 580 777 liele
593 749 616 776 ac
628 750 664 792 per
677 735 822 778 simulationem
835 752 868 779 sa-

84 800 184 842 cerdotum
203 801 340 843 auctoritatem
358 810 479 857 sequuntur,
502 804 566 846 donee
582 806 696 847 execranda
715 805 747 847 illa
770 812 825 848 secla
843 806 867 847 ab

83 869 180 912 ecclesiae
190 871 292 912 consortio
301 878 427 926 segregetur,
443 879 465 913 ut
476 879 522 914 tune
532 872 605 929 aliquitl
618 874 641 914 de
652 874 685 915 illa
695 881 801 916 statuatur.
832 874 867 917 Ex

83 941 107 982 iis
119 939 151 995 qui
162 947 231 996 suapte
249 940 367 982 auctoritate
378 940 450 982 iterum
461 941 499 983 hoe
512 943 570 984 modo
581 942 684 999 baptizant
697 943 755 985 audio
769 945 867 1000 querulam

83 1010 102 1051 in
112 1007 177 1066 Lycia
190 1009 327 1066 presbyterum
346 1023 399 1051 esse.
431 1008 472 1053 Sed
489 1019 509 1053 et
527 1012 571 1053 aliis
587 1011 608 1052 in
624 1011 674 1053 locis
690 1012 818 1068 reperiuntur
832 1013 867 1056 alii

83 1078 114 1134 qui
128 1078 241 1133 singillatim
253 1093 276 1120 ac
288 1079 374 1136 separati
387 1092 457 1135 preces
469 1079 554 1132 obeunt,
577 1087 597 1122 et
610 1080 731 1135 reliquorum
744 1083 866 1124 communio-

83 1163 126 1190 nem
144 1162 222 1190 omnem
245 1155 348 1205 respuunt.
390 1148 431 1190 Alii
448 1149 527 1190 collaria
544 1148 581 1190 sibi
599 1156 679 1205 praeter
696 1150 794 1191 eeclesiae
809 1151 865 1206 leges

81 1217 191 1259 innectunt.
223 1215 288 1273 Quum
303 1219 327 1260 oh
345 1232 434 1260 caussam
451 1218 604 1274 disputationem
619 1232 697 1259 omnem
714 1218 750 1260 hac
765 1219 866 1261 sententia

82 1287 181 1339 conclusi,
204 1289 364 1329 Adulescentulus
375 1303 415 1328 esse
425 1290 478 1328 trullo
491 1303 569 1328 numero
580 1290 737 1341 comprehensum
760 1303 809 1344 quae
825 1288 865 1345 pri-

81 1363 127 1399 vato
140 1356 223 1398 consitio
236 1357 329 1399 audacter
344 1356 493 1412 insolenterque
506 1371 529 1398 sc
539 1363 623 1412 gerunt,
647 1371 686 1398 uon
701 1364 722 1398 ut
733 1357 781 1398 boni
792 1357 864 1413 aliquid

82 1433 240 1480 consequantur,
256 1433 291 1468 aut
303 1425 414 1482 sapientiae,
422 1425 442 1466 in
454 1439 500 1467 sese
512 1440 576 1481 genus
591 1424 670 1479 aliquod
682 1426 795 1481 expoliant,
817 1433 865 1481 puta

83 1494 209 1551 prudentiae,
231 1495 364 1546 fortitudinis,
384 1494 540 1550 temperantiae,
557 1493 653 1535 iustitiae.
684 1492 730 1549 Quo
742 1509 768 1536 ex
780 1509 864 1537 numero

82 1563 185 1620 tyrannico
203 1571 258 1605 more
276 1564 372 1619 quaedam
392 1563 513 1615 efferuntur,
537 1571 595 1619 atque
612 1576 623 1603 a
642 1563 727 1604 veritate
748 1563 863 1616 delleetuut,

81 1632 134 1675 nullo
150 1640 171 1674 ot
186 1646 269 1674 numero
284 1632 382 1674 contineri
398 1632 482 1687 possint.

137 1701 165 1743 At
176 1704 283 1755 singulares
294 1704 329 1742 ille
339 1703 425 1741 caletulo
436 1709 543 1757 sanctaque
555 1700 613 1755 virgo
626 1701 683 1741 deum
695 1701 812 1752 confitetur,
828 1714 864 1757 pa-

80 1777 129 1811 trem
145 1777 165 1812 et
180 1771 239 1813 lilium
255 1778 275 1812 et
289 1770 378 1827 spiritum
392 1777 494 1822 sanctum,
515 1776 591 1826 patrem
603 1770 724 1825 perfectum,
747 1770 807 1811 lilium
818 1783 864 1826 per-

80 1841 164 1891 fectum,
185 1841 293 1896 perfeetum
312 1838 402 1894 spiritum
418 1845 520 1890 sanetum,
543 1837 730 1883 consubstantialem
744 1838 862 1879 trinitatem.

81 1905 121 1949 Sed
131 1908 189 1950 lilium
201 1922 249 1950 vere
260 1922 272 1950 a
284 1914 338 1964 patre
349 1906 446 1963 genitum,
463 1914 483 1949 et
491 1907 582 1964 spiritum
593 1915 682 1947 sanctum
694 1920 704 1946 a
715 1914 770 1962 patre
783 1907 863 1962 filioque

81 1977 230 2029 nortalienum,
252 1977 372 2027 trinitatem,
393 1976 484 2030 inquam,
506 1990 557 2031 quae
574 1989 653 2031 semper
667 1975 705 2026 sit,
726 1989 790 2030 neque
804 1975 863 2016 ullam

81 2045 216 2088 accessionem
230 2045 306 2102 capiat,
323 2058 387 2099 neque
399 2044 502 2099 quiequam
515 2045 536 2086 iu
548 2057 594 2086 sese
607 2044 691 2085 inferius
703 2043 786 2096 lrabeat,
804 2057 864 2100 quae-

80 2128 117 2168 que
128 2115 151 2155 ad
165 2114 285 2169 singularem
301 2113 396 2154 unitatem
412 2113 531 2167 unicumque
548 2113 579 2153 dei
591 2126 614 2153 ac
627 2111 688 2167 patris
699 2112 817 2168 principium
830 2125 863 2153 re-

79 2182 161 2224 feratur.
193 2182 225 2223 Ab
236 2182 304 2223 callem
316 2181 421 2233 trinitate,
439 2188 507 2236 patre,
529 2178 601 2222 illinet
612 2180 682 2233 spiritu
694 2188 777 2231 sancto,
793 2188 862 2222 creata

80 2264 124 2292 esse
137 2257 219 2302 cuncta,
242 2264 291 2305 quac
306 2249 411 2305 aliquando
424 2264 462 2290 riou
477 2250 597 2299 extiterant,
620 2263 684 2304 neque
697 2264 741 2290 cum
755 2250 792 2290 deo
806 2255 860 2300 sunt,

81 2332 117 2360 uec
129 2326 175 2361 ante
188 2320 278 2370 lucrant,
295 2318 330 2360 sed
342 2332 353 2359 e
366 2318 427 2359 niltilo
438 2318 510 2373 aliquid
522 2332 566 2359 esse
578 2325 698 2373 coeperunt,
714 2332 726 2358 a
737 2324 804 2373 patre,
820 2316 861 2359 lilio

80 2395 187 2442 sanctoque
197 2386 267 2443 spirita
278 2387 379 2443 producta.
410 2385 470 2427 Hunc
480 2385 544 2442 ipsum
552 2393 627 2442 patrem
639 2393 659 2426 et
669 2385 729 2426 lilium
741 2392 760 2426 ct
770 2386 862 2441 spiritum

79 2462 179 2508 sanctum,
199 2455 273 2497 sanctis
290 2455 332 2497 suis
344 2468 379 2510 per
391 2454 454 2496 visum
466 2455 594 2510 apparuisse,
616 2461 709 2509 quantum
721 2469 793 2510 capere
807 2456 862 2511 quis·

80 2536 116 2577 quc
129 2531 217 2579 poterat,
234 2538 257 2565 ao
271 2538 306 2580 pro
316 2537 341 2565 eo
353 2537 376 2565 ac
386 2522 467 2564 cuilibet
477 2522 620 2564 conrmunioata
633 2536 669 2578 per
680 2522 804 2565 divinitatem
816 2538 861 2580 gra-

79 2590 106 2631 tia
116 2599 155 2644 est,
171 2607 229 2648 quam
240 2592 265 2634 iis
274 2591 366 2633 omnibus
378 2591 410 2647 qui
421 2591 548 2633 merebantur
559 2589 661 2645 impertiit.
687 2588 715 2631 lta
728 2592 790 2647 patris
803 2606 861 2650 aspe-

101 2772 117 2808 9.
130 2774 148 2816 ἐξ
160 2769 184 2811 uir
195 2786 227 2809 aaa
238 2777 326 2817 opaoseont
336 2775 382 2807 codd.
394 2784 431 2808 mss.
443 2778 458 2808 et
479 2785 516 2808 mss.
527 2778 542 2808 et
551 2775 587 2807 edit.
596 2776 648 2815 princ.
659 2770 795 2819 προῦπάρξαντα,
814 2773 859 2820 γινό-

78 2820 114 2853 edtt.
125 2824 177 2862 prtue.
481 2822 568 2865 persedit.
578 2822 640 2863 Petro,
652 2832 672 2855 eor
682 2824 754 2856 Panerr'o
762 2832 801 2864 pap.
811 2820 859 2855 1096.

102 2867 128 2899 tt).
140 2863 226 2910 dinturnis
235 2864 256 2901 ἐκ
266 2864 331 2909 πατρὸς
344 2867 378 2898 cod.
389 2867 456 2908 aleam.
503 2865 530 2900 tt.
542 2864 584 2902 eirea
595 2869 672 2901 omissum
688 2872 710 2901 est
723 2870 741 2901 ia
757 2870 793 2900 edit.
803 2869 859 2902 Peter.

102 2910 127 2944 tl.
140 2909 184 2957 αὐτῇ
195 2914 232 2945 edit.
244 2914 299 2945 Peleo.
481 2914 534 2946 Gelon.
545 2916 591 2954 repet,

102 2957 128 2989 1‘2.
141 2957 220 2993 ἐκτίσὲαι
231 2959 273 2991 editi.
292 2956 390 3000 κεκτῆσὲαι
400 2967 457 3001 morpo
504 2960 531 2992 15.
541 2957 611 2993 ἐδύνατο
621 2961 666 2992 codd.
677 2969 714 2992 mss.
730 2954 806 3002 ἠδύνατο
816 2960 860 2993 editi.

78 3002 406 3047 erat.relon.(oaeeeoe.rmts.2].t
429 3003 457 3039 ἐκ·
503 3003 529 3037 lii.
541 3000 594 3039 αὐτοῦ
606 3003 636 3040 διὰ
644 3006 677 3049 τῆς
688 3003 770 3048 aeorum
783 3016 859 3046 repensa·
911 3020 913 3031 ·

79 3046 137 3084 iteam
146 3052 181 3083 eod.
193 3052 224 3083 lea.
237 3048 336 3085 ἐκέκτισῖαι
347 3050 381 3081 eod.
391 3050 456 3092 thedtp.
479 3052 518 3084 dum
528 3051 556 3095 (ea
566 3053 638 3085 Penuria
647 3062 686 3096 pap·
696 3051 748 3096 1096)
760 3054 820 3086 sensuit
828 3054 859 3088 Pe-

102 3094 128 3130 13,
148 3094 288 3144 προϋπάρχοντα,
309 3092 393 3142 γενόμενα
411 3098 458 3132 codd.
479 3098 537 3131 tentus.
