1988 3392
166 236 208 277 314
453 245 536 279 ειαοτι
547 244 663 278 οτιειιιαιι

165 320 228 365 πολλά
241 322 266 364 τά
277 320 428 379 οίπαράλλακτα,
448 321 497 365 άλλά
507 322 521 378 ἡ
532 325 567 377 μία
578 321 635 379 τριάς
647 324 668 366 ἒν
678 324 761 378 μονάδι,
777 308 817 367 καὶ
828 326 864 376 μία
874 321 948 378 θεότης

167 393 188 434 ἐν
197 389 270 448 τριάδι.
303 390 333 434 Τά
349 390 366 435 δ’
378 390 426 434 άλλα
437 390 502 434 πάντα
518 392 640 447 ἀφέστηκεν,
659 390 705 436 οῦτε
720 391 862 450 αὐτοματισμῷ
880 393 949 447 έχοντα

166 458 189 503 τό
200 459 293 515 πάσχειν,
313 459 410 515 ἢποιεῖν,
432 458 478 503 οῦτε
493 466 529 516 τῆς
543 456 601 518 άγίας
617 460 698 518 τριάδος
710 463 732 504 ἒν
743 466 771 521 τῷ
781 480 799 505 τι
813 466 878 504 ποιεῖν
889 463 948 503 δυνα·

167 530 228 584 μένης
239 528 331 585 πάσχειν,
351 534 387 584 τῆς
398 528 444 584 ὅλης
460 527 557 580 άπαθοῦς
566 529 628 585 οῦσης
643 531 678 573 καί
690 534 840 587 προςκυνητης,
860 530 912 584 φημί
923 527 948 584 δη

166 598 286 655 πατρόςκαλ
299 600 345 641 υίοῦ
361 600 396 641 καί
415 596 473 655 άγίον
489 598 608 652 πνεύματος,
634 599 730 654 Ἐποίησε
741 598 779 657 γάρ
795 598 861 643 πάντα
877 596 889 642 ό
899 598 950 649 θεός

315 664 466 684 ’,τινί

167 667 192 712 δι’
202 672 261 720 υίοῦ,
282 666 316 710 άλλ
331 685 484 721 ονγιτονυιον.
513 665 543 710 Οῦ
553 666 591 725 γάρ
604 669 644 711 ἔστι
656 667 692 711 σῦν
706 673 760 712 πῦσι.
791 672 951 724 ’Συναπουργεῖ

166 736 204 794 γάρ
221 741 247 794 τῷ
262 736 334 793 πατρὶ,
354 737 388 778 καί
406 742 591 793 συμπροςκννεῖται,
623 734 674 779 Οῦτε
691 735 713 779 τό
730 735 787 794 δίγιον
803 740 887 792 πνεῦμα.
918 734 949 779 Οῦ

167 805 205 861 γάρ
216 803 332 859 ἀριθμεῖται
348 802 388 847 άπδ
404 804 496 856 πάντων,
517 811 594 859 στερεοῖ
609 805 631 846 δέ
642 803 678 858 την
691 804 776 858 δύναμιν
791 809 831 847 τῶν
847 802 948 856 ἁπάντων,

166 873 202 915 καὶ
218 878 403 928 σνμπροςκννεῖται.
436 876 481 915 Τῶν
496 873 517 916 δὲ
529 872 610 916 πάντων
624 871 664 916 ῦπδ
677 872 713 927 την
722 878 759 916 τοῦ
771 872 816 923 ἑνός
826 875 949 929 προνοησίαυ

167 941 323 997 ἐπιτεταγμένων
344 943 416 985 ἕκαστα
437 942 517 998 φέρεταί
533 959 554 984 τε
571 943 604 984 καί
622 940 714 999 πράττει,
737 940 807 996 πάσχει
820 941 842 984 δέ
861 943 896 984 καὶ
911 939 950 984 ὅσα

167 1011 228 1065 ἕτερα.
259 1008 297 1052 Διό
314 1009 375 1065 ἡμία
390 1009 447 1066 τριάς
460 1009 511 1066 πρός
525 1009 598 1064 έαυτήν
614 1008 774 1067 ἀπαράλλακτος,
795 1009 821 1053 τά
836 1007 950 1060 δέῦλλαέξ

166 1077 229 1131 αῦτης
238 1081 396 1135 παρηλλαγμένα.
428 1076 479 1121 Οῦτε
489 1077 527 1134 γάρ
536 1080 577 1121 έστι
585 1077 691 1135 σῦγχρονα,
706 1078 752 1122 οῦτε
763 1081 861 1121 συναίδια.
887 1078 950 1132 Μόνη

168 1146 190 1188 δὲ
200 1146 277 1196 άίδιος,
293 1147 328 1188 καί
338 1144 440 1198 άκτιστος,
456 1147 491 1188 καί
503 1145 619 1203 άγέννητος,
634 1149 682 1190 υἱοῦ
692 1148 728 1201 μὲν
737 1148 878 1204 γεγεννημένου
891 1143 949 1202 άγρό-

167 1231 208 1262 νας
217 1214 252 1256 καί
263 1213 365 1269 άνάρχως,
381 1213 412 1256 άεί
424 1214 446 1256 δέ
456 1213 524 1266 όντος,
543 1215 577 1256 καί
590 1216 688 1268 μηδέποτε
701 1217 836 1264 διαλείποντας
845 1218 881 1256 τοῦ
893 1211 949 1256 εἶναι.

161 1280 227 1323 Ὅθεν
242 1280 395 1336 ἠσφαλισμένας
413 1281 526 1336 8κεφαλὴν,
547 1283 582 1325 καὶ
596 1281 633 1325 οῦκ
646 1281 709 1338 ἀρχὴν
724 1282 759 1326 τόν
770 1283 845 1339 πατέρα
856 1287 894 1325 τοῦ
903 1284 951 1325 υίοῦ

168 1350 256 1400 ἐδίδαξεν
275 1347 287 1392 δ
302 1356 360 1400 θεῖος
378 1349 446 1406 λόγος,
470 1349 504 1393 διά
519 1348 541 1393 τό
557 1348 678 1404 όμοοόσιον,
698 1353 733 1394 καὶ
750 1351 822 1401 άϊδίας
840 1350 899 1401 όντος
914 1354 951 1393 τοῦ

84 1437 120 1467 pag.
127 1429 158 1459 εει.
168 1416 282 1473 πνεῦματος
294 1423 331 1462 τοῦ
342 1417 412 1476 άγίου,
434 1420 468 1462 καί
479 1420 500 1463 ἐκ
511 1417 587 1474 πατρός
597 1417 753 1476 άπεσταλμένον,
768 1419 800 1464 άελ
810 1419 832 1463 δέ
842 1417 879 1463 σῦν
890 1418 951 1477 πατρὶ

159 1481 305 1545 ’ὑπάρχοντος
320 1489 354 1531 καί
370 1487 397 1544 μη
412 1486 452 1532 άπδ
467 1487 541 1546 χρόνον
556 1489 675 1546 άρξαμένου.

224 1836 300 1881 Ἀετίου
311 1835 381 1891 κεφόλ.
393 1837 426 1888 λς’.
456 1839 485 1880 Ei
494 1836 515 1880 τό
528 1835 635 1894 άγέννητος
649 1837 683 1879 καί
694 1835 717 1879 τό
729 1834 778 1887 θεός
789 1837 811 1879 ἐκ
824 1836 951 1892 παραλλήλου

168 1905 190 1949 τό
206 1905 254 1949 αῦτό
271 1909 340 1960 δηλοῖ,
364 1904 506 1962 1όάγέννητος
521 1902 630 1961 άγέννητον
646 1907 754 1961 ἐγέννησεν.
783 1907 812 1947 Εί
823 1905 845 1948 δὲ
856 1903 923 1963 ἕτερόν
933 1922 953 1948 τι

169 1978 228 2029 δηλοῖ
239 1973 261 2017 τό
273 1973 392 2030 άγέννηπον,
414 1976 480 2030 ἕτερον
491 1973 543 2017 δέτδ
558 1973 618 2026 θεός,
639 1972 677 2017 οῦκ
691 1972 767 2017 άτοπον
782 1977 829 2031 2τῷ
841 1977 884 2032 θεῷ
901 1973 952 2016 θεόν

169 2044 315 2098 γεγεννηκέναι,
337 2044 431 2099 ἑκατέρου
448 2041 485 2097 την
500 2041 585 2098 ῦπαρξιν
602 2041 700 2097 λαβόντος
716 2044 737 2093 ἕξ
751 2038 861 2098 άγεννιίτου
876 2039 951 2090 οῦσίας.

169 2112 199 2152 Εἰ
207 2111 228 2153 δὲ
240 2109 278 2153 3τό
291 2109 330 2166 πρό
346 2115 383 2153 τοῦ
395 2115 447 2153 θεοῦ
462 2111 525 2164 μηδὲν
539 2113 580 2164 ε’ίη,
602 2109 666 2165 όίςπερ
680 2108 718 2153 οῦκ
731 2112 812 2162 4έστιν,
835 2107 907 2158 όθεδς
917 2109 953 2151 καί

169 2178 191 2222 τό
204 2178 312 2235 ἀγέννητον
324 2176 398 2221 ταῦτδν
414 2181 481 2233 δηλοῖ,
502 2176 527 2221 οῦ
539 2179 670 2235 προςιεμένου
681 2182 717 2221 τοῦ
729 2176 851 2235 γεννήματος
861 2176 884 2220 τό
895 2176 951 2233 ιἰγέν-

168 2264 236 2302 νητον,
267 2246 306 2290 Διό
317 2245 362 2289 οῦτε
376 2251 568 2299 ὓσννεκφιινεῖσθαι
577 2251 606 2305 τῷ
614 2251 658 2306 θεῷ
670 2247 703 2289 καλ
713 2248 773 2303 πατρί
785 2245 848 2289 αῦτοῦ
858 2244 952 2301 άνέγεται.

224 2385 303 2439 Ἀνατρ.
320 2384 392 2427 Πόθεν
406 2381 498 2437 βοόλεται
508 2381 562 2438 ἡμᾶς
572 2381 646 2433 Ἀέτιος
656 2385 833 2439 προςπορίσασθαι
843 2385 865 2426 έν
874 2383 953 2432 έαντοῖς

170 2453 205 2497 τόν
216 2458 265 2497 νοῦν
275 2457 314 2495 τοῖν
323 2450 358 2494 ὑπ’
369 2453 433 2495 αὐτοῦ
442 2453 601 2508 προτεινομένων
608 2450 710 2495 πνεῦσεαν
719 2456 759 2495 τῶν
768 2451 833 2495 αὐτοῦ
843 2455 952 2507 λογισμῦν;

171 2524 212 2564 Καί
224 2524 242 2564 εἰ
253 2522 288 2576 μέν
303 2521 377 2574 φάσκει
388 2523 410 2564 έκ
420 2525 521 2576 λογισμῶν
534 2522 568 2562 καί
583 2525 729 2577 συλλογισμῶν,
749 2526 836 2563 πεσεῖται
849 2521 885 2562 καί
894 2517 954 2573 ἡμῶν

171 2587 293 2647 όπορισμδς
310 2594 346 2643 τῆς
362 2586 460 2640 ῦπονοίας
474 2588 516 2644 ἅμα
529 2589 589 2647 αὐτῷ.
620 2587 672 2632 Θεδν
685 2588 722 2648 γάρ
738 2589 806 2640 οὐδεὶς
819 2590 953 2648 συλλογίσαιτο

170 2659 263 2712 πώποτε,
285 2659 331 2703 οῦιε
349 2661 390 2716 έρεῖ
399 2658 422 2703 τό
434 2658 515 2714 πλάσμα
525 2663 553 2718 τῷ
566 2658 672 2713 πλάσαντι,
696 2662 720 2702 Τί
731 2676 756 2714 με
767 2657 832 2709 οῦτοις
847 2660 953 2713 ἐποίησας,·

170 2729 221 2775 κατά
233 2729 255 2773 τό
271 2731 412 2788 γεγραμμένου.
440 2728 473 2781 Ἐξ
490 2729 584 2784 εὐσεβοῦς
600 2729 621 2772 δὲ
633 2734 729 2786 λογισμοῦ
743 2730 778 2773 καὶ
796 2732 875 2779 δικαίας
889 2726 953 2782 άσφα-

171 2805 224 2852 λείας
235 2801 269 2844 ἐπὶ
277 2798 314 2853 τὴν
325 2804 360 2842 τοῦ
371 2798 428 2857 άγίου
440 2799 553 2853 πνεύματος
563 2797 597 2844 διά
608 2804 647 2843 τῶν
658 2797 720 2857 άγίων
730 2804 815 2857 γραφῶν
826 2800 954 2842 διδασκαλίαν

172 2870 319 2925 άνακαμπτέου.
348 2871 427 2921 Λέξεως
439 2869 460 2911 δέ
471 2867 603 2925 άπαραβάτον
613 2869 747 2925 διδασκούσης
757 2867 811 2925 ἡμᾶς
823 2869 919 2926 περὶτῶν
929 2871 954 2926 τῇ

194 2955 210 2990 7.
222 2956 266 2988 Editi
277 2956 324 2997 υαιρο
336 2955 408 2987 mendose
420 2950 537 2997 σννηπιόμγει.
600 2955 614 2987 l.
627 2955 681 2994 Supra
692 2950 782 2997 ἀγέννητον
793 2949 888 2997 οἷγέννητος.

385 2997 402 3035 λδ
599 2999 616 3033 2.
629 2997 649 3034 δὲ
657 3001 737 3040 particula
742 3022 748 3039 ‚
760 3008 800 3040 ρααε
809 3000 824 3032 λ.
836 3001 846 3032 l.
855 3001 872 3032 ιἰι
881 3000 915 3033 τοία
924 3001 954 3033 Ρι-

195 3035 212 3070 8·
230 3033 307 3080 κῑφαδῆλ
323 3035 379 3087 (Qu
412 3032 553 3075 ⁰⁰d11⁹¹¹=)⁰⁰dd·
576 3046 955 3086 ιαυίι·ιαλιιονι,αιεαμιαίαοοιαὲοαελῶιίε,

172 3103 209 3127 mss.
221 3097 284 3138 uterque
296 3097 310 3126 ιλ
321 3094 358 3127 τίτί.
370 3094 425 3126 petav.
438 3089 536 3137 κεφάλαιον.
575 3096 611 3126 αισι
626 3093 650 3137 τῷ
664 3090 700 3136 θεῷ
715 3093 773 3124 ἱκετεία
790 3093 857 3135 λογίαι,
875 3093 919 3124 τοτα
933 3091 954 3123 ab
