1988 3392
241 241 335 278 rinnau
346 241 389 275 nie,
402 243 431 276 in.
443 242 498 276 root.
509 243 530 276 u.
541 241 610 275 nunu.
620 240 719 274 cxxviii.
826 231 868 272 425

88 326 119 370 nis
133 322 327 379 adumbrationisque
337 321 402 377 gratia
413 322 464 378 quod
475 323 530 378 regia
542 322 637 379 quaedam
649 320 726 363 insitio
736 320 794 363 leone
805 319 869 376 digni-

87 403 129 445 taS,
152 392 217 446 sitque
231 391 343 433 aiiimalinm
362 390 449 432 omnium
465 391 617 432 auidacissimum
634 404 657 431 ac
673 390 801 431 fortissimum
816 388 870 431 etin

87 460 160 505 ceteris
172 459 263 501 omnibns
275 465 356 514 aspectu
372 458 545 509 iucundissimum,
568 473 608 500 non
623 458 709 500 absurde
722 464 805 499 matrem
816 456 869 498 illius

86 532 175 574 leaenam
186 527 335 583 appellabimus.
367 525 408 581 Qui
418 526 469 567 enim
480 526 512 567 leo
521 526 614 582 generari
626 533 692 582 potest
702 526 740 568 nisi
751 532 815 566 mater
825 525 868 565 eins

86 600 155 641 leaena
171 594 298 637 nominetur?
328 592 423 637 Ceterum
436 593 463 635 uti
476 594 546 635 leaena
561 596 647 643 secundo
660 608 699 635 uon
715 593 778 651 parit,
798 593 827 634 ita
837 606 869 633 sa-

87 671 191 709 crosancta
203 663 260 719 virgo
271 662 336 706 Maria
348 663 429 706 alterius
440 670 508 719 partus
519 676 592 719 expers
603 663 650 714 luit,
673 677 697 704 ac
712 663 787 705 nnllnm
799 676 870 718 corpo-

88 736 116 780 ris
131 733 270 777 commercinm
287 732 386 775 exercuit.

145 802 199 861 Quin
219 811 239 846 et
258 803 310 846 allud
332 810 436 860 praeterea
453 802 616 860 contemplemur.
652 799 699 844 Fuit
719 802 752 845 illa
774 808 974 860 perpetnacap.xttl.

89 874 164 919 Christi
177 887 258 927 comes,
280 887 317 915 neo
328 873 353 915 ab
365 873 408 915 eius
418 873 519 915 consortio
531 872 616 915 divulsa.
648 875 729 913 theutes
739 881 769 913 est
778 875 832 913 Iesos
844 874 871 913 ad
878 885 951 923 mama,
960 884 974 914 1.

88 948 176 1000 inoptatum·
199 944 265 986 statim
275 943 316 985 illie
326 951 388 984 uiator
397 945 438 983 eine
447 950 467 982 et
473 943 548 996 fratres
558 942 675 994 adfuerunt,
696 956 732 983 nee
743 956 826 998 usquam
838 939 870 983 lo-

88 1014 143 1071 sephi
161 1012 243 1054 mentio.
275 1015 325 1065 inztt
339 1014 387 1052 miti
397 1020 416 1052 et
426 1012 472 1060 tibi,
494 1013 577 1051 mulam?
597 1013 679 1051 nondum
695 1014 747 1052 venit
760 1013 867 1051 lorurneu.

88 1082 135 1125 Non
147 1081 209 1132 dixit,
230 1079 343 1135 Quidmihi
357 1088 376 1120 et
388 1079 444 1120 vobis
456 1079 554 1120 homines.
586 1076 636 1121 ltem
652 1078 721 1120 aderat
734 1077 799 1119 Maria
812 1077 870 1134 Mag-

89 1151 170 1201 dalene,
188 1156 207 1190 et
218 1147 284 1191 Maria
297 1147 446 1204 Cleophae,‘et
458 1146 524 1188 Maria
534 1153 598 1187 mater
609 1145 668 1198 Rufi,
691 1152 711 1187 et
722 1147 785 1188 altera
796 1145 869 1197 Maria,

88 1226 109 1262 et
121 1216 202 1261 Solome
217 1231 261 1259 cum
278 1216 321 1257 aliis
338 1215 460 1260 mulieribus.
492 1213 539 1257 Non
556 1214 607 1256 dixit
621 1214 661 1255 illic
677 1212 782 1270 losephnm
800 1214 870 1267 luisse,

89 1287 121 1329 vel
134 1284 226 1327 laoobnm
244 1287 324 1326 tratrem
340 1284 421 1325 domini.
453 1281 492 1337 Qui
505 1283 582 1338 quidem
593 1282 701 1337 nonaginta
712 1297 750 1324 sex
761 1297 824 1324 annos
836 1296 871 1323 na-

88 1362 120 1397 tus
137 1367 163 1395 cx
181 1352 217 1394 hac
232 1353 272 1395 vita
289 1351 392 1403 discessit,
414 1365 458 1392 eum
477 1358 591 1406 perpetuam
606 1350 740 1405 virginitatem
759 1357 869 1393 servasset.

89 1420 152 1465 Cuius
170 1427 228 1477 caput
245 1435 344 1476 nunqnam
359 1421 414 1460 ferro
431 1416 535 1460 detonsum
552 1425 595 1471 est3
617 1432 681 1474 neque
697 1418 715 1460 is
730 1419 806 1460 balneis
822 1432 870 1460 usus

90 1499 131 1544 est,
153 1504 217 1547 neque
233 1490 340 1532 animatum
355 1488 459 1545 quiequam
472 1488 495 1530 ad
508 1486 572 1529 cibum
587 1487 685 1541 adhibuit,
709 1502 772 1545 neque
785 1487 871 1530 tunicam

90 1562 171 1605 alteram
184 1560 258 1613 induit,
275 1560 310 1602 sed
322 1559 374 1602 linco
386 1558 465 1616 palliolo
477 1559 572 1600 duntaxat
584 1572 631 1600 usus
642 1565 685 1610 est,
708 1558 871 1615 quemadmodum

89 1637 250 1687 lestatnreiang
237 1630 317 1672 «retium.
347 1632 418 1682 aragia
435 1628 510 1685 inquit,
527 1630 636 1669 adolescens
647 1631 715 1669 retem
725 1631 815 1678 sindone,
832 1643 870 1683 qua
890 1646 941 1676 Mare

90 1709 134 1742 erat
142 1702 200 1741 nmibt
200 1714 229 1740 us.
260 1698 313 1741 Nam
326 1696 411 1740 loannes
423 1705 443 1739 et
455 1696 538 1740 lacobus
550 1712 588 1739 uua
599 1712 643 1739 cnm
654 1696 728 1739 Iacobo
740 1705 809 1740 nostro
819 1699 872 1739 idem
896 1682 919 1719 ¹⁴’
927 1682 951 1710 ⁵¹¹

90 1770 137 1812 illud
155 1769 207 1810 ritae
221 1768 331 1811 institutum
348 1767 434 1823 amplexi
452 1773 512 1819 snut;
534 1781 616 1822 quorum
630 1767 668 1807 duo
683 1766 761 1822 priores
773 1766 874 1809 Zebedaei

91 1838 138 1889 tilii,
154 1843 266 1892 postremus
277 1836 355 1892 lose-phi
367 1836 418 1877 lilius
429 1835 503 1876 domini
513 1836 576 1877 lrater
587 1835 694 1890 appellatus
709 1843 751 1887 est,
769 1836 820 1891 qnod
835 1849 873 1876 una

92 1919 135 1946 cum
148 1905 191 1960 ipso
203 1905 290 1946 nutritus
302 1913 361 1960 atque
373 1905 480 1954 educatus,
496 1903 520 1944 ab
533 1917 596 1958 eoque
611 1902 678 1944 lratris
689 1903 733 1944 loeo
747 1904 773 1944 sit
785 1903 872 1954 habitus,

92 1979 173 2028 propter
185 1972 238 2013 illam
250 1972 326 2013 scilieet
340 1985 397 2026 quam
414 1985 458 2011 curn
472 1969 539 2012 lllaria
551 1970 647 2026 Iosephus
660 1971 827 2013 necessitudinem
839 1971 875 2012 ha-

91 2039 145 2091 buit,
168 2053 252 2094 qnoeum
272 2046 314 2081 erat
331 2039 364 2080 illa
383 2038 496 2079 coniuncta.
534 2035 629 2079 Ceterum
649 2038 687 2079 soli
706 2038 751 2079 bule
767 2038 839 2079 laeobo
855 2038 875 2079 id

92 2107 174 2149 honoris
187 2107 302 2149 attributum
317 2115 359 2158 est,
381 2106 443 2147 semel
455 2112 477 2146 nt
487 2106 592 2160 quotannis
605 2106 626 2146 in
638 2112 706 2146 sancta
717 2114 833 2147 sanctoruni
844 2106 875 2147 in-

92 2176 222 2231 grederetur,
246 2175 297 2231 quod
316 2182 336 2216 et
352 2173 472 2216 Nazarenus
490 2181 556 2226 esset,
580 2181 600 2216 et
617 2188 661 2215 cnm
678 2174 797 2215 sacerdotali
812 2174 874 2230 stirpe

92 2245 219 2287 coniunctus.
250 2242 308 2287 Unde
324 2250 345 2286 et
359 2241 426 2285 Maria
440 2242 511 2299 duplici
525 2257 569 2285 oum
585 2241 701 2285 Elizabetha
718 2243 836 2300 cognatione
851 2257 874 2285 ao

92 2314 239 2358 nooessitudine
253 2314 359 2370 coniuncta
372 2313 419 2366 luit,
435 2320 456 2355 et
468 2312 551 2355 lacobus
562 2312 669 2356 sacerdotii
682 2312 778 2369 dignitate
790 2312 874 2371 praesti-

92 2384 123 2426 tit.
155 2383 318 2442 Quandoquidem
332 2385 383 2426 duae
399 2384 444 2426 illae
458 2383 521 2424 tribus
534 2382 588 2425 solae
601 2383 686 2425 invicem
698 2384 810 2441 nuptiarum
821 2398 875 2426 eoni-

93 2454 167 2496 mercio
182 2454 327 2509 iungebantur,
343 2452 411 2509 regia,
432 2452 524 2508 inquam,
545 2467 589 2493 cum
600 2453 731 2506 sacerdotali,
752 2461 772 2495 et
782 2454 876 2496 sacerdo-

93 2523 138 2565 talis
150 2538 194 2565 cnm
210 2523 274 2579 regia.
306 2521 475 2578 Quemadmodum
489 2521 534 2563 olim
552 2521 588 2563 sub
602 2522 724 2576 egressionis
740 2536 766 2563 ex
778 2522 872 2579 Aegypto
881 2518 978 2576 mnam.

92 2598 168 2649 tempus
185 2590 280 2634 Naasson
298 2591 361 2633 tribus
378 2592 438 2634 ludae
455 2591 547 2647 princeps
562 2588 700 2632 Elizabetham
717 2591 769 2633 illam
787 2591 874 2647 priorem

92 2660 180 2702 Aaronis
194 2659 251 2701 liliam
266 2659 331 2701 duxit.
362 2658 396 2701 Ex
411 2674 449 2714 quo
466 2660 538 2701 laetum
554 2665 584 2700 est
600 2665 621 2699 nt
634 2659 746 2714 complures
763 2660 875 2701 haeretico-

76 2762 78 2765 ,
92 2742 135 2769 rum
147 2736 214 2770 sectae
227 2726 302 2770 Christi
316 2726 390 2768 domini
402 2727 514 2783 prosapiam
529 2742 552 2769 ac
564 2726 701 2781 genealogiam
718 2728 822 2783 ignorent,
845 2735 875 2769 at-

92 2809 130 2849 que
145 2796 171 2837 ob
181 2796 235 2837 illam
247 2810 302 2837 suam
316 2795 467 2835 haesitationem
486 2796 543 2835 lidenu
558 2801 664 2848 arrogent,
686 2809 709 2835 ac
722 2796 826 2836 veritatem
841 2810 875 2850 op-

92 2876 180 2917 pugnare
191 2877 213 2904 se
226 2870 305 2919 putent,
322 2876 365 2903 cnm
376 2861 424 2902 illud
438 2861 546 2903 obiiciunt:
568 2859 609 2915 Qui
619 2861 661 2902 fieri
675 2869 740 2917 potest
751 2870 772 2904 ut
785 2877 835 2918 quae
848 2877 874 2904 ex
888 2900 889 2903 ,

92 3007 190 3040 quamquem
202 3003 216 3032 et
227 3001 270 3042 infra
282 3010 318 3041 eop.
331 2997 356 3032 16.
368 2999 424 3031 ecdem
440 3008 472 3031 noo
494 3000 522 3031 sed
532 3000 575 3032 hcer.
583 2996 612 3039 69,
618 2996 646 3031 23
658 3000 742 3031 habuimus
752 3001 789 3031 item
799 2994 875 3033 educatu

91 3048 181 3078 recurreret.
199 3047 295 3088 Legebamus
303 3047 405 3101 etiamsopro
413 3054 448 3086 cop
455 3044 471 3079 i
492 3041 528 3102 cited
546 3045 579 3079 τῶν
596 3043 661 3091 χρόνων
678 3040 747 3090 Ἰωσὴφ
763 3045 793 3080 τοῦ
810 3042 875 3091 ταύτης

92 3088 152 3136 Μαρία
163 3090 223 3139 μὲν
203 3104 235 3138 γαρ
227 3090 333 3139 adaptato
332 3103 355 3128 σα
363 3103 388 3143 rip
396 3087 471 3138 Ἰωσήφ,
495 3089 587 3141 uppenrod
