<?xml version="1.0" encoding="UTF-8"?>
<!DOCTYPE html PUBLIC "-//W3C//DTD XHTML 1.0 Transitional//EN"
    "http://www.w3.org/TR/xhtml1/DTD/xhtml1-transitional.dtd">
<html xmlns="http://www.w3.org/1999/xhtml" xml:lang="en" lang="en">
 <head>
  <title>
</title>
<meta http-equiv="Content-Type" content="text/html;charset=utf-8" />
  <meta name='ocr-system' content='tesseract 3.04.00' />
  <meta name='ocr-capabilities' content='ocr_page ocr_carea ocr_par ocr_line ocrx_word'/>
</head>
<body>
  <div class='ocr_page' id='page_1' title='image "./MN41650ucmf_1/MN41650ucmf_1_0421.png"; bbox 0 0 1988 3392; ppageno 0'>
   <div class='ocr_carea' id='block_1_1' title="bbox 871 137 878 153">
    <p class='ocr_par' dir='ltr' id='par_1_1' title="bbox 871 137 878 153">
     <span class='ocr_line' id='line_1_1' title="bbox 871 137 878 153; baseline 0 0"><span class='ocrx_word' id='word_1_1' title='bbox 871 137 878 153; x_wconf 70' lang='lat' dir='ltr'><strong>&#39;b</strong></span> 
     </span>
    </p>
   </div>
   <div class='ocr_carea' id='block_1_2' title="bbox 245 217 870 277">
    <p class='ocr_par' dir='ltr' id='par_1_2' title="bbox 245 217 870 277">
     <span class='ocr_line' id='line_1_2' title="bbox 245 217 870 277; baseline -0.01 -2"><span class='ocrx_word' id='word_1_2' title='bbox 245 242 338 276; x_wconf 74' lang='lat' dir='ltr'><strong>rinnau</strong></span> <span class='ocrx_word' id='word_1_3' title='bbox 349 242 391 276; x_wconf 80' lang='lat' dir='ltr'><strong>nin,</strong></span> <span class='ocrx_word' id='word_1_4' title='bbox 403 243 432 276; x_wconf 89' lang='lat' dir='ltr'><strong>m.</strong></span> <span class='ocrx_word' id='word_1_5' title='bbox 444 243 498 277; x_wconf 84' lang='lat' dir='ltr'><strong>Tou.</strong></span> <span class='ocrx_word' id='word_1_6' title='bbox 510 244 532 277; x_wconf 90' lang='lat' dir='ltr'><strong>u.</strong></span> <span class='ocrx_word' id='word_1_7' title='bbox 544 241 611 276; x_wconf 77' lang='lat' dir='ltr'><strong>naun.</strong></span> <span class='ocrx_word' id='word_1_8' title='bbox 622 240 713 273; x_wconf 79' lang='lat' dir='ltr'><strong>uxxvn.</strong></span> <span class='ocrx_word' id='word_1_9' title='bbox 774 217 776 220; x_wconf 59' lang='grc'>’</span> <span class='ocrx_word' id='word_1_10' title='bbox 828 227 870 269; x_wconf 80' lang='grc'><strong>399</strong></span> 
     </span>
    </p>
   </div>
   <div class='ocr_carea' id='block_1_3' title="bbox 28 322 970 3057">
    <p class='ocr_par' dir='ltr' id='par_1_3' title="bbox 84 322 949 1066">
     <span class='ocr_line' id='line_1_3' title="bbox 85 322 869 381; baseline -0.008 -16"><span class='ocrx_word' id='word_1_11' title='bbox 85 337 134 381; x_wconf 90' lang='lat' dir='ltr'><strong>quos</strong></span> <span class='ocrx_word' id='word_1_12' title='bbox 146 322 258 378; x_wconf 86' lang='lat' dir='ltr'><strong>eripuerat,</strong></span> <span class='ocrx_word' id='word_1_13' title='bbox 280 323 374 364; x_wconf 88' lang='lat' dir='ltr'><strong>comitatu</strong></span> <span class='ocrx_word' id='word_1_14' title='bbox 392 329 459 378; x_wconf 91' lang='lat' dir='ltr'><strong>septus</strong></span> <span class='ocrx_word' id='word_1_15' title='bbox 476 331 521 379; x_wconf 88' lang='lat' dir='ltr'><strong>post</strong></span> <span class='ocrx_word' id='word_1_16' title='bbox 532 324 618 365; x_wconf 90' lang='lat' dir='ltr'><strong>triduum</strong></span> <span class='ocrx_word' id='word_1_17' title='bbox 632 334 704 363; x_wconf 88' lang='lat' dir='ltr'><strong>revera</strong></span> <span class='ocrx_word' id='word_1_18' title='bbox 720 334 763 361; x_wconf 86' lang='lat' dir='ltr'><strong>eum</strong></span> <span class='ocrx_word' id='word_1_19' title='bbox 776 333 869 375; x_wconf 88' lang='lat' dir='ltr'><strong>corpore,</strong></span> 
     </span>
     <span class='ocr_line' id='line_1_4' title="bbox 85 389 869 447; baseline -0.009 -13"><span class='ocrx_word' id='word_1_20' title='bbox 85 392 163 443; x_wconf 88' lang='lat' dir='ltr'><strong>anima,</strong></span> <span class='ocrx_word' id='word_1_21' title='bbox 190 392 279 447; x_wconf 79' lang='lat' dir='ltr'>adeoque</span> <span class='ocrx_word' id='word_1_22' title='bbox 300 399 342 432; x_wconf 92' lang='lat' dir='ltr'><strong>toto</strong></span> <span class='ocrx_word' id='word_1_23' title='bbox 359 392 404 447; x_wconf 90' lang='lat' dir='ltr'><strong>ipso</strong></span> <span class='ocrx_word' id='word_1_24' title='bbox 422 391 477 432; x_wconf 93' lang='lat' dir='ltr'><strong>velut</strong></span> <span class='ocrx_word' id='word_1_25' title='bbox 494 393 627 434; x_wconf 88' lang='lat' dir='ltr'><strong>instrumento</strong></span> <span class='ocrx_word' id='word_1_26' title='bbox 641 389 731 431; x_wconf 82' lang='lat' dir='ltr'><strong>surrexit</strong></span> <span class='ocrx_word' id='word_1_27' title='bbox 750 402 762 429; x_wconf 88' lang='lat' dir='ltr'><strong>a</strong></span> <span class='ocrx_word' id='word_1_28' title='bbox 778 389 869 429; x_wconf 87' lang='lat' dir='ltr'><strong>mortuis.</strong></span> 
     </span>
     <span class='ocr_line' id='line_1_5' title="bbox 86 456 949 516; baseline -0.007 -13"><span class='ocrx_word' id='word_1_29' title='bbox 86 460 163 503; x_wconf 79' lang='lat' dir='ltr'><strong>Deinde</strong></span> <span class='ocrx_word' id='word_1_30' title='bbox 175 460 304 514; x_wconf 88' lang='lat' dir='ltr'><strong>quadraginta</strong></span> <span class='ocrx_word' id='word_1_31' title='bbox 319 460 389 501; x_wconf 90' lang='lat' dir='ltr'><strong>diebus</strong></span> <span class='ocrx_word' id='word_1_32' title='bbox 406 474 449 500; x_wconf 90' lang='lat' dir='ltr'><strong>curn</strong></span> <span class='ocrx_word' id='word_1_33' title='bbox 462 460 562 516; x_wconf 80' lang='lat' dir='ltr'><strong>discipulis</strong></span> <span class='ocrx_word' id='word_1_34' title='bbox 574 467 667 502; x_wconf 88' lang='lat' dir='ltr'><strong>versatus</strong></span> <span class='ocrx_word' id='word_1_35' title='bbox 679 465 722 510; x_wconf 77' lang='lat' dir='ltr'><strong>est3</strong></span> <span class='ocrx_word' id='word_1_36' title='bbox 744 456 870 512; x_wconf 90' lang='lat' dir='ltr'><strong>quibuscum</strong></span> <span class='ocrx_word' id='word_1_37' title='bbox 894 465 949 493; x_wconf 75' lang='lat' dir='ltr'><strong>tet-1-</strong></span> 
     </span>
     <span class='ocr_line' id='line_1_6' title="bbox 84 525 870 579; baseline -0.008 -8"><span class='ocrx_word' id='word_1_38' title='bbox 84 529 104 571; x_wconf 91' lang='lat' dir='ltr'><strong>in</strong></span> <span class='ocrx_word' id='word_1_39' title='bbox 118 525 222 570; x_wconf 85' lang='lat' dir='ltr'><strong>Olivarnm</strong></span> <span class='ocrx_word' id='word_1_40' title='bbox 239 535 307 569; x_wconf 88' lang='lat' dir='ltr'><strong>monte</strong></span> <span class='ocrx_word' id='word_1_41' title='bbox 322 541 394 569; x_wconf 48' lang='lat' dir='ltr'><strong>reviera</strong></span> <span class='ocrx_word' id='word_1_42' title='bbox 412 527 563 579; x_wconf 75' lang='lat' dir='ltr'><strong>benedixisset,</strong></span> <span class='ocrx_word' id='word_1_43' title='bbox 584 528 604 568; x_wconf 90' lang='lat' dir='ltr'><strong>in</strong></span> <span class='ocrx_word' id='word_1_44' title='bbox 617 528 694 569; x_wconf 92' lang='lat' dir='ltr'><strong>coelum</strong></span> <span class='ocrx_word' id='word_1_45' title='bbox 710 526 818 567; x_wconf 89' lang='lat' dir='ltr'><strong>subvectus</strong></span> <span class='ocrx_word' id='word_1_46' title='bbox 831 531 870 576; x_wconf 88' lang='lat' dir='ltr'><strong>est,</strong></span> 
     </span>
     <span class='ocr_line' id='line_1_7' title="bbox 85 594 871 651; baseline -0.005 -13"><span class='ocrx_word' id='word_1_47' title='bbox 85 609 169 650; x_wconf 91' lang='lat' dir='ltr'><strong>eumque</strong></span> <span class='ocrx_word' id='word_1_48' title='bbox 186 595 284 651; x_wconf 90' lang='lat' dir='ltr'><strong>discipuli</strong></span> <span class='ocrx_word' id='word_1_49' title='bbox 294 596 318 637; x_wconf 91' lang='lat' dir='ltr'><strong>ad</strong></span> <span class='ocrx_word' id='word_1_50' title='bbox 331 596 394 638; x_wconf 90' lang='lat' dir='ltr'><strong>nubes</strong></span> <span class='ocrx_word' id='word_1_51' title='bbox 410 609 472 650; x_wconf 92' lang='lat' dir='ltr'><strong>usque</strong></span> <span class='ocrx_word' id='word_1_52' title='bbox 485 596 601 637; x_wconf 78' lang='lat' dir='ltr'><strong>subeuntem</strong></span> <span class='ocrx_word' id='word_1_53' title='bbox 614 597 718 646; x_wconf 88' lang='lat' dir='ltr'><strong>viderunt,</strong></span> <span class='ocrx_word' id='word_1_54' title='bbox 740 594 796 636; x_wconf 88' lang='lat' dir='ltr'><strong>etad</strong></span> <span class='ocrx_word' id='word_1_55' title='bbox 809 594 871 649; x_wconf 90' lang='lat' dir='ltr'><strong>patris</strong></span> 
     </span>
     <span class='ocr_line' id='line_1_8' title="bbox 85 662 871 720; baseline -0.005 -14"><span class='ocrx_word' id='word_1_56' title='bbox 85 665 188 706; x_wconf 82' lang='lat' dir='ltr'><strong>dexterum</strong></span> <span class='ocrx_word' id='word_1_57' title='bbox 200 676 272 705; x_wconf 89' lang='lat' dir='ltr'><strong>revera</strong></span> <span class='ocrx_word' id='word_1_58' title='bbox 283 665 431 714; x_wconf 73' lang='lat' dir='ltr'><strong>considentem,</strong></span> <span class='ocrx_word' id='word_1_59' title='bbox 448 679 532 720; x_wconf 88' lang='lat' dir='ltr'><strong>corpure</strong></span> <span class='ocrx_word' id='word_1_60' title='bbox 545 665 600 720; x_wconf 89' lang='lat' dir='ltr'><strong>ipso,</strong></span> <span class='ocrx_word' id='word_1_61' title='bbox 617 664 733 715; x_wconf 88' lang='lat' dir='ltr'><strong>divinitate,</strong></span> <span class='ocrx_word' id='word_1_62' title='bbox 750 677 774 704; x_wconf 91' lang='lat' dir='ltr'><strong>ac</strong></span> <span class='ocrx_word' id='word_1_63' title='bbox 786 669 826 703; x_wconf 88' lang='lat' dir='ltr'><strong>tcta</strong></span> <span class='ocrx_word' id='word_1_64' title='bbox 838 662 871 702; x_wconf 94' lang='lat' dir='ltr'><strong>de-</strong></span> 
     </span>
     <span class='ocr_line' id='line_1_9' title="bbox 85 731 872 788; baseline -0.005 -14"><span class='ocrx_word' id='word_1_65' title='bbox 85 732 144 787; x_wconf 90' lang='lat' dir='ltr'><strong>niqne</strong></span> <span class='ocrx_word' id='word_1_66' title='bbox 160 744 217 787; x_wconf 92' lang='lat' dir='ltr'><strong>quam</strong></span> <span class='ocrx_word' id='word_1_67' title='bbox 231 740 366 788; x_wconf 80' lang='lat' dir='ltr'><strong>assumpserat</strong></span> <span class='ocrx_word' id='word_1_68' title='bbox 381 731 466 774; x_wconf 90' lang='lat' dir='ltr'><strong>bominis</strong></span> <span class='ocrx_word' id='word_1_69' title='bbox 485 740 569 785; x_wconf 65' lang='lat' dir='ltr'><strong>natura,</strong></span> <span class='ocrx_word' id='word_1_70' title='bbox 589 746 628 787; x_wconf 92' lang='lat' dir='ltr'><strong>qno</strong></span> <span class='ocrx_word' id='word_1_71' title='bbox 640 732 660 773; x_wconf 91' lang='lat' dir='ltr'><strong>in</strong></span> <span class='ocrx_word' id='word_1_72' title='bbox 672 731 817 774; x_wconf 88' lang='lat' dir='ltr'><strong>iucarnationis</strong></span> <span class='ocrx_word' id='word_1_73' title='bbox 829 745 872 786; x_wconf 80' lang='lat' dir='ltr'><strong>my-</strong></span> 
     </span>
     <span class='ocr_line' id='line_1_10' title="bbox 84 799 871 857; baseline -0.004 -15"><span class='ocrx_word' id='word_1_74' title='bbox 84 799 147 842; x_wconf 86' lang='lat' dir='ltr'><strong>sterio</strong></span> <span class='ocrx_word' id='word_1_75' title='bbox 157 800 177 841; x_wconf 95' lang='lat' dir='ltr'><strong>in</strong></span> <span class='ocrx_word' id='word_1_76' title='bbox 188 814 247 841; x_wconf 90' lang='lat' dir='ltr'><strong>unum</strong></span> <span class='ocrx_word' id='word_1_77' title='bbox 258 800 324 842; x_wconf 91' lang='lat' dir='ltr'><strong>omnia</strong></span> <span class='ocrx_word' id='word_1_78' title='bbox 333 808 354 842; x_wconf 92' lang='lat' dir='ltr'><strong>et</strong></span> <span class='ocrx_word' id='word_1_79' title='bbox 362 801 382 842; x_wconf 92' lang='lat' dir='ltr'><strong>in</strong></span> <span class='ocrx_word' id='word_1_80' title='bbox 393 801 475 842; x_wconf 90' lang='lat' dir='ltr'><strong>eandem</strong></span> <span class='ocrx_word' id='word_1_81' title='bbox 486 801 594 857; x_wconf 84' lang='lat' dir='ltr'><strong>spiritalem</strong></span> <span class='ocrx_word' id='word_1_82' title='bbox 605 801 746 855; x_wconf 73' lang='lat' dir='ltr'><strong>perfectionem</strong></span> <span class='ocrx_word' id='word_1_83' title='bbox 758 799 871 850; x_wconf 86' lang='lat' dir='ltr'><strong>coniunxit,</strong></span> 
     </span>
     <span class='ocr_line' id='line_1_11' title="bbox 85 866 872 925; baseline -0.003 -14"><span class='ocrx_word' id='word_1_84' title='bbox 85 869 134 911; x_wconf 89' lang='lat' dir='ltr'><strong>deus</strong></span> <span class='ocrx_word' id='word_1_85' title='bbox 154 866 221 924; x_wconf 91' lang='lat' dir='ltr'><strong>utique</strong></span> <span class='ocrx_word' id='word_1_86' title='bbox 237 868 334 924; x_wconf 89' lang='lat' dir='ltr'><strong>ingloria</strong></span> <span class='ocrx_word' id='word_1_87' title='bbox 352 869 459 911; x_wconf 81' lang='lat' dir='ltr'><strong>considens</strong></span> <span class='ocrx_word' id='word_1_88' title='bbox 475 870 529 911; x_wconf 86' lang='lat' dir='ltr'><strong>etad</strong></span> <span class='ocrx_word' id='word_1_89' title='bbox 544 869 603 911; x_wconf 89' lang='lat' dir='ltr'><strong>vivos</strong></span> <span class='ocrx_word' id='word_1_90' title='bbox 615 876 744 925; x_wconf 87' lang='lat' dir='ltr'><strong>mortuosque</strong></span> <span class='ocrx_word' id='word_1_91' title='bbox 756 868 872 911; x_wconf 87' lang='lat' dir='ltr'><strong>indicandos</strong></span> 
     </span>
     <span class='ocr_line' id='line_1_12' title="bbox 85 936 871 995; baseline -0.004 -13"><span class='ocrx_word' id='word_1_92' title='bbox 85 952 134 982; x_wconf 90' lang='lat' dir='ltr'><strong>vere</strong></span> <span class='ocrx_word' id='word_1_93' title='bbox 144 938 249 994; x_wconf 90' lang='lat' dir='ltr'><strong>aliqnando</strong></span> <span class='ocrx_word' id='word_1_94' title='bbox 259 946 365 987; x_wconf 88' lang='lat' dir='ltr'><strong>venturus.</strong></span> <span class='ocrx_word' id='word_1_95' title='bbox 396 936 452 981; x_wconf 87' lang='lat' dir='ltr'><strong>Nihil</strong></span> <span class='ocrx_word' id='word_1_96' title='bbox 463 938 524 994; x_wconf 85' lang='lat' dir='ltr'><strong>igitur</strong></span> <span class='ocrx_word' id='word_1_97' title='bbox 533 938 554 980; x_wconf 92' lang='lat' dir='ltr'><strong>in</strong></span> <span class='ocrx_word' id='word_1_98' title='bbox 566 938 600 980; x_wconf 91' lang='lat' dir='ltr'><strong>illc</strong></span> <span class='ocrx_word' id='word_1_99' title='bbox 609 938 709 980; x_wconf 90' lang='lat' dir='ltr'><strong>diversum</strong></span> <span class='ocrx_word' id='word_1_100' title='bbox 721 953 744 980; x_wconf 93' lang='lat' dir='ltr'><strong>ac</strong></span> <span class='ocrx_word' id='word_1_101' title='bbox 756 939 871 995; x_wconf 79' lang='lat' dir='ltr'><strong>discrepans</strong></span> 
     </span>
     <span class='ocr_line' id='line_1_13' title="bbox 85 1007 812 1066; baseline -0.001 -16"><span class='ocrx_word' id='word_1_102' title='bbox 85 1015 127 1061; x_wconf 90' lang='lat' dir='ltr'><strong>est,</strong></span> <span class='ocrx_word' id='word_1_103' title='bbox 143 1007 179 1050; x_wconf 92' lang='lat' dir='ltr'><strong>sed</strong></span> <span class='ocrx_word' id='word_1_104' title='bbox 194 1009 260 1050; x_wconf 90' lang='lat' dir='ltr'><strong>omnia</strong></span> <span class='ocrx_word' id='word_1_105' title='bbox 275 1009 296 1051; x_wconf 95' lang='lat' dir='ltr'><strong>in</strong></span> <span class='ocrx_word' id='word_1_106' title='bbox 307 1009 351 1066; x_wconf 90' lang='lat' dir='ltr'><strong>ipso</strong></span> <span class='ocrx_word' id='word_1_107' title='bbox 362 1009 450 1065; x_wconf 90' lang='lat' dir='ltr'><strong>perlecta</strong></span> <span class='ocrx_word' id='word_1_108' title='bbox 465 1009 593 1064; x_wconf 82' lang='lat' dir='ltr'><strong>perlectoque</strong></span> <span class='ocrx_word' id='word_1_109' title='bbox 605 1022 688 1064; x_wconf 92' lang='lat' dir='ltr'><strong>prorsus</strong></span> <span class='ocrx_word' id='word_1_110' title='bbox 703 1007 812 1050; x_wconf 87' lang='lat' dir='ltr'><strong>elaborata.</strong></span> 
     </span>
    </p>

    <p class='ocr_par' dir='ltr' id='par_1_4' title="bbox 85 1075 970 1479">
     <span class='ocr_line' id='line_1_14' title="bbox 143 1075 948 1134; baseline 0.001 -15"><span class='ocrx_word' id='word_1_111' title='bbox 143 1075 185 1120; x_wconf 88' lang='lat' dir='ltr'><strong>Sed</strong></span> <span class='ocrx_word' id='word_1_112' title='bbox 195 1092 240 1119; x_wconf 89' lang='lat' dir='ltr'><strong>cum</strong></span> <span class='ocrx_word' id='word_1_113' title='bbox 253 1079 277 1120; x_wconf 90' lang='lat' dir='ltr'><strong>de</strong></span> <span class='ocrx_word' id='word_1_114' title='bbox 292 1079 322 1120; x_wconf 85' lang='lat' dir='ltr'><strong>liis</strong></span> <span class='ocrx_word' id='word_1_115' title='bbox 333 1078 411 1121; x_wconf 87' lang='lat' dir='ltr'><strong>alnmdc</strong></span> <span class='ocrx_word' id='word_1_116' title='bbox 426 1078 523 1120; x_wconf 88' lang='lat' dir='ltr'><strong>hactenns</strong></span> <span class='ocrx_word' id='word_1_117' title='bbox 537 1078 602 1134; x_wconf 83' lang='lat' dir='ltr'><strong>egisse</strong></span> <span class='ocrx_word' id='word_1_118' title='bbox 616 1078 731 1129; x_wconf 88' lang='lat' dir='ltr'><strong>videamur,</strong></span> <span class='ocrx_word' id='word_1_119' title='bbox 754 1092 803 1134; x_wconf 87' lang='lat' dir='ltr'><strong>qnae</strong></span> <span class='ocrx_word' id='word_1_120' title='bbox 819 1077 872 1119; x_wconf 87' lang='lat' dir='ltr'><strong>dicta</strong></span> <span class='ocrx_word' id='word_1_121' title='bbox 900 1087 948 1120; x_wconf 84' lang='lat' dir='ltr'><strong>cnP.</strong></span> 
     </span>
     <span class='ocr_line' id='line_1_15' title="bbox 85 1133 970 1202; baseline -0.001 -12"><span class='ocrx_word' id='word_1_122' title='bbox 85 1154 131 1190; x_wconf 94' lang='lat' dir='ltr'><strong>snut</strong></span> <span class='ocrx_word' id='word_1_123' title='bbox 142 1160 187 1189; x_wconf 87' lang='lat' dir='ltr'><strong>csse</strong></span> <span class='ocrx_word' id='word_1_124' title='bbox 198 1147 247 1189; x_wconf 86' lang='lat' dir='ltr'><strong>satis</strong></span> <span class='ocrx_word' id='word_1_125' title='bbox 258 1147 386 1190; x_wconf 88' lang='lat' dir='ltr'><strong>arbitramur.</strong></span> <span class='ocrx_word' id='word_1_126' title='bbox 418 1145 475 1202; x_wconf 92' lang='lat' dir='ltr'><strong>Quae</strong></span> <span class='ocrx_word' id='word_1_127' title='bbox 487 1134 537 1189; x_wconf 76' lang='lat' dir='ltr'><strong>vero</strong></span> <span class='ocrx_word' id='word_1_128' title='bbox 550 1148 574 1189; x_wconf 91' lang='lat' dir='ltr'><strong>de</strong></span> <span class='ocrx_word' id='word_1_129' title='bbox 585 1146 658 1188; x_wconf 87' lang='lat' dir='ltr'><strong>ceteris</strong></span> <span class='ocrx_word' id='word_1_130' title='bbox 668 1161 707 1189; x_wconf 91' lang='lat' dir='ltr'><strong>van</strong></span> <span class='ocrx_word' id='word_1_131' title='bbox 878 1133 970 1168; x_wconf 66' lang='lat' dir='ltr'>XXXVH&#39;</span> 
     </span>
     <span class='ocr_line' id='line_1_16' title="bbox 85 1215 872 1273; baseline -0.003 -15"><span class='ocrx_word' id='word_1_132' title='bbox 85 1215 210 1272; x_wconf 87' lang='lat' dir='ltr'><strong>dogmatibus</strong></span> <span class='ocrx_word' id='word_1_133' title='bbox 228 1231 255 1258; x_wconf 85' lang='lat' dir='ltr'><strong>ex</strong></span> <span class='ocrx_word' id='word_1_134' title='bbox 264 1217 348 1258; x_wconf 90' lang='lat' dir='ltr'><strong>aliorum</strong></span> <span class='ocrx_word' id='word_1_135' title='bbox 361 1217 476 1259; x_wconf 81' lang='lat' dir='ltr'><strong>narratione</strong></span> <span class='ocrx_word' id='word_1_136' title='bbox 489 1216 604 1267; x_wconf 89' lang='lat' dir='ltr'><strong>didicimus,</strong></span> <span class='ocrx_word' id='word_1_137' title='bbox 626 1216 743 1273; x_wconf 86' lang='lat' dir='ltr'><strong>explicanda</strong></span> <span class='ocrx_word' id='word_1_138' title='bbox 757 1216 872 1258; x_wconf 87' lang='lat' dir='ltr'><strong>necessario</strong></span> 
     </span>
     <span class='ocr_line' id='line_1_17' title="bbox 85 1282 873 1342; baseline -0.001 -15"><span class='ocrx_word' id='word_1_139' title='bbox 85 1292 139 1327; x_wconf 93' lang='lat' dir='ltr'><strong>sunt.</strong></span> <span class='ocrx_word' id='word_1_140' title='bbox 171 1282 295 1341; x_wconf 74' lang='lat' dir='ltr'><strong>Quamquam</strong></span> <span class='ocrx_word' id='word_1_141' title='bbox 312 1286 340 1327; x_wconf 89' lang='lat' dir='ltr'><strong>ita</strong></span> <span class='ocrx_word' id='word_1_142' title='bbox 357 1286 406 1328; x_wconf 89' lang='lat' dir='ltr'><strong>baec</strong></span> <span class='ocrx_word' id='word_1_143' title='bbox 418 1286 443 1327; x_wconf 91' lang='lat' dir='ltr'><strong>ab</strong></span> <span class='ocrx_word' id='word_1_144' title='bbox 458 1286 497 1326; x_wconf 94' lang='lat' dir='ltr'><strong>illis</strong></span> <span class='ocrx_word' id='word_1_145' title='bbox 512 1285 623 1342; x_wconf 87' lang='lat' dir='ltr'><strong>praedicari</strong></span> <span class='ocrx_word' id='word_1_146' title='bbox 635 1286 721 1327; x_wconf 91' lang='lat' dir='ltr'><strong>nondum</strong></span> <span class='ocrx_word' id='word_1_147' title='bbox 734 1286 815 1327; x_wconf 90' lang='lat' dir='ltr'><strong>omnino</strong></span> <span class='ocrx_word' id='word_1_148' title='bbox 827 1300 873 1341; x_wconf 92' lang='lat' dir='ltr'><strong>per-</strong></span> 
     </span>
     <span class='ocr_line' id='line_1_18' title="bbox 85 1353 872 1410; baseline 0 -15"><span class='ocrx_word' id='word_1_149' title='bbox 85 1368 165 1395; x_wconf 93' lang='lat' dir='ltr'><strong>suasum</strong></span> <span class='ocrx_word' id='word_1_150' title='bbox 177 1353 280 1396; x_wconf 90' lang='lat' dir='ltr'><strong>babemus.</strong></span> <span class='ocrx_word' id='word_1_151' title='bbox 310 1353 422 1410; x_wconf 86' lang='lat' dir='ltr'><strong>Utcumque</strong></span> <span class='ocrx_word' id='word_1_152' title='bbox 435 1368 485 1396; x_wconf 91' lang='lat' dir='ltr'><strong>vero</strong></span> <span class='ocrx_word' id='word_1_153' title='bbox 497 1369 519 1396; x_wconf 93' lang='lat' dir='ltr'><strong>se</strong></span> <span class='ocrx_word' id='word_1_154' title='bbox 531 1368 564 1396; x_wconf 92' lang='lat' dir='ltr'><strong>res</strong></span> <span class='ocrx_word' id='word_1_155' title='bbox 574 1354 653 1407; x_wconf 85' lang='lat' dir='ltr'><strong>babeat,</strong></span> <span class='ocrx_word' id='word_1_156' title='bbox 666 1369 717 1409; x_wconf 91' lang='lat' dir='ltr'><strong>qnae</strong></span> <span class='ocrx_word' id='word_1_157' title='bbox 728 1355 753 1396; x_wconf 91' lang='lat' dir='ltr'><strong>ab</strong></span> <span class='ocrx_word' id='word_1_158' title='bbox 766 1355 810 1396; x_wconf 91' lang='lat' dir='ltr'><strong>aliis</strong></span> <span class='ocrx_word' id='word_1_159' title='bbox 820 1354 872 1395; x_wconf 88' lang='lat' dir='ltr'><strong>acci-</strong></span> 
     </span>
     <span class='ocr_line' id='line_1_19' title="bbox 85 1422 497 1479; baseline 0 -16"><span class='ocrx_word' id='word_1_160' title='bbox 85 1422 148 1479; x_wconf 86' lang='lat' dir='ltr'><strong>pimus</strong></span> <span class='ocrx_word' id='word_1_161' title='bbox 164 1436 204 1463; x_wconf 92' lang='lat' dir='ltr'><strong>non</strong></span> <span class='ocrx_word' id='word_1_162' title='bbox 220 1422 362 1464; x_wconf 87' lang='lat' dir='ltr'><strong>dissimulanda</strong></span> <span class='ocrx_word' id='word_1_163' title='bbox 377 1423 497 1478; x_wconf 88' lang='lat' dir='ltr'><strong>putavimus.</strong></span> 
     </span>
    </p>

    <p class='ocr_par' dir='ltr' id='par_1_5' title="bbox 28 1490 882 2098">
     <span class='ocr_line' id='line_1_20' title="bbox 143 1490 871 1547; baseline -0.001 -15"><span class='ocrx_word' id='word_1_164' title='bbox 143 1490 188 1533; x_wconf 89' lang='lat' dir='ltr'><strong>Hoc</strong></span> <span class='ocrx_word' id='word_1_165' title='bbox 201 1490 254 1532; x_wconf 92' lang='lat' dir='ltr'><strong>enim</strong></span> <span class='ocrx_word' id='word_1_166' title='bbox 266 1491 364 1532; x_wconf 86' lang='lat' dir='ltr'><strong>affirmare</strong></span> <span class='ocrx_word' id='word_1_167' title='bbox 377 1491 466 1547; x_wconf 82' lang='lat' dir='ltr'><strong>plerique</strong></span> <span class='ocrx_word' id='word_1_168' title='bbox 479 1505 520 1532; x_wconf 91' lang='lat' dir='ltr'><strong>non</strong></span> <span class='ocrx_word' id='word_1_169' title='bbox 532 1491 633 1541; x_wconf 89' lang='lat' dir='ltr'><strong>dubitant,</strong></span> <span class='ocrx_word' id='word_1_170' title='bbox 655 1492 750 1546; x_wconf 90' lang='lat' dir='ltr'><strong>quosdam</strong></span> <span class='ocrx_word' id='word_1_171' title='bbox 761 1505 789 1532; x_wconf 86' lang='lat' dir='ltr'><strong>ex</strong></span> <span class='ocrx_word' id='word_1_172' title='bbox 799 1490 839 1532; x_wconf 91' lang='lat' dir='ltr'><strong>illis</strong></span> <span class='ocrx_word' id='word_1_173' title='bbox 850 1491 871 1532; x_wconf 91' lang='lat' dir='ltr'><strong>in</strong></span> 
     </span>
     <span class='ocr_line' id='line_1_21' title="bbox 85 1557 882 1615; baseline -0.001 -14"><span class='ocrx_word' id='word_1_174' title='bbox 85 1573 108 1601; x_wconf 91' lang='lat' dir='ltr'><strong>ea</strong></span> <span class='ocrx_word' id='word_1_175' title='bbox 120 1573 166 1601; x_wconf 89' lang='lat' dir='ltr'><strong>esse</strong></span> <span class='ocrx_word' id='word_1_176' title='bbox 175 1558 288 1610; x_wconf 90' lang='lat' dir='ltr'><strong>sententia,</strong></span> <span class='ocrx_word' id='word_1_177' title='bbox 309 1557 396 1601; x_wconf 84' lang='lat' dir='ltr'><strong>lllariam</strong></span> <span class='ocrx_word' id='word_1_178' title='bbox 413 1566 456 1615; x_wconf 92' lang='lat' dir='ltr'><strong>post</strong></span> <span class='ocrx_word' id='word_1_179' title='bbox 473 1560 545 1601; x_wconf 92' lang='lat' dir='ltr'><strong>editum</strong></span> <span class='ocrx_word' id='word_1_180' title='bbox 560 1557 662 1602; x_wconf 84' lang='lat' dir='ltr'><strong>Christum</strong></span> <span class='ocrx_word' id='word_1_181' title='bbox 673 1573 716 1600; x_wconf 95' lang='lat' dir='ltr'><strong>cum</strong></span> <span class='ocrx_word' id='word_1_182' title='bbox 730 1557 816 1615; x_wconf 86' lang='lat' dir='ltr'><strong>losepho</strong></span> <span class='ocrx_word' id='word_1_183' title='bbox 828 1559 882 1600; x_wconf 51' lang='lat' dir='ltr'><strong>viro¹</strong></span> 
     </span>
     <span class='ocr_line' id='line_1_22' title="bbox 85 1626 872 1683; baseline -0.001 -14"><span class='ocrx_word' id='word_1_184' title='bbox 85 1642 122 1670; x_wconf 90' lang='lat' dir='ltr'><strong>suo</strong></span> <span class='ocrx_word' id='word_1_185' title='bbox 141 1627 304 1669; x_wconf 86' lang='lat' dir='ltr'><strong>consuetudinem</strong></span> <span class='ocrx_word' id='word_1_186' title='bbox 321 1627 422 1669; x_wconf 89' lang='lat' dir='ltr'><strong>babuisse.</strong></span> <span class='ocrx_word' id='word_1_187' title='bbox 460 1626 518 1682; x_wconf 88' lang='lat' dir='ltr'><strong>Quod</strong></span> <span class='ocrx_word' id='word_1_188' title='bbox 535 1628 559 1668; x_wconf 92' lang='lat' dir='ltr'><strong>ab</strong></span> <span class='ocrx_word' id='word_1_189' title='bbox 576 1627 615 1668; x_wconf 92' lang='lat' dir='ltr'><strong>illis</strong></span> <span class='ocrx_word' id='word_1_190' title='bbox 635 1628 747 1669; x_wconf 86' lang='lat' dir='ltr'><strong>asseverari</strong></span> <span class='ocrx_word' id='word_1_191' title='bbox 765 1627 872 1683; x_wconf 87' lang='lat' dir='ltr'><strong>permirum</strong></span> 
     </span>
     <span class='ocr_line' id='line_1_23' title="bbox 84 1694 872 1750; baseline -0.001 -13"><span class='ocrx_word' id='word_1_192' title='bbox 84 1696 132 1737; x_wconf 87' lang='lat' dir='ltr'><strong>milri</strong></span> <span class='ocrx_word' id='word_1_193' title='bbox 144 1696 230 1738; x_wconf 89' lang='lat' dir='ltr'><strong>videtur.</strong></span> <span class='ocrx_word' id='word_1_194' title='bbox 261 1694 307 1737; x_wconf 88' lang='lat' dir='ltr'><strong>Nec</strong></span> <span class='ocrx_word' id='word_1_195' title='bbox 319 1695 391 1736; x_wconf 90' lang='lat' dir='ltr'><strong>desunt</strong></span> <span class='ocrx_word' id='word_1_196' title='bbox 402 1695 434 1736; x_wconf 90' lang='lat' dir='ltr'><strong>alii</strong></span> <span class='ocrx_word' id='word_1_197' title='bbox 446 1695 510 1749; x_wconf 92' lang='lat' dir='ltr'><strong>quiin</strong></span> <span class='ocrx_word' id='word_1_198' title='bbox 523 1696 593 1737; x_wconf 91' lang='lat' dir='ltr'><strong>eodem</strong></span> <span class='ocrx_word' id='word_1_199' title='bbox 606 1708 675 1736; x_wconf 90' lang='lat' dir='ltr'><strong>errore</strong></span> <span class='ocrx_word' id='word_1_200' title='bbox 687 1703 806 1746; x_wconf 88' lang='lat' dir='ltr'><strong>versantur,</strong></span> <span class='ocrx_word' id='word_1_201' title='bbox 823 1709 872 1750; x_wconf 94' lang='lat' dir='ltr'><strong>quos</strong></span> 
     </span>
     <span class='ocr_line' id='line_1_24' title="bbox 84 1763 872 1819; baseline -0.003 -13"><span class='ocrx_word' id='word_1_202' title='bbox 84 1763 138 1806; x_wconf 91' lang='lat' dir='ltr'><strong>inter</strong></span> <span class='ocrx_word' id='word_1_203' title='bbox 148 1763 286 1806; x_wconf 86' lang='lat' dir='ltr'><strong>schismaticos</strong></span> <span class='ocrx_word' id='word_1_204' title='bbox 301 1764 450 1805; x_wconf 93' lang='lat' dir='ltr'><strong>numeravimus</strong></span> <span class='ocrx_word' id='word_1_205' title='bbox 464 1763 484 1804; x_wconf 91' lang='lat' dir='ltr'><strong>in</strong></span> <span class='ocrx_word' id='word_1_206' title='bbox 502 1777 525 1805; x_wconf 89' lang='lat' dir='ltr'><strong>ea</strong></span> <span class='ocrx_word' id='word_1_207' title='bbox 537 1764 620 1819; x_wconf 88' lang='lat' dir='ltr'><strong>epistola</strong></span> <span class='ocrx_word' id='word_1_208' title='bbox 632 1777 689 1818; x_wconf 91' lang='lat' dir='ltr'><strong>quam</strong></span> <span class='ocrx_word' id='word_1_209' title='bbox 705 1763 814 1805; x_wconf 89' lang='lat' dir='ltr'><strong>amicorum</strong></span> <span class='ocrx_word' id='word_1_210' title='bbox 827 1764 872 1805; x_wconf 88' lang='lat' dir='ltr'><strong>bor·</strong></span> 
     </span>
     <span class='ocr_line' id='line_1_25' title="bbox 85 1831 873 1888; baseline -0.001 -14"><span class='ocrx_word' id='word_1_211' title='bbox 85 1839 128 1874; x_wconf 89' lang='lat' dir='ltr'><strong>tatn</strong></span> <span class='ocrx_word' id='word_1_212' title='bbox 138 1833 235 1874; x_wconf 89' lang='lat' dir='ltr'><strong>adversus</strong></span> <span class='ocrx_word' id='word_1_213' title='bbox 245 1831 298 1873; x_wconf 92' lang='lat' dir='ltr'><strong>illius</strong></span> <span class='ocrx_word' id='word_1_214' title='bbox 307 1831 405 1888; x_wconf 80' lang='lat' dir='ltr'><strong>dogmatis</strong></span> <span class='ocrx_word' id='word_1_215' title='bbox 416 1838 511 1887; x_wconf 88' lang='lat' dir='ltr'><strong>patronos</strong></span> <span class='ocrx_word' id='word_1_216' title='bbox 524 1832 547 1873; x_wconf 92' lang='lat' dir='ltr'><strong>ad</strong></span> <span class='ocrx_word' id='word_1_217' title='bbox 558 1832 664 1873; x_wconf 92' lang='lat' dir='ltr'><strong>nonnullos</strong></span> <span class='ocrx_word' id='word_1_218' title='bbox 674 1832 694 1872; x_wconf 92' lang='lat' dir='ltr'><strong>in</strong></span> <span class='ocrx_word' id='word_1_219' title='bbox 705 1832 782 1874; x_wconf 88' lang='lat' dir='ltr'><strong>Arabia</strong></span> <span class='ocrx_word' id='word_1_220' title='bbox 792 1832 873 1888; x_wconf 90' lang='lat' dir='ltr'><strong>scripsi-</strong></span> 
     </span>
     <span class='ocr_line' id='line_1_26' title="bbox 86 1900 871 1958; baseline 0 -15"><span class='ocrx_word' id='word_1_221' title='bbox 86 1916 143 1955; x_wconf 78' lang='lat' dir='ltr'><strong>mus3</strong></span> <span class='ocrx_word' id='word_1_222' title='bbox 158 1902 179 1944; x_wconf 93' lang='lat' dir='ltr'><strong>iu</strong></span> <span class='ocrx_word' id='word_1_223' title='bbox 193 1915 231 1957; x_wconf 90' lang='lat' dir='ltr'><strong>qna</strong></span> <span class='ocrx_word' id='word_1_224' title='bbox 243 1900 332 1957; x_wconf 92' lang='lat' dir='ltr'><strong>pluribus</strong></span> <span class='ocrx_word' id='word_1_225' title='bbox 348 1908 417 1943; x_wconf 90' lang='lat' dir='ltr'><strong>contra</strong></span> <span class='ocrx_word' id='word_1_226' title='bbox 433 1900 480 1943; x_wconf 91' lang='lat' dir='ltr'><strong>illos</strong></span> <span class='ocrx_word' id='word_1_227' title='bbox 498 1901 522 1942; x_wconf 92' lang='lat' dir='ltr'><strong>de</strong></span> <span class='ocrx_word' id='word_1_228' title='bbox 534 1900 572 1942; x_wconf 85' lang='lat' dir='ltr'><strong>lroc</strong></span> <span class='ocrx_word' id='word_1_229' title='bbox 589 1908 706 1957; x_wconf 90' lang='lat' dir='ltr'><strong>argumento</strong></span> <span class='ocrx_word' id='word_1_230' title='bbox 719 1901 871 1958; x_wconf 82' lang='lat' dir='ltr'><strong>disputavimus.</strong></span> 
     </span>
     <span class='ocr_line' id='line_1_27' title="bbox 28 1964 872 2028; baseline -0.001 -14"><span class='ocrx_word' id='word_1_231' title='bbox 28 1964 30 1967; x_wconf 14' lang='grc' dir='ltr'><em>Α</em></span> <span class='ocrx_word' id='word_1_232' title='bbox 86 1969 137 2014; x_wconf 84' lang='lat' dir='ltr'><strong>Eam</strong></span> <span class='ocrx_word' id='word_1_233' title='bbox 149 1985 186 2014; x_wconf 89' lang='lat' dir='ltr'><strong>uos</strong></span> <span class='ocrx_word' id='word_1_234' title='bbox 196 1985 247 2013; x_wconf 90' lang='lat' dir='ltr'><strong>vero</strong></span> <span class='ocrx_word' id='word_1_235' title='bbox 258 1970 363 2023; x_wconf 87' lang='lat' dir='ltr'><strong>haeresin,</strong></span> <span class='ocrx_word' id='word_1_236' title='bbox 385 1970 493 2027; x_wconf 83' lang='lat' dir='ltr'><strong>opitulante</strong></span> <span class='ocrx_word' id='word_1_237' title='bbox 506 1971 555 2023; x_wconf 91' lang='lat' dir='ltr'><strong>deo,</strong></span> <span class='ocrx_word' id='word_1_238' title='bbox 572 1970 680 2027; x_wconf 89' lang='lat' dir='ltr'><strong>separatim</strong></span> <span class='ocrx_word' id='word_1_239' title='bbox 695 1985 720 2013; x_wconf 87' lang='lat' dir='ltr'><strong>ac</strong></span> <span class='ocrx_word' id='word_1_240' title='bbox 732 1985 769 2013; x_wconf 92' lang='lat' dir='ltr'><strong>sno</strong></span> <span class='ocrx_word' id='word_1_241' title='bbox 779 1972 824 2014; x_wconf 90' lang='lat' dir='ltr'><strong>loco</strong></span> <span class='ocrx_word' id='word_1_242' title='bbox 837 1986 872 2028; x_wconf 90' lang='lat' dir='ltr'><strong>po-</strong></span> 
     </span>
     <span class='ocr_line' id='line_1_28' title="bbox 86 2037 810 2098; baseline -0.006 -15"><span class='ocrx_word' id='word_1_243' title='bbox 86 2049 130 2084; x_wconf 90' lang='lat' dir='ltr'><strong>stea</strong></span> <span class='ocrx_word' id='word_1_244' title='bbox 144 2054 286 2098; x_wconf 89' lang='lat' dir='ltr'><strong>proponemus.</strong></span> <span class='ocrx_word' id='word_1_245' title='bbox 808 2037 810 2040; x_wconf 75' lang='grc'>’</span> 
     </span>
    </p>

    <p class='ocr_par' dir='ltr' id='par_1_6' title="bbox 86 2108 873 2647">
     <span class='ocr_line' id='line_1_29' title="bbox 144 2108 870 2166; baseline 0 -14"><span class='ocrx_word' id='word_1_246' title='bbox 144 2109 185 2153; x_wconf 89' lang='lat' dir='ltr'><strong>lam</strong></span> <span class='ocrx_word' id='word_1_247' title='bbox 197 2123 246 2152; x_wconf 91' lang='lat' dir='ltr'><strong>vero</strong></span> <span class='ocrx_word' id='word_1_248' title='bbox 263 2110 322 2151; x_wconf 89' lang='lat' dir='ltr'><strong>etiam</strong></span> <span class='ocrx_word' id='word_1_249' title='bbox 334 2109 371 2151; x_wconf 89' lang='lat' dir='ltr'><strong>hoc</strong></span> <span class='ocrx_word' id='word_1_250' title='bbox 383 2108 506 2165; x_wconf 83' lang='lat' dir='ltr'><strong>Apollinaris</strong></span> <span class='ocrx_word' id='word_1_251' title='bbox 521 2123 567 2151; x_wconf 88' lang='lat' dir='ltr'><strong>esse</strong></span> <span class='ocrx_word' id='word_1_252' title='bbox 578 2109 679 2151; x_wconf 88' lang='lat' dir='ltr'><strong>decretum</strong></span> <span class='ocrx_word' id='word_1_253' title='bbox 692 2111 780 2152; x_wconf 91' lang='lat' dir='ltr'><strong>nonnulli</strong></span> <span class='ocrx_word' id='word_1_254' title='bbox 792 2109 870 2166; x_wconf 87' lang='lat' dir='ltr'><strong>praedi·</strong></span> 
     </span>
     <span class='ocr_line' id='line_1_30' title="bbox 87 2178 871 2235; baseline -0.001 -14"><span class='ocrx_word' id='word_1_255' title='bbox 87 2187 145 2231; x_wconf 90' lang='lat' dir='ltr'><strong>cant,</strong></span> <span class='ocrx_word' id='word_1_256' title='bbox 166 2180 187 2221; x_wconf 92' lang='lat' dir='ltr'><strong>in</strong></span> <span class='ocrx_word' id='word_1_257' title='bbox 204 2178 266 2235; x_wconf 89' lang='lat' dir='ltr'><strong>priori</strong></span> <span class='ocrx_word' id='word_1_258' title='bbox 280 2178 429 2220; x_wconf 90' lang='lat' dir='ltr'><strong>resurrectione</strong></span> <span class='ocrx_word' id='word_1_259' title='bbox 447 2179 500 2220; x_wconf 89' lang='lat' dir='ltr'><strong>mille</strong></span> <span class='ocrx_word' id='word_1_260' title='bbox 515 2193 552 2220; x_wconf 90' lang='lat' dir='ltr'><strong>nos</strong></span> <span class='ocrx_word' id='word_1_261' title='bbox 562 2193 659 2221; x_wconf 90' lang='lat' dir='ltr'><strong>annornm</strong></span> <span class='ocrx_word' id='word_1_262' title='bbox 674 2179 758 2235; x_wconf 89' lang='lat' dir='ltr'><strong>spatium</strong></span> <span class='ocrx_word' id='word_1_263' title='bbox 769 2179 839 2220; x_wconf 89' lang='lat' dir='ltr'><strong>iisdem</strong></span> <span class='ocrx_word' id='word_1_264' title='bbox 850 2180 871 2220; x_wconf 89' lang='lat' dir='ltr'><strong>in</strong></span> 
     </span>
     <span class='ocr_line' id='line_1_31' title="bbox 86 2246 871 2303; baseline 0 -14"><span class='ocrx_word' id='word_1_265' title='bbox 86 2247 140 2290; x_wconf 90' lang='lat' dir='ltr'><strong>vitae</strong></span> <span class='ocrx_word' id='word_1_266' title='bbox 150 2247 260 2299; x_wconf 90' lang='lat' dir='ltr'><strong>institutis,</strong></span> <span class='ocrx_word' id='word_1_267' title='bbox 277 2246 347 2303; x_wconf 89' lang='lat' dir='ltr'><strong>quibus</strong></span> <span class='ocrx_word' id='word_1_268' title='bbox 360 2261 412 2290; x_wconf 93' lang='lat' dir='ltr'><strong>nnnc</strong></span> <span class='ocrx_word' id='word_1_269' title='bbox 422 2247 508 2299; x_wconf 90' lang='lat' dir='ltr'><strong>utimur,</strong></span> <span class='ocrx_word' id='word_1_270' title='bbox 531 2262 576 2289; x_wconf 89' lang='lat' dir='ltr'><strong>esse</strong></span> <span class='ocrx_word' id='word_1_271' title='bbox 588 2248 725 2300; x_wconf 84' lang='lat' dir='ltr'><strong>conlecturos,</strong></span> <span class='ocrx_word' id='word_1_272' title='bbox 742 2256 764 2289; x_wconf 95' lang='lat' dir='ltr'><strong>nt</strong></span> <span class='ocrx_word' id='word_1_273' title='bbox 775 2255 795 2290; x_wconf 87' lang='lat' dir='ltr'><strong>et</strong></span> <span class='ocrx_word' id='word_1_274' title='bbox 806 2248 871 2303; x_wconf 89' lang='lat' dir='ltr'><strong>legem</strong></span> 
     </span>
     <span class='ocr_line' id='line_1_32' title="bbox 86 2316 872 2373; baseline 0.001 -16"><span class='ocrx_word' id='word_1_275' title='bbox 86 2330 131 2358; x_wconf 89' lang='lat' dir='ltr'><strong>cnm</strong></span> <span class='ocrx_word' id='word_1_276' title='bbox 141 2317 186 2359; x_wconf 89' lang='lat' dir='ltr'><strong>aliis</strong></span> <span class='ocrx_word' id='word_1_277' title='bbox 197 2317 328 2358; x_wconf 83' lang='lat' dir='ltr'><strong>observemus</strong></span> <span class='ocrx_word' id='word_1_278' title='bbox 340 2316 443 2368; x_wconf 89' lang='lat' dir='ltr'><strong>omnibns,</strong></span> <span class='ocrx_word' id='word_1_279' title='bbox 460 2323 480 2357; x_wconf 91' lang='lat' dir='ltr'><strong>et</strong></span> <span class='ocrx_word' id='word_1_280' title='bbox 493 2316 585 2372; x_wconf 88' lang='lat' dir='ltr'><strong>quiequid</strong></span> <span class='ocrx_word' id='word_1_281' title='bbox 598 2317 661 2358; x_wconf 92' lang='lat' dir='ltr'><strong>estin</strong></span> <span class='ocrx_word' id='word_1_282' title='bbox 673 2318 758 2370; x_wconf 86' lang='lat' dir='ltr'><strong>mundo,</strong></span> <span class='ocrx_word' id='word_1_283' title='bbox 781 2317 833 2373; x_wconf 89' lang='lat' dir='ltr'><strong>qnod</strong></span> <span class='ocrx_word' id='word_1_284' title='bbox 847 2318 872 2359; x_wconf 85' lang='lat' dir='ltr'><strong>ad</strong></span> 
     </span>
     <span class='ocr_line' id='line_1_33' title="bbox 87 2385 873 2443; baseline 0.003 -17"><span class='ocrx_word' id='word_1_285' title='bbox 87 2398 143 2428; x_wconf 90' lang='lat' dir='ltr'><strong>usum</strong></span> <span class='ocrx_word' id='word_1_286' title='bbox 155 2385 290 2443; x_wconf 91' lang='lat' dir='ltr'><strong>quotidianum</strong></span> <span class='ocrx_word' id='word_1_287' title='bbox 304 2385 402 2442; x_wconf 88' lang='lat' dir='ltr'><strong>pertinet,</strong></span> <span class='ocrx_word' id='word_1_288' title='bbox 419 2385 473 2427; x_wconf 92' lang='lat' dir='ltr'><strong>velut</strong></span> <span class='ocrx_word' id='word_1_289' title='bbox 484 2386 575 2442; x_wconf 88' lang='lat' dir='ltr'><strong>nuptias,</strong></span> <span class='ocrx_word' id='word_1_290' title='bbox 598 2386 781 2439; x_wconf 75' lang='lat' dir='ltr'><strong>circumcisionem,</strong></span> <span class='ocrx_word' id='word_1_291' title='bbox 804 2401 828 2428; x_wconf 91' lang='lat' dir='ltr'><strong>ac</strong></span> <span class='ocrx_word' id='word_1_292' title='bbox 840 2401 873 2428; x_wconf 91' lang='lat' dir='ltr'><strong>ee-</strong></span> 
     </span>
     <span class='ocr_line' id='line_1_34' title="bbox 86 2452 872 2513; baseline 0.001 -16"><span class='ocrx_word' id='word_1_293' title='bbox 86 2461 130 2497; x_wconf 89' lang='lat' dir='ltr'><strong>tera</strong></span> <span class='ocrx_word' id='word_1_294' title='bbox 142 2455 220 2507; x_wconf 87' lang='lat' dir='ltr'><strong>omnia,</strong></span> <span class='ocrx_word' id='word_1_295' title='bbox 242 2455 389 2511; x_wconf 87' lang='lat' dir='ltr'><strong>participemus.</strong></span> <span class='ocrx_word' id='word_1_296' title='bbox 421 2452 538 2497; x_wconf 86' lang='lat' dir='ltr'><strong>Cuiusmodi</strong></span> <span class='ocrx_word' id='word_1_297' title='bbox 555 2455 579 2496; x_wconf 92' lang='lat' dir='ltr'><strong>ab</strong></span> <span class='ocrx_word' id='word_1_298' title='bbox 595 2454 630 2496; x_wconf 92' lang='lat' dir='ltr'><strong>illo</strong></span> <span class='ocrx_word' id='word_1_299' title='bbox 647 2456 718 2511; x_wconf 87' lang='lat' dir='ltr'><strong>dogma</strong></span> <span class='ocrx_word' id='word_1_300' title='bbox 733 2456 812 2498; x_wconf 87' lang='lat' dir='ltr'><strong>delendi</strong></span> <span class='ocrx_word' id='word_1_301' title='bbox 826 2471 872 2513; x_wconf 89' lang='lat' dir='ltr'><strong>per-</strong></span> 
     </span>
     <span class='ocr_line' id='line_1_35' title="bbox 87 2522 872 2579; baseline 0.003 -14"><span class='ocrx_word' id='word_1_302' title='bbox 87 2525 172 2566; x_wconf 91' lang='lat' dir='ltr'><strong>suadere</strong></span> <span class='ocrx_word' id='word_1_303' title='bbox 184 2523 241 2565; x_wconf 91' lang='lat' dir='ltr'><strong>nobis</strong></span> <span class='ocrx_word' id='word_1_304' title='bbox 253 2523 335 2564; x_wconf 88' lang='lat' dir='ltr'><strong>cumino</strong></span> <span class='ocrx_word' id='word_1_305' title='bbox 351 2537 389 2565; x_wconf 95' lang='lat' dir='ltr'><strong>non</strong></span> <span class='ocrx_word' id='word_1_306' title='bbox 402 2538 514 2579; x_wconf 91' lang='lat' dir='ltr'><strong>possumus.</strong></span> <span class='ocrx_word' id='word_1_307' title='bbox 546 2522 671 2579; x_wconf 81' lang='lat' dir='ltr'><strong>Quamquam</strong></span> <span class='ocrx_word' id='word_1_308' title='bbox 684 2525 738 2567; x_wconf 91' lang='lat' dir='ltr'><strong>illum</strong></span> <span class='ocrx_word' id='word_1_309' title='bbox 750 2532 872 2567; x_wconf 87' lang='lat' dir='ltr'><strong>assertorem</strong></span> 
     </span>
     <span class='ocr_line' id='line_1_36' title="bbox 87 2591 412 2647; baseline -0.003 -13"><span class='ocrx_word' id='word_1_310' title='bbox 87 2604 133 2634; x_wconf 84' lang='lat' dir='ltr'><strong>esse</strong></span> <span class='ocrx_word' id='word_1_311' title='bbox 148 2606 160 2634; x_wconf 86' lang='lat' dir='ltr'><strong>a</strong></span> <span class='ocrx_word' id='word_1_312' title='bbox 176 2591 276 2633; x_wconf 88' lang='lat' dir='ltr'><strong>nonnullis</strong></span> <span class='ocrx_word' id='word_1_313' title='bbox 291 2591 412 2647; x_wconf 85' lang='lat' dir='ltr'><strong>accepimns.</strong></span> 
     </span>
    </p>

    <p class='ocr_par' dir='ltr' id='par_1_7' title="bbox 87 2659 873 3057">
     <span class='ocr_line' id='line_1_37' title="bbox 145 2659 872 2716; baseline 0.001 -13"><span class='ocrx_word' id='word_1_314' title='bbox 145 2659 240 2703; x_wconf 86' lang='lat' dir='ltr'><strong>Ceterum</strong></span> <span class='ocrx_word' id='word_1_315' title='bbox 253 2660 277 2700; x_wconf 93' lang='lat' dir='ltr'><strong>de</strong></span> <span class='ocrx_word' id='word_1_316' title='bbox 288 2659 325 2700; x_wconf 90' lang='lat' dir='ltr'><strong>boc</strong></span> <span class='ocrx_word' id='word_1_317' title='bbox 337 2659 448 2701; x_wconf 88' lang='lat' dir='ltr'><strong>millenario</strong></span> <span class='ocrx_word' id='word_1_318' title='bbox 459 2668 548 2716; x_wconf 90' lang='lat' dir='ltr'><strong>tempore</strong></span> <span class='ocrx_word' id='word_1_319' title='bbox 558 2660 643 2711; x_wconf 90' lang='lat' dir='ltr'><strong>alicubi,</strong></span> <span class='ocrx_word' id='word_1_320' title='bbox 666 2662 703 2703; x_wconf 87' lang='lat' dir='ltr'><strong>hoc</strong></span> <span class='ocrx_word' id='word_1_321' title='bbox 714 2670 745 2704; x_wconf 88' lang='lat' dir='ltr'><strong>est</strong></span> <span class='ocrx_word' id='word_1_322' title='bbox 756 2663 777 2704; x_wconf 95' lang='lat' dir='ltr'><strong>in</strong></span> <span class='ocrx_word' id='word_1_323' title='bbox 790 2661 872 2704; x_wconf 87' lang='lat' dir='ltr'><strong>loannis</strong></span> 
     </span>
     <span class='ocr_line' id='line_1_38' title="bbox 87 2725 873 2785; baseline 0.005 -17"><span class='ocrx_word' id='word_1_324' title='bbox 87 2725 223 2784; x_wconf 75' lang='lat' dir='ltr'><strong>Apocalypsi,</strong></span> <span class='ocrx_word' id='word_1_325' title='bbox 240 2730 359 2768; x_wconf 82' lang='lat' dir='ltr'><strong>mentionem</strong></span> <span class='ocrx_word' id='word_1_326' title='bbox 372 2728 427 2779; x_wconf 89' lang='lat' dir='ltr'><strong>lieri,</strong></span> <span class='ocrx_word' id='word_1_327' title='bbox 448 2735 468 2769; x_wconf 85' lang='lat' dir='ltr'><strong>et</strong></span> <span class='ocrx_word' id='word_1_328' title='bbox 479 2742 523 2769; x_wconf 89' lang='lat' dir='ltr'><strong>enm</strong></span> <span class='ocrx_word' id='word_1_329' title='bbox 534 2729 605 2769; x_wconf 88' lang='lat' dir='ltr'><strong>librum</strong></span> <span class='ocrx_word' id='word_1_330' title='bbox 615 2742 626 2768; x_wconf 90' lang='lat' dir='ltr'><strong>a</strong></span> <span class='ocrx_word' id='word_1_331' title='bbox 637 2729 737 2785; x_wconf 88' lang='lat' dir='ltr'><strong>plerisque</strong></span> <span class='ocrx_word' id='word_1_332' title='bbox 747 2731 801 2772; x_wconf 90' lang='lat' dir='ltr'><strong>inter</strong></span> <span class='ocrx_word' id='word_1_333' title='bbox 813 2745 873 2772; x_wconf 88' lang='lat' dir='ltr'><strong>cano-</strong></span> 
     </span>
     <span class='ocr_line' id='line_1_39' title="bbox 88 2794 871 2853; baseline 0.006 -19"><span class='ocrx_word' id='word_1_334' title='bbox 88 2795 144 2837; x_wconf 89' lang='lat' dir='ltr'><strong>nicos</strong></span> <span class='ocrx_word' id='word_1_335' title='bbox 155 2795 226 2850; x_wconf 86' lang='lat' dir='ltr'><strong>recipi,</strong></span> <span class='ocrx_word' id='word_1_336' title='bbox 242 2795 330 2849; x_wconf 83' lang='lat' dir='ltr'><strong>religiosi</strong></span> <span class='ocrx_word' id='word_1_337' title='bbox 341 2795 432 2836; x_wconf 86' lang='lat' dir='ltr'><strong>homines</strong></span> <span class='ocrx_word' id='word_1_338' title='bbox 443 2810 483 2837; x_wconf 92' lang='lat' dir='ltr'><strong>non</strong></span> <span class='ocrx_word' id='word_1_339' title='bbox 494 2797 594 2850; x_wconf 88' lang='lat' dir='ltr'><strong>ignorant.</strong></span> <span class='ocrx_word' id='word_1_340' title='bbox 627 2794 702 2838; x_wconf 90' lang='lat' dir='ltr'><strong>Verum</strong></span> <span class='ocrx_word' id='word_1_341' title='bbox 713 2799 739 2838; x_wconf 94' lang='lat' dir='ltr'><strong>ita</strong></span> <span class='ocrx_word' id='word_1_342' title='bbox 751 2799 871 2853; x_wconf 91' lang='lat' dir='ltr'><strong>complures,</strong></span> 
     </span>
     <span class='ocr_line' id='line_1_40' title="bbox 87 2861 871 2919; baseline 0.006 -18"><span class='ocrx_word' id='word_1_343' title='bbox 87 2861 186 2919; x_wconf 89' lang='lat' dir='ltr'><strong>iidemque</strong></span> <span class='ocrx_word' id='word_1_344' title='bbox 197 2863 224 2919; x_wconf 88' lang='lat' dir='ltr'><strong>pii</strong></span> <span class='ocrx_word' id='word_1_345' title='bbox 235 2877 259 2903; x_wconf 86' lang='lat' dir='ltr'><strong>ac</strong></span> <span class='ocrx_word' id='word_1_346' title='bbox 271 2863 388 2918; x_wconf 88' lang='lat' dir='ltr'><strong>spiritalium</strong></span> <span class='ocrx_word' id='word_1_347' title='bbox 401 2877 468 2903; x_wconf 92' lang='lat' dir='ltr'><strong>rernm</strong></span> <span class='ocrx_word' id='word_1_348' title='bbox 479 2863 546 2919; x_wconf 89' lang='lat' dir='ltr'><strong>periti,</strong></span> <span class='ocrx_word' id='word_1_349' title='bbox 563 2864 583 2904; x_wconf 90' lang='lat' dir='ltr'><strong>in</strong></span> <span class='ocrx_word' id='word_1_350' title='bbox 594 2863 648 2905; x_wconf 89' lang='lat' dir='ltr'><strong>illius</strong></span> <span class='ocrx_word' id='word_1_351' title='bbox 659 2865 745 2907; x_wconf 89' lang='lat' dir='ltr'><strong>lectione</strong></span> <span class='ocrx_word' id='word_1_352' title='bbox 757 2873 871 2917; x_wconf 90' lang='lat' dir='ltr'><strong>versantur,</strong></span> 
     </span>
     <span class='ocr_line' id='line_1_41' title="bbox 87 2931 873 2990; baseline 0.006 -20"><span class='ocrx_word' id='word_1_353' title='bbox 87 2936 109 2971; x_wconf 93' lang='lat' dir='ltr'><strong>nt</strong></span> <span class='ocrx_word' id='word_1_354' title='bbox 125 2945 176 2986; x_wconf 94' lang='lat' dir='ltr'><strong>quae</strong></span> <span class='ocrx_word' id='word_1_355' title='bbox 193 2931 214 2973; x_wconf 92' lang='lat' dir='ltr'><strong>iu</strong></span> <span class='ocrx_word' id='word_1_356' title='bbox 231 2931 274 2988; x_wconf 92' lang='lat' dir='ltr'><strong>ipso</strong></span> <span class='ocrx_word' id='word_1_357' title='bbox 290 2931 397 2988; x_wconf 89' lang='lat' dir='ltr'><strong>spiritalem</strong></span> <span class='ocrx_word' id='word_1_358' title='bbox 415 2945 497 2973; x_wconf 90' lang='lat' dir='ltr'><strong>sensum</strong></span> <span class='ocrx_word' id='word_1_359' title='bbox 510 2932 612 2974; x_wconf 92' lang='lat' dir='ltr'><strong>continent</strong></span> <span class='ocrx_word' id='word_1_360' title='bbox 625 2933 756 2990; x_wconf 89' lang='lat' dir='ltr'><strong>accipientes,</strong></span> <span class='ocrx_word' id='word_1_361' title='bbox 779 2948 827 2977; x_wconf 88' lang='lat' dir='ltr'><strong>vera</strong></span> <span class='ocrx_word' id='word_1_362' title='bbox 838 2934 873 2976; x_wconf 89' lang='lat' dir='ltr'><strong>illa</strong></span> 
     </span>
     <span class='ocr_line' id='line_1_42' title="bbox 89 2999 871 3057; baseline 0.006 -17"><span class='ocrx_word' id='word_1_363' title='bbox 89 2999 178 3054; x_wconf 88' lang='lat' dir='ltr'><strong>quidem,</strong></span> <span class='ocrx_word' id='word_1_364' title='bbox 201 3000 236 3043; x_wconf 93' lang='lat' dir='ltr'><strong>sed</strong></span> <span class='ocrx_word' id='word_1_365' title='bbox 252 3000 319 3043; x_wconf 90' lang='lat' dir='ltr'><strong>altiori</strong></span> <span class='ocrx_word' id='word_1_366' title='bbox 330 3001 411 3057; x_wconf 87' lang='lat' dir='ltr'><strong>quadam</strong></span> <span class='ocrx_word' id='word_1_367' title='bbox 424 3000 554 3057; x_wconf 86' lang='lat' dir='ltr'><strong>intelligentia</strong></span> <span class='ocrx_word' id='word_1_368' title='bbox 567 3000 667 3056; x_wconf 82' lang='lat' dir='ltr'><strong>explicata</strong></span> <span class='ocrx_word' id='word_1_369' title='bbox 680 3003 787 3045; x_wconf 88' lang='lat' dir='ltr'><strong>lateautur.</strong></span> <span class='ocrx_word' id='word_1_370' title='bbox 817 3001 871 3045; x_wconf 89' lang='lat' dir='ltr'><strong>Nam</strong></span> 
     </span>
    </p>
   </div>
   <div class='ocr_carea' id='block_1_4' title="bbox 0 0 1000 3392">
    <p class='ocr_par' dir='ltr' id='par_1_8' title="bbox 0 0 1000 3392">
     <span class='ocr_line' id='line_1_43' title="bbox 0 0 1000 3392; baseline 0 0"><span class='ocrx_word' id='word_1_371' title='bbox 0 0 1000 3392; x_wconf 95' lang='lat' dir='ltr'><strong> </strong></span> 
     </span>
    </p>
   </div>
  </div>
 </body>
</html>
