1988 3392
237 250 333 285 rnuaau
346 251 389 286 ure.
399 251 428 286 ur.
439 251 495 304 uon.
505 252 519 285 1.
532 250 601 286 naeu.
611 250 686 285 cxxii.
827 244 855 286 65

70 330 135 375 ciendi
147 330 179 384 vi,
195 345 283 374 necnon
296 338 317 373 et
327 332 413 384 virtute,
430 332 515 375 consilio
526 332 631 389 gloriaque
642 330 742 388 praedita,
760 344 799 373 non
812 330 856 373 aui·

70 415 101 443 ma
118 408 211 456 motuque
228 414 312 452 eureus,
335 408 370 442 aut
386 400 483 443 eiusmodi
498 415 549 458 qnae
567 401 587 443 in
600 400 640 442 alio
655 406 676 442 ut
690 398 716 441 sit
730 398 812 451 habeat,
836 407 857 441 et

70 468 213 525 quodammodo
225 468 328 525 pingatur,
350 469 370 510 in
383 469 508 526 seipsavero
524 485 548 513 ac
566 483 602 526 per
616 482 662 510 sese
679 467 759 509 minime
775 482 856 509 morea-

69 545 109 579 tur.
141 535 192 579 Cum
206 544 273 578 antem
290 536 356 593 imago
370 538 424 580 nulla
438 537 458 579 in
475 552 498 580 re
514 539 538 581 ab
554 537 664 594 exemplari
679 536 759 579 diversa
775 536 856 590 dieitur,

69 613 145 662 patrem
158 612 229 647 exacta
244 606 277 647 illa
290 606 397 648 similitudo
408 620 448 648 non
459 607 518 660 lacit,
539 606 575 649 sed
587 607 648 648 fllium
663 604 755 647 omuibus
770 606 794 647 ad
809 605 858 647 illud

70 673 175 729 excorplar
190 674 278 716 inumeris
294 687 420 731 expressum.

128 740 231 785 llactenus
247 757 274 785 ex
289 743 374 785 Acacio.

128 811 168 852 lam
184 825 234 853 vcro
249 811 327 867 qnidam
345 825 372 854 ex
388 811 506 854 orthodoxis
522 812 615 854 iratribus
628 813 703 856 nostris
718 819 738 855 et
754 813 858 854 contesso-

70 878 127 920 ribns
145 879 293 936 expositionem
310 879 355 921 [idei
372 893 382 920 a
396 880 511 935 quibusdam
527 877 619 922 Marcelli
636 881 738 938 discipulis
754 881 857 937 accepisse

71 947 183 1001 sedicunt,
200 962 250 1004 qnae
263 948 308 990 ddci
319 961 368 990 suae
380 948 478 990 rationem
490 948 522 990 ille
533 949 626 991 reddidit.
657 948 722 1006 Quam
733 949 812 1006 quidem
826 949 858 992 hic

71 1014 222 1060 adscribendam
233 1017 313 1076 putari,
329 1016 407 1060 tainetsi
418 1017 505 1074 singula,
522 1032 573 1075 quae
583 1019 607 1061 ad
620 1017 673 1061 illam
683 1018 792 1077 pertinent,
808 1033 858 1061 uon-

71 1085 117 1129 dnm
132 1095 226 1131 accurate
240 1087 378 1145 cognoverim.
408 1085 529 1147 Excorplum
544 1103 594 1133 vcro
610 1096 641 1132 est
655 1089 761 1133 eiusmodi.

301 1262 422 1297 EXl‘OSlTIO
433 1262 495 1298 FlDEl
507 1262 629 1297 Maacsttt.

130 1341 285 1385 Venerabilibus
302 1350 324 1385 et
339 1343 472 1386 sanctissimis
491 1343 591 1401 episcopis
600 1362 601 1365 ¹
610 1342 758 1386 Diocaesareae
778 1352 860 1400 propter
871 1348 912 1395 Gap.
922 1348 954 1384 xt.

73 1411 204 1454 orthodoxam
217 1412 324 1454 salvatoris
336 1412 399 1454 nostri
411 1414 456 1454 lesu
468 1409 544 1455 Christi
560 1413 617 1454 bilem
636 1412 776 1466 exulantibus,
797 1411 860 1455 Erulo-

72 1481 118 1537 gio,
136 1481 247 1537 Adelphio,
264 1480 393 1533 Alexandro,
408 1480 530 1535 Ammonio,
548 1479 711 1539 Harpocrationi,
728 1483 808 1535 lsaaco,
825 1482 861 1524 lsi-

73 1550 135 1602 doro,
152 1550 280 1603 Arrrrubioni,
296 1549 381 1604 Pitimo,
399 1549 521 1607 Eraphratio,
537 1551 627 1605 aaroni,
648 1551 760 1608 presbyteri
771 1551 804 1607 qui
818 1551 862 1593 Αιι·

74 1619 167 1676 cyraein
180 1617 327 1672 Galatiasuut,
348 1618 459 1672 Photinus,
482 1618 611 1671 Eustathins‚
634 1621 685 1663 alter
695 1618 805 1672 Photinus,
828 1618 862 1662 Si-

74 1689 153 1743 gmius,
170 1695 190 1730 et
205 1688 301 1731 diaconus
315 1688 420 1747 llpginos,
443 1688 577 1732 subdiaconus
589 1688 721 1743 Heraclides,
738 1696 759 1732 et
771 1688 861 1746 Elpidius

74 1756 149 1808 lector,
166 1765 187 1800 et
202 1754 301 1815 Cyriacus
316 1758 423 1810 defensor,
439 1758 460 1800 io
475 1758 555 1800 domitio
570 1759 664 1801 salutern.

133 1823 184 1869 Cum
201 1827 225 1867 ad
240 1827 332 1883 pietatem
348 1833 435 1869 vestram
449 1840 461 1868 e
475 1827 538 1884 patria
552 1835 633 1880 nostro,
654 1841 690 1884 pro
702 1840 727 1869 eo
739 1841 763 1870 ac
773 1841 810 1884 par
821 1834 860 1879 est,

75 1894 175 1937 invisendi
185 1894 248 1936 vestri
257 1896 321 1951 gratia
333 1895 466 1947 venissemus,
483 1895 600 1951 interrogati
612 1910 623 1937 a
633 1904 701 1938 vestra
711 1897 817 1938 sanctitate
828 1910 863 1937 sn·

76 1977 132 2017 mus,
148 1963 217 2019 ecquid
229 1964 254 2005 de
268 1964 305 2006 lide
318 1965 446 2006 sentiremus.
478 1962 542 2018 Quam
552 1966 630 2020 quidem
643 1964 783 2006 sollicitudinis
794 1962 862 2006 officii·

76 2045 114 2088 que
132 2032 209 2087 plenam
225 2031 402 2086 interrogationem
419 2046 540 2088 oragoopere
554 2033 673 2089 probantes,
694 2033 720 2074 ob
736 2047 772 2075 eos
786 2032 864 2089 praeci-

77 2114 115 2156 pue
128 2099 161 2156 qui
173 2100 222 2142 l'alsa
235 2101 259 2141 dc
271 2101 329 2142 nobis
340 2100 433 2142 rrormnlla
446 2107 521 2142 temere
532 2108 639 2157 spargunt,
656 2101 791 2142 irecessarium
805 2100 864 2142 durni-

78 2183 122 2210 mus
132 2169 230 2210 certiores
248 2183 285 2209 ros
296 2170 320 2210 de
335 2176 376 2210 tota
389 2183 411 2210 rc
425 2170 503 2221 lacere,
524 2183 563 2211 uon
575 2168 638 2211 exiis
649 2169 713 2210 solnm
729 2169 863 2210 communica·

78 2229 135 2277 toriis
147 2235 211 2279 literis
221 2251 292 2293 quasa
305 2235 422 2278 beatissimo
433 2251 483 2293 papa
498 2236 610 2289 Athanasio
621 2237 644 2278 ad
657 2250 694 2278 nos
709 2236 794 2292 scriptas
806 2234 863 2277 robis

78 2305 212 2357 ostendimus,
240 2319 309 2346 verum
326 2305 385 2346 etiam
400 2318 427 2346 ex
442 2305 484 2362 ipsa
500 2305 625 2361 prol'essionc
643 2312 712 2346 nostra
728 2304 783 2346 bisce
801 2304 864 2346 literis

78 2385 189 2428 expressaq
209 2380 231 2415 ut
246 2373 292 2414 illud
306 2372 456 2429 intelligeretiS,
478 2373 526 2415 nihil
539 2387 576 2415 uros
592 2387 657 2429 raeque
668 2373 743 2415 sentire
755 2373 814 2414 niodo
827 2385 864 2414 nec

78 2455 164 2498 unquam
176 2441 266 2484 sensisse
278 2441 329 2498 qnod
342 2441 367 2483 ab
379 2441 467 2498 generali
482 2448 501 2484 et
512 2442 647 2485 ecclesiastica
660 2441 704 2484 lidei
717 2441 798 2498 regula,
814 2453 865 2498 qnae

79 2510 99 2552 io
112 2508 204 2552 Nicarna
217 2511 294 2568 syuodo
305 2511 412 2553 constituta
426 2519 468 2563 cst,
489 2511 618 2564 abhorreret3
640 2525 699 2567 quam
716 2524 753 2552 nos
767 2524 802 2567 pro
816 2508 865 2550 riri·

79 2578 117 2621 bus
128 2579 218 2636 amplecti
229 2579 351 2636 profitemur,
367 2586 388 2622 et
398 2593 434 2622 eos
445 2580 571 2623 arranhemate
581 2579 698 2622 damnamus
709 2579 742 2636 qai
753 2585 866 2621 creaturum

80 2662 126 2691 esse
142 2648 232 2708 spiritum
247 2656 337 2691 sanctum
355 2657 460 2703 asscnmt,
481 2651 516 2693 scd
529 2657 549 2694 et
560 2649 656 2692 Ariamam
669 2649 780 2702 bacresim,
797 2646 867 2691 ctSa-

80 2718 147 2772 bellii‚
164 2734 187 2762 ac
197 2717 288 2771 Photini,
304 2717 401 2777 Paulique
413 2719 552 2774 Sarniosateni,
576 2735 614 2763 nrm
626 2735 670 2763 cum
683 2720 707 2762 iis
718 2720 750 2777 qui
763 2718 867 2762 sanctissi-

81 2804 132 2832 marn
145 2789 252 2833 trinitatem
272 2795 312 2831 tres
328 2803 374 2832 esse
386 2803 483 2847 personas
494 2797 579 2847 anagnin,
602 2791 661 2833 nullis
679 2789 770 2832 terminis
781 2788 867 2831 circum-

82 2859 178 2917 scriptas,
199 2859 345 2913 subsistentes,
365 2860 557 2914 corrsnbstantiales,
574 2868 706 2911 coaeternas,
723 2868 744 2902 et
758 2860 866 2916 perlectas.

102 3020 183 3100 ἔάπίστις
198 3021 228 3057 τοῦ
244 3010 312 3066 (πίστ’ς’
323 3019 354 3056 1⁴⁴
371 3022 406 3055 eod.
419 3022 460 3066 ten.)
485 3069 494 3101 I
506 3021 523 3055 l.
535 3020 632 3061 Γαλατείας
642 3023 677 3055 cod.
689 3021 755 3063 ateuq.
768 3007 825 3065 pata*
834 3019 869 3053 cort
881 3036 883 3038 v

83 3077 101 3101 td
125 3078 178 3101 .m.⁸S.
201 3088 203 3090 ·
493 3077 517 3100 ell-

108 3114 147 3147 Ωιι».
156 3114 187 3147 ΧΙ.
200 3132 220 3139 -
239 3113 253 3147 l.
266 3110 392 3158 thartocm.
401 3114 466 3157 aaran.
512 3115 528 3148 ὅ.
541 3109 564 3149 δι’
575 3107 587 3148 il
597 3114 623 3147 ed.
634 3115 684 3156 princ.

120 3169 180 3208 Corpus
188 3168 280 3199 llaereaeol.
289 3168 310 3200 ll.
318 3171 333 3200 3.
718 3174 731 3214 5
