1988 3392
266 263 324 297 Τονιι
335 259 421 297 emotus
433 259 489 299 pets
501 254 632 299 Ροετετιιοιι.
803 256 844 298 643

58 353 92 381 net.
104 363 128 371 -
140 342 152 377 1.
162 342 178 377 8.
190 340 243 386 πυρός
254 340 285 378 καὶ
295 345 381 388 φωτεινῆς
392 344 435 378 Ven.
447 363 468 370 -
482 344 493 378 1.
507 346 531 379 111.
545 340 633 390 άνατροπῄ
644 344 723 389 γρῆσὶλαι
734 342 759 380 ὄλ.
771 345 814 378 Ven.
824 363 846 370 -

58 403 102 438 115.
115 398 151 441 καλ,
163 407 203 445 post
213 399 283 444 νεκρῶν,
297 411 330 433 om.
339 401 381 433 Ven.
389 420 412 426 —
427 401 471 436 117.
485 399 538 437 αῦτοῦ
550 399 653 447 ἐβάστασαν.
666 401 703 438 Καὶ
713 404 756 437 Ven.
766 421 787 429 -
799 402 811 435 1.
819 400 846 436 19.

58 460 91 504 τῆς
101 455 157 501 ἄλόης
167 459 208 490 Ven.
221 476 244 482 -
267 456 278 489 1.
288 456 315 490 211.
328 451 367 492 οῦτε
377 457 463 502 φαντασία
474 459 551 492 Vert-
575 458 586 491 1.
596 459 624 493 22.
638 455 686 493 εἶπαν
696 460 773 495 Vm.-
795 459 808 492 1.
817 457 845 492 26.

59 515 69 553 ό
79 512 247 560 άγιοςλέγωνλῐεη.
259 531 281 538 -
305 513 317 546 1.
329 514 357 548 21.
369 509 403 558 άρα
413 525 432 549 τε
443 510 490 550 οῦπω
501 516 542 548 Veu.
554 533 577 541 -
600 515 611 548 1.
622 515 650 550 31,
669 511 706 560 ότι,
723 509 846 561 Καλέγερδή·

59 585 116 610 σονται
125 569 156 617 μἐν
167 566 213 607 οῦτοι
222 572 265 604 ven.
278 589 300 608 r-
323 569 335 604 l.
346 570 374 605 32.
387 570 412 611 εἰς
423 568 493 606 κόλασιν
505 569 581 614 αἰώνιον;
593 568 607 616 ἢ
618 569 638 608 od
650 574 693 606 Ven.
705 591 728 599 --
744 565 847 619 13311οῦν

58 628 101 675 πρὸς
112 627 152 664 §ede
164 627 201 673 (τόν
211 628 269 673 deest)
279 629 323 662 Ven.
335 647 356 653 -
380 627 424 662 131.
436 624 479 664 α’λλά
491 627 508 663 ἐν
517 629 543 674 τῷ
554 632 613 675 αἵματι
625 632 668 664 Ven.
681 649 704 656 -
727 630 738 663 1.
751 626 767 663 4.
779 629 800 663 ab
812 629 846 663 inf.

59 687 94 723 Καὶ
106 685 126 721 ἐκ
138 683 244 731 πανταχόθεν
256 687 299 718 ven.

104 743 159 789 Fag.
169 743 222 779 148.
245 742 280 776 1.1.
294 739 339 777 εἶπον
351 741 448 775 coniectura
460 742 524 776 Petavii
536 750 566 776 est.
579 763 601 769 -
624 744 635 777 1.
646 742 685 779 δά
697 742 755 788 πατὴρ
767 754 800 776 om.
809 744 847 776 Ve-

59 807 95 835 net.
108 819 129 825 —
155 797 191 832 14.
203 790 279 843 Χριστὸζ
291 794 313 834 δι’
325 792 344 833 ὃν
356 797 387 833 καλ
398 794 420 833 δι’
432 792 453 833 οῦ
464 800 514 839 ven„
531 800 549 832 in
559 812 592 845 quo
603 800 666 834 desunt
676 800 694 834 in
704 801 725 833 iis
736 811 779 845 qnae
789 799 847 832 statim

59 864 151 902 sequnntur
167 855 221 888 verba
237 851 259 890 δι’
277 850 296 890 ὃν
306 852 328 890 τά
343 854 399 891 πάντα
416 855 451 890 καὶ.
464 875 486 882 -
508 845 546 891 λ’λ.
559 856 589 891 καλ
601 854 620 892 οῦ
632 857 689 892 πολλοὶ
702 860 746 892 Ven.
757 876 780 883 -
803 856 815 889 1,
829 854 846 889 8.

59 912 116 951 πολλοὶ
135 910 223 957 λεγόμενοι
238 910 304 957 (πολλοὶ
318 911 379 951 αἰῶνες
396 910 484 956 λεγόμενοι
499 914 534 946 Bas.
563 913 599 946 Nos
617 914 730 959 expressimus
745 913 847 959 scripturam

60 971 100 1005 edit.
117 970 194 1014 Petne),
219 967 248 1004 τόν
266 966 285 1005 δὲ
302 967 392 1012 λεγόμενον
409 966 433 1008 οῦς
449 965 481 1014 οῦγ
496 967 593 1015 ῦπάργοντα
609 966 709 1015 ἀπεφήνατο
726 972 808 1004 Venetus.
823 988 848 995 -—

60 1027 106 1062 110.
118 1022 168 1070 Ιἥλιόν
183 1037 202 1060 τε
218 1025 249 1060 καλ
265 1027 300 1060 σελ.
313 1027 375 1058 Venet.
387 1045 409 1051 .-
431 1025 443 1058 1.
457 1028 482 1059 15.
493 1025 580 1067 κενολοξία
594 1027 634 1072 (sic)
645 1025 689 1071 πρός
699 1024 805 1072 ἀνατροπὴν,
823 1024 848 1066 σῦς

60 1083 90 1120 καλ
103 1076 152 1123 οῦτοι
166 1084 228 1116 venet.
241 1102 261 1108 -—
286 1082 334 1116 123.
346 1078 395 1127 ἅγιος
406 1082 446 1117 θεοῦ
456 1081 507 1127 λόγος
517 1085 577 1116 Venet.
590 1102 612 1109 -
635 1081 686 1118 121.
701 1082 724 1128 ἢ,
742 1090 782 1117 ante
798 1082 847 1124 δόξα,

61 1152 93 1175 om.
105 1141 166 1173 Venet.
191 1141 233 1172 {tem
243 1138 273 1172 lin.
285 1150 331 1184 sequ.
348 1138 366 1172 in
377 1139 439 1172 eodem
452 1139 503 1172 verba
519 1138 536 1174 ἐν
553 1140 591 1186 νὶᾤ.
603 1158 626 1165 -
649 1140 660 1175 l.
671 1140 687 1175 8.
702 1141 796 1175 mactatae
811 1141 848 1172 Ve-

61 1203 94 1232 net.
118 1196 251 1230 Rescribendum
263 1202 290 1229 est
300 1197 398 1231 παισθεῐσα.
422 1196 465 1229 lbid.
476 1196 521 1229 idem
536 1195 564 1232 ἐπὶ
579 1196 611 1236 τάς
621 1195 684 1236 πολλάς
695 1197 745 1233 πάλιν
756 1200 772 1233 δ.
789 1197 848 1241 ἰ’ωμεν,

61 1251 146 1299 ἀγαπητοί
163 1245 188 1296 (οἷ
201 1252 264 1292 deest).
281 1272 304 1279 -·
334 1253 346 1287 1.
361 1253 390 1287 31.
407 1250 432 1294 λζ
446 1248 459 1296 ἦ
475 1252 506 1288 καὶ
519 1252 543 1294 νζ
559 1255 620 1287 Venet.
633 1274 654 1279 -
678 1254 690 1287 l.
703 1254 731 1288 31.
745 1250 821 1299 Ἕτερος
829 1252 849 1289 δὲ

61 1310 109 1347 πάλιν
119 1312 163 1344 ven.
176 1329 197 1336 -
215 1310 228 1342 1.
237 1310 265 1344 33.
277 1306 314 1344 ἄλλ’
324 1305 337 1353 ἦ
349 1307 374 1349 οἱς
384 1307 418 1345 άπὸ
429 1308 489 1355 χρόνον
502 1308 545 1353 ἐτῶν
554 1308 618 1345 τούτων
629 1309 652 1355 ρλ’
663 1310 717 1346 πλείω
727 1306 800 1356 η’λάσσω
813 1312 849 1343 Ve-

45 1402 46 1405 ,
62 1375 97 1402 net.
109 1386 131 1394 -·
154 1367 166 1399 1.
179 1366 210 1399 ult.
222 1365 268 1410 μήτε
280 1363 361 1410 διενοήθη
373 1367 387 1400 λ.
399 1377 418 1401 τε
431 1365 461 1401 καὶ
472 1364 560 1402 διδάσκειν
572 1364 624 1407 αῦτός
634 1363 665 1412 ἀφ’
676 1367 736 1403 ἑαυτοῦ
749 1364 776 1413 ἐφ’
785 1363 850 1412 ἅρματι

62 1426 143 1459 Venetus.

108 1481 162 1528 t’ag.
171 1481 223 1517 15⁰.
246 1481 257 1513 1.
272 1482 287 1515 ὃ.
300 1478 365 1524 ταύτην
377 1477 408 1524 τήν
424 1482 467 1513 Ven.
481 1499 500 1506 -
525 1481 537 1514 1.
547 1480 564 1515 9.
577 1476 604 1525 ἐφ’
613 1493 637 1526 η.
649 1478 685 1526 εἴγε
696 1483 774 1515 Vem-
797 1481 808 1515 1.
821 1482 848 1516 11.

62 1541 109 1582 τολμ.
122 1537 191 1582 γέγονε,
208 1548 258 1581 παρρ.
271 1538 314 1571 Ven.
338 1536 389 1570 Paulo
405 1543 445 1581 post
461 1536 479 1570 in
495 1537 557 1571 eodem
567 1537 611 1570 libro
627 1537 733 1571 desideratur
744 1530 768 1573 οῦ
783 1545 823 1571 ante
834 1538 850 1572 οἱ

64 1591 151 1629 αῦτολ-
180 1592 231 1628 1-14.
247 1590 332 1638 ἠρώτων,
348 1591 424 1628 οἱαῦτάι
440 1592 558 1639 πρεσβύτεροι.
582 1590 633 1630 ‘Oet
648 1590 777 1638 dpeVen.-—
799 1593 850 1629 1.15.

64 1649 137 1696 φάσκων
148 1647 186 1690 ότι,
203 1650 227 1685 Τί
236 1652 279 1684 Ven.
294 1670 313 1675 —
338 1651 349 1683 1.
361 1650 385 1684 16.
403 1649 432 1685 ἕνα
449 1649 489 1686 'teta
505 1649 598 1696 ἐπίσταμαι
612 1652 654 1685 Ven.
667 1669 689 1676 -
712 1651 723 1684 1.
736 1651 762 1686 18.
774 1654 811 1691 τοῖς
823 1646 851 1685 ὑπ’

66 1705 117 1743 αὐτοῦ
132 1707 157 1747 εἰς
172 1705 191 1743 τό
209 1708 250 1743 ῗδιον
265 1705 323 1752 δόγμα
339 1705 480 1751 μαθητενμένοις.
503 1704 599 1742 Ἐτελεύτα
614 1709 689 1740 Veu.—
713 1708 724 1742 1.
737 1708 765 1743 19.
778 1706 799 1752 ὁ,
811 1714 853 1740 ante

65 1765 154 1809 Μωῦσῆς,
172 1776 204 1798 om.
217 1765 271 1804 ven„
288 1763 339 1809 paulo
357 1769 397 1807 post
411 1762 452 1796 iude
470 1764 552 1807 praebens
567 1761 643 1808 ἀδελφός
662 1761 766 1809 ὦς’λαρολν
778 1763 795 1799 ἐν
807 1763 851 1810 τιμῇ

66 1820 127 1866 ἐτάφη.
137 1841 160 1847 -
175 1822 187 1855 1.
195 1822 222 1856 22.
234 1822 285 1857 τοῦτο
293 1819 313 1856 τό
326 1819 383 1865 δόγμα
393 1822 435 1853 Ven.
448 1839 471 1846 —
487 1820 535 1855 123.
548 1819 605 1856 αῦτῶν
617 1819 766 1861 κακοδιδάσκαλος
777 1822 820 1855 t'en.
829 1840 853 1847 -

66 1877 77 1911 1.
82 1879 110 1912 25.
122 1879 223 1923 φιλαληὲῶς
233 1880 276 1911 λέν.
286 1897 307 1903 -
325 1877 371 1911 132.
382 1874 417 1912 Ἐκ
427 1875 487 1913 τοῦτον
497 1870 526 1912 οῦν
536 1877 629 1922 Νοητιανολ
640 1877 664 1918 (οἱ
675 1877 730 1921 deest)
744 1879 786 1912 Ven.
804 1877 852 1912 Idem

66 1934 109 1968 liber
117 1936 168 1980 paulo
179 1943 219 1980 post
228 1935 247 1977 ἐξ
257 1932 309 1970 αῦτοῦ
320 1933 379 1970 τοῦτον
389 1933 409 1970 τό
421 1931 484 1979 δόγμα.
498 1953 519 1960 -
536 1934 547 1967 1.
559 1936 575 1968 ὀ.
589 1934 609 1967 ab
621 1934 653 1968 inf.
665 1934 724 1967 Verba
736 1933 772 1979 εἰμι
783 1932 799 1978 ὁ,
811 1944 853 1968 ante

67 1990 118 2034 θεός,
130 1993 190 2027 absunt
200 2004 210 2026 a
220 1994 262 2025 Ven.
274 2011 296 2019 —-
319 1992 330 2025 l.
342 1992 358 2026 3.
370 1991 391 2024 ab
402 1991 433 2024 inf.
444 1990 498 2026 τοίνυν
512 1989 589 2034 Χριστὸς
600 1990 684 2036 ἐγεννηῧη
701 1989 756 2026 ἐλὶλων
775 1990 783 2027 ὁ
800 1988 854 2031 αῦτός

68 2047 104 2084 ἐστι
115 2048 184 2093 πατῖγρ,
196 2046 206 2084 ό
216 2045 270 2088 αῦτός
281 2047 327 2083 ἐστιν
339 2046 377 2086 υἱός
389 2049 432 2080 Ven.

112 2107 166 2154 Peg.
174 2104 224 2142 152.
247 2105 259 2138 l.
270 2106 287 2140 2.
297 2101 352 2150 η’γαπ.
365 2101 393 2139 ὁπ’
406 2100 459 2139 αὐτοῦ
470 2105 513 2137 Ven.
526 2123 546 2129 -
570 2104 582 2137 1.
593 2102 609 2139 1.
622 2103 667 2148 φησὶ
677 2104 747 2138 retineri
757 2110 854 2149 potest.-

67 2161 79 2195 1.
89 2162 104 2197 6.
116 2161 177 2207 πάλιν,
194 2168 235 2207 post
245 2158 308 2204 αὐτὸς,
325 2172 358 2195 om.
368 2161 411 2195 Ven.
425 2181 445 2186 ψ
470 2160 482 2194 1.
494 2164 510 2196 δ.
523 2159 600 2207 Σαβαελν
610 2162 688 2195 vet-
714 2159 788 2197 l.11.0‘
799 2161 854 2203 artie,

68 2218 205 2265 αιιτεὲεόςτοῦ,
218 2220 304 2254 ontven.
317 2238 339 2245 —
362 2218 374 2251 1.
387 2218 414 2252 12.
427 2218 496 2262 corrige
505 2215 565 2265 Ὁρᾷς.
578 2237 600 2243 -
624 2217 636 2251 l.
649 2219 675 2254 18.
687 2219 729 2252 Post
738 2217 798 2263 μανίαν
807 2229 854 2263 pone

67 2283 188 2320 γουνάτων-
210 2276 257 2311 119.
275 2273 319 2320 ῥητά
335 2274 414 2320 φέρουσιν
432 2274 457 2315 εἰς
473 2272 556 2310 σύστασιν
570 2276 613 2308 Ven.
627 2294 649 2301 -
672 2275 684 2308 1.
699 2275 727 2309 20.
744 2278 781 2315 τοῖς
798 2272 855 2320 λόγοις

69 2332 151 2377 φάσκων,
167 2331 202 2374 Ὡς
210 2334 237 2379 (.)
247 2333 263 2369 οἱ
273 2344 313 2368 πατ.
325 2334 368 2366 Ven.
380 2351 403 2358 -
426 2332 437 2365 1.
444 2332 473 2366 25.
486 2332 551 2376 πατέρα
562 2330 602 2368 θεὸν
614 2332 644 2367 καλ
653 2330 689 2367 υἱόν
705 2333 748 2365 Ven.
760 2351 783 2358 -
806 2333 818 2366 1.
825 2333 855 2367 30.

69 2389 139 2435 Repone
150 2403 171 2424 ex
183 2392 250 2424 Veneto
260 2389 318 2425 Πάντι
329 2387 350 2425 δὲ(
359 2389 390 2434 τῷ.
403 2408 425 2415 -
442 2388 454 2421 1.
462 2387 490 2422 32.
503 2388 581 2433 ἔμπλεως
591 2393 669 2433 φανεῖται
680 2389 722 2423 ven.
735 2408 758 2415 —
780 2389 792 2422 1.
804 2391 820 2424 5.
834 2390 855 2422 ab

69 2446 100 2479 inf.
111 2448 140 2483 καὶ
150 2445 201 2484 αὐτὸν
212 2445 248 2483 υἱόν
258 2445 296 2490 (τὸν
306 2446 362 2491 deest)
374 2447 417 2479 Ven.
431 2465 453 2471 -
469 2445 481 2478 1.
488 2443 503 2479 1.
514 2446 536 2479 ab
544 2445 576 2478 inf.
588 2447 669 2490 λογισμοῦ
681 2445 712 2481 καὶ
723 2442 796 2491 εῦλόγον
808 2447 855 2490 κριδ.

70 2503 112 2537 Ven.
119 2524 141 2531 —
151 2505 163 2538 1.
170 2504 234 2550 penult.
246 2500 277 2550 ἀφ’
287 2498 338 2548 σῦπερ
349 2503 448 2549 γεγέννηται
457 2504 500 2537 Ven.
521 2504 539 2536 {n
549 2502 611 2536 eodem
620 2503 665 2537 libro
675 2503 797 2538 desiderantur
805 2503 857 2538 verba

70 2560 89 2602 (1,
100 2561 139 2603 ult.)
149 2561 166 2598 εἰ
177 2561 197 2599 δὲ
208 2559 266 2607 πατήρ
279 2560 324 2598 ἐστιν
335 2572 388 2607 usque
399 2560 421 2594 ad
432 2558 477 2606 άλλά
489 2559 509 2596 ἐκ
520 2558 584 2604 πατρὸς
596 2560 699 2605 γεγέννηται.

115 2615 229 2668 regua.
251 2615 412 2663 1.2.”Εστινγάρ,
425 2615 501 2653 ἔστιντὰ
514 2612 581 2662 εόλογον
594 2619 635 2651 ven.
648 2638 670 2645 -
693 2616 789 2654 131314.
809 2614 857 2662 ω’ςη

72 2670 151 2712 οἷπεῑδεια
167 2676 208 2723 (sic)
225 2675 254 2713 διὰ
270 2676 302 2721 τῆς
318 2676 367 2717 λείας
381 2677 423 2711 Ven.
435 2695 458 2702 -
480 2676 492 2709 1.
504 2677 520 2710 ’·.
537 2672 598 2715 όπαῖς
610 2687 642 2719 μον
654 2673 663 2712 ὁ
675 2672 766 2721 άγαπητᾶς
778 2678 822 2709 Ven.
834 2694 857 2702 -

71 2730 110 2767 tt.
122 2730 165 2781 δρᾷς
179 2735 217 2774 πῶς
231 2731 280 2778 φωνὴ
298 2732 328 2777 μὲν
343 2731 408 2779 πατρός
423 2734 465 2767 Ven.
477 2751 499 2759 -
522 2732 533 2765 l.
544 2725 567 2766 9.'
578 2730 595 2767 ἐν
607 2733 629 2778 τῇ
641 2727 765 2780 δόξηῇεἶγον
779 2734 822 2767 ven.
836 2751 858 2758 -

71 2786 83 2821 1.
91 2789 116 2824 12.
128 2787 161 2834 ότι,
173 2798 212 2825 ante
223 2785 285 2832 Οὗτος,
297 2802 330 2824 om.
342 2791 397 2831 Ven.,
408 2790 437 2835 qui
447 2789 509 2823 deinde
520 2787 576 2834 pergit
586 2786 642 2828 όνὶός
653 2801 691 2834 μου,
704 2787 756 2826 αὐτοῦ
772 2787 859 2826 α’κοόσατε

72 2845 107 2882 καλ.
121 2868 141 2875 -
164 2848 214 2884 1.15.
228 2846 303 2892 ὄπατῆρ
318 2846 335 2883 ἕν
351 2851 392 2892 (μον
402 2847 460 2892 deest)
476 2846 527 2891 ἐσμεν
541 2847 584 2879 ven.
607 2847 655 2880 Idem
664 2848 709 2881 liber
719 2848 760 2881 ibid.
773 2848 821 2880 delet
832 2842 859 2882 ότι

55 2946 57 2950 ι
73 2910 112 2938 ante
124 2902 180 2951 Ἐγώ.
192 2926 214 2932 -
229 2905 242 2939 1.
255 2906 280 2941 11.
291 2905 321 2940 τοῦ
331 2900 396 2949 despue
408 2901 460 2940 αῦτοῦ
471 2902 501 2939 καλ
510 2901 594 2947 οἷναμέσον
605 2914 646 2948 σημ.
658 2905 701 2937 Ven.
714 2924 736 2930 -
755 2905 768 2937 1.
774 2904 804 2937 20.
815 2899 861 2948 άλη-

73 2960 127 3002 Ξείας.
146 2962 186 2999 Ποῦ
197 2961 219 3000 δὲ
229 2973 270 3008 σαφ.
282 2963 324 2997 ven.
337 2980 358 2986 -
382 2961 394 2995 1.
405 2962 432 2997 22.
444 2960 479 3004 τόν,
491 2966 530 3006 post
541 2957 594 3005 ἐσημ.
605 2957 723 3003 ἐννπόστατον,
737 2972 770 2995 om.
781 2962 826 2995 ven.
836 2981 860 2988 -·

73 3016 85 3050 l·
94 3019 121 3054 24.
134 3018 265 3067 ἐκπορευόμενον
280 3018 310 3055 καλ
320 3018 340 3054 ἐκ
350 3019 380 3054 τοῦ
394 3017 435 3063 ἐμοῦ
453 3020 495 3053 Ven.
508 3038 531 3044 -
553 3017 566 3051 1.
576 3018 604 3052 25-
617 3017 729 3055 ε’ννπόστατον
740 3017 771 3054 καὶ
781 3016 811 3055 τόν
823 3017 861 3056 υἱόν

75 3076 104 3111 καλ
119 3077 165 3114 ἐννπ
181 3076 201 3113 τό
218 3075 266 3123 άγισν
282 3089 308 3113 ττι.
331 3076 368 3111 Καὶ
382 3075 431 3112 πάλιν
449 3078 491 3110 Ven.
508 3095 528 3100 —
558 3075 571 3108 1.
582 3076 611 3110 211.
628 3076 726 3111 καίτοιτοῦ
743 3088 769 3111 πν.
781 3077 824 3110 Ven.
838 3096 861 3120 -ξ

74 3132 87 3166 l·
96 3134 124 3170 29.
137 3136 236 3180 σνναληφῦν
248 3136 288 3180 (sie)
300 3137 342 3169 Ven.
355 3153 376 3160 -
399 3134 412 3167 1.
422 3134 451 3169 30.
463 3133 498 3170 ν’·ιὸν
508 3129 547 3177 ἤτοι
558 3132 577 3168 τό
589 3130 636 3178 ἅγιον
646 3135 688 3168 Ven.
700 3154 723 3159 -
746 3134 862 3169 1.ὀ.ει1)ίιι1.

666 3193 719 3236 41*
