1988 3392
49 899 220 950 laurentus
245 900 454 962 HAERESEON,
482 901 566 963 QUAE
589 902 623 949 ΙΝ
646 899 711 951 Huc
734 898 836 950 Panto

51 979 139 1030 T0t10
157 980 248 1029 LlBRl
265 979 565 1030 theodemandae:
584 980 638 1042 QUI
654 980 717 1029 EST
735 980 780 1030 EX
793 979 839 1029 IN-

103 1058 243 1109 S'l'l'l’ll'l'll
268 1058 427 1110 teneaat!
450 1060 572 1110 ORDINE
591 1060 632 1108 vt.
666 1059 700 1109 la
725 1059 787 1122 QUO

153 1139 326 1188 HAERESES
345 1140 485 1199 SEPTEM,
504 1139 734 1188 annuntiantis

292 1218 334 1268 ET
354 1219 599 1268 SCHISlliA'l'lBUS.

109 1355 124 1395 Ι,
141 1352 278 1394 Audianorum
295 1353 375 1409 proprie
387 1353 474 1395 schisma
487 1367 510 1394 ac
522 1353 619 1404 delectio,
641 1367 680 1394 non
692 1353 783 1395 haeresis
798 1359 842 1412 cst.

51 1419 127 1461 llorum
139 1421 189 1462 hene
204 1421 294 1461 instituta
311 1420 391 1461 vivendi
404 1421 455 1462 ratio
466 1428 504 1462 est.
536 1419 577 1461 Sed
589 1434 666 1475 neque,
683 1422 734 1476 qnod
746 1422 769 1461 ad
781 1421 839 1461 lidern

50 1488 132 1539 attinet,
149 1488 173 1529 ab
185 1487 270 1530 ccclesia
283 1488 379 1529 catholica
391 1488 518 1530 dissentiunt.
551 1487 647 1529 Habitant
659 1489 732 1544 majori
744 1503 771 1530 ex
782 1495 839 1544 parte

51 1556 71 1597 in
83 1556 217 1598 moriasteriis.
249 1555 375 1613 apocryphis
391 1556 446 1598 lihris
462 1564 482 1598 ct
493 1555 559 1598 nrultis
571 1563 591 1598 ct
601 1557 625 1598 ad
640 1557 738 1598 tasnatum
755 1557 840 1597 ahntrnr-

52 1631 92 1664 tur.
124 1622 246 1666 Communes
264 1625 367 1666 nobiscum
382 1625 484 1666 orationes
499 1639 539 1665 non
555 1624 636 1666 habent.
666 1623 720 1666 Nam
733 1624 839 1681 episcopos

52 1699 145 1744 nosnos,
168 1706 245 1735 necnon
257 1701 277 1735 et
290 1693 374 1745 divites,
397 1693 487 1750 aliosque
505 1693 646 1735 condemnant.
678 1692 839 1750 Quinetiampa-

52 1761 99 1804 seha
111 1761 202 1820 privatim
215 1763 284 1804 eudem
296 1777 335 1819 quo
347 1760 415 1805 ludaei
426 1769 514 1819 ternpore
526 1763 636 1805 celebrant.
668 1760 707 1805 Est
717 1770 737 1805 et
748 1762 839 1819 quiddam

52 1831 152 1889 peculiare
166 1832 225 1890 ipsis,
250 1832 301 1888 quod
311 1833 420 1875 defendunt
430 1846 506 1875 suirrma
518 1833 655 1875 conuentione.
687 1830 766 1891 Quippe
778 1834 838 1890 qnod,

52 1903 87 1942 Aa
100 1904 212 1955 imaginem,
229 1902 324 1959 scripturn
342 1909 372 1944 est
387 1902 456 1944 durius
470 1901 636 1959 interpretantur.

111 1971 136 2012 ll.
152 1968 275 2013 photiniani.
305 1970 404 2013 Photinus
422 1971 460 2013 iste
475 1969 551 2013 Sirmio
567 1972 663 2014 oriundos
680 1971 705 2014 ad
717 1970 839 2013 'hodiernum

52 2052 115 2094 usqne
131 2045 208 2096 tempus
224 2039 337 2081 oherrahat.
369 2039 409 2094 Qui
423 2040 501 2094 quidem
520 2041 589 2081 eadem
608 2055 652 2081 cunr
665 2038 729 2082 Paulo
745 2039 840 2081 Samosa-

53 2114 100 2148 teno
115 2108 183 2149 sentit.
214 2106 317 2150 Nonnulla
333 2116 379 2149 sunt
397 2115 472 2159 tamen,
497 2108 516 2149 in
535 2108 605 2163 quihus
621 2108 646 2149 ah
662 2108 732 2149 eodem
747 2108 839 2150 dissidet.

52 2173 106 2217 ldem
122 2177 134 2217 e
148 2174 214 2218 Maria
230 2173 333 2218 Christum
348 2175 425 2218 initium
441 2175 519 2232 penitus
534 2175 636 2231 accepisse
651 2182 718 2231 putat.

110 2245 145 2285 lll.
168 2242 302 2287 Marcelliani.
334 2244 410 2286 Horum
426 2242 537 2286 Marcellus
555 2251 625 2286 auctor
643 2243 722 2296 extitit,
745 2242 841 2300 Ancyrae

52 2312 71 2353 in
86 2311 165 2354 Galatia
181 2314 297 2370 episcopuS,
319 2313 353 2368 qui
365 2327 409 2354 curn
422 2312 479 2354 initio
491 2327 527 2368 pro
539 2311 654 2355 Sabelliano
670 2311 772 2354 communi
790 2314 842 2354 lama

52 2380 154 2422 traductus
169 2388 235 2431 esset,
261 2381 347 2437 scipsum
363 2381 423 2422 etiam
439 2380 514 2436 scripto
526 2394 675 2437 saepenumero
695 2387 812 2436 purgasset,
829 2394 842 2422 a

52 2447 152 2505 plerisque
169 2456 235 2491 tameo
253 2449 349 2491 creditum
367 2448 432 2490 estad
446 2450 525 2490 easdem
539 2449 602 2505 ipsam
620 2448 725 2505 opiniones
745 2448 842 2489 adhaere-

53 2529 118 2558 sccrc.
150 2515 205 2558 Fieri
221 2523 286 2573 potest
299 2523 320 2558 ut
332 2516 364 2557 vel
375 2516 418 2572 ipse
433 2522 507 2557 martam
521 2517 621 2559 sententia
637 2516 739 2557 meliorem
750 2517 774 2555 ad
786 2529 842 2556 meu-

54 2589 92 2624 tcm
113 2597 160 2626 scsc
183 2584 321 2637 revocaverit,
344 2584 377 2626 vcl
394 2584 549 2640 ejusdiscipuli.
584 2583 637 2626 Nam
655 2598 692 2638 pro
705 2583 796 2638 utrisque
809 2596 843 2624 cr·

53 2650 135 2693 thodoxi
153 2651 231 2707 qnidam
247 2666 293 2694 sese
308 2652 426 2693 defensores
442 2651 613 2706 interposuerunt.

111 2721 144 2762 lV.
162 2718 291 2762 semiariani.
324 2718 426 2763 Christum
439 2719 466 2761 illi
478 2725 591 2762 creaturum
605 2719 740 2770 assertivum,
760 2718 795 2760 scd
808 2732 842 2759 ca-

53 2785 140 2829 villando
161 2794 228 2830 tamen
246 2795 320 2843 negant
336 2794 448 2830 ceterarum
470 2795 606 2830 creaturarum
624 2802 670 2829 csse
686 2786 782 2837 similem,
805 2786 842 2826 sed

75 2889 105 2922 an.
117 2908 139 2916 -·
153 2889 167 2923 l.
180 2885 214 2926 aiod
226 2900 257 2924 cm.
269 2891 303 2924 ced.
316 2892 382 2932 Rhedip.
479 2886 495 2923 l.
507 2888 549 2932 daha
561 2889 594 2934 γὰρ
606 2891 641 2926 τῶν
653 2886 706 2924 αὐτοῦ
721 2885 777 2932 λόγων
790 2884 842 2930 c'p‘to'-

75 2934 92 2968 2.
110 2932 260 2981 ἀπολογησάμενυς
276 2937 298 2970 lc.
314 2937 434 2979 Hammonem
457 2933 503 2976 δοξοί
517 2947 562 2976 τινες
575 2935 625 2982 μέσοι
635 2931 808 2980 ιῖπεραπελογήσαυτο
819 2934 842 2968 lc.

53 2981 95 3022 quad
106 2991 161 3016 omnm
172 2983 239 3017 uidetm.
457 2983 571 3019 Dunenseenns.

76 3027 88 3060 ὃ
104 3025 212 3071 διυρΰώσατο
220 3030 262 3064 editi.
274 3026 404 3073 acaephalorum
413 3030 435 3063 n.
482 3029 498 3062 a.
511 3027 542 3063 καὶ
552 3030 631 3070 Anaceph.

53 3072 167 3109 damascenas.
482 3071 499 3108 li.
510 3071 676 3120 drcpcnctcncditec
686 3074 767 3117 cnecon.

666 3131 703 3177 l*
