1988 3392
234 247 327 281 raanan
338 248 381 281 nra.
391 248 420 281 tu.
433 249 488 282 rom.
498 249 518 281 ιι.
530 247 599 281 unna.
607 246 696 280 Lxxvn.
758 276 761 280 ,
815 236 857 278 397

71 325 137 385 guinis
147 324 196 378 fuit,
218 332 238 368 et
248 326 352 368 humanam
363 326 446 368 haberet
456 328 552 379 animam,
575 326 629 368 nullo
644 332 710 367 tamen
722 325 780 366 modo
796 323 820 366 ab
833 338 856 365 ea

72 401 138 438 mente
148 393 169 434 in
181 395 325 450 captivitatem,
343 403 364 436 ut
374 395 402 436 ita
412 396 483 447 dicam,
499 411 522 438 aa
534 396 650 438 servitutem
663 394 773 435 redactum.
803 392 856 434 Nam

71 464 88 508 si
100 462 213 519 apostolus,
234 463 265 505 cui
284 464 364 522 propria
383 465 479 521 quaedam
496 471 659 508 monsanatura
672 469 715 506 erat
726 463 797 515 insita,
820 462 856 505 hu-

71 548 129 578 mana
141 532 234 583 videlicet
244 548 267 576 ac
280 542 359 592 praeter
368 534 431 592 ipsam
444 535 490 588 alia,
507 550 563 592 quam
575 550 601 578 en
612 534 706 578 caelestis
718 533 764 575 doni
774 548 797 575 ac
810 547 856 589 gra-

71 606 109 665 tiae
120 603 251 659 beneficiique
269 605 420 661 participatione
440 612 541 657 traxerat,
565 620 603 647 uon
620 605 660 647 iam
678 604 703 647 ad
720 604 792 645 mentis
808 617 856 645 suae

72 673 213 733 praescriptum
231 673 290 714 vitam
306 673 404 729 dirigebat
416 689 485 726 suam,
509 675 544 716 sed
558 674 664 716 excellenti
676 677 760 730 quodam
774 680 857 714 naturae

71 741 162 785 instituto
177 742 275 797 ductuque
287 740 363 784 Christi
378 751 444 784 mente
457 743 563 798 insignitus
576 752 596 784 et
608 751 691 784 ornatos
704 750 759 793 erat,
783 748 857 797 quanto

29 819 31 822 ’
72 810 135 866 magis
146 810 178 851 dei
189 810 284 862 verbani,
301 811 352 866 quod
364 810 384 851 in
397 825 443 853 sese
454 812 596 867 perfectionem
608 825 686 852 omnem
699 811 799 861 eontinet,
816 810 856 851 imo

71 880 114 936 ipsa
126 878 221 934 perfectio
232 885 275 930 est,
291 878 381 935 ipseper
393 893 439 920 sese
454 880 515 931 deus,
531 880 595 921 virtus
607 880 661 934 ipsa,
682 893 738 920 mens
750 880 805 935 ipsa,
827 879 857 920 lu-

72 960 118 989 men
129 946 206 1001 ipsum,
223 953 308 987 mentem
320 961 343 987 ac
354 954 416 987 totum
429 961 501 1002 corpus
512 947 630 1002 complevit,
647 947 679 987 vel
690 947 773 1001 perfecit
782 947 855 1002 potius,

73 1021 92 1055 et
104 1027 141 1055 sua
153 1013 211 1055 nohis
225 1013 363 1054 incarnatione
380 1013 498 1054 cumulatam
512 1013 565 1054 omni
578 1020 671 1069 exparte
682 1014 765 1054 salutem
779 1014 857 1055 attulit?

72 1081 110 1124 Est
120 1080 182 1137 igitur
191 1080 270 1122 illorum
281 1081 320 1122 iste
330 1094 397 1122 sermo
407 1080 549 1137 repudiandus,
566 1081 599 1137 qui
611 1081 683 1122 nullam
696 1081 794 1135 dogmatis
806 1081 857 1122 illius

73 1150 237 1205 significationem
248 1149 326 1209 habet,
342 1150 492 1205 cavendumque
508 1164 534 1191 ne
551 1164 590 1191 non
607 1151 673 1191 omnia
684 1151 704 1191 in
720 1148 801 1192 Christo
813 1163 858 1205 per-

72 1220 138 1273 fecta,
160 1225 240 1276 praeter
250 1226 365 1276 peccatum,
388 1232 509 1262 asseramus.
540 1216 643 1277 Siquidem
655 1219 742 1262 divinum
753 1219 801 1261 illud
812 1233 858 1261 ver·

73 1291 118 1333 bum
131 1289 198 1332 omnia
213 1303 235 1332 re
251 1289 294 1346 ipsa
309 1289 420 1346 praestitit,
443 1296 462 1331 et
480 1303 530 1347 qnae
544 1289 603 1333 dese
619 1290 663 1347 ipso
679 1291 712 1333 diu
725 1298 771 1332 ante
785 1290 859 1347 scripta

74 1362 153 1402 fuerant
161 1359 261 1416 implevit3
278 1360 305 1401 uti
318 1373 396 1401 sacrum
406 1360 453 1401 illud
466 1360 580 1402 vaticinium
593 1361 725 1413 demonstrat,
740 1364 791 1401 Ecce
801 1364 857 1413 vargo
866 1369 953 1408 marana.

73 1432 220 1483 concarnatur.
256 1427 308 1469 Tum
328 1443 377 1470 vero
394 1443 416 1470 re
433 1429 488 1485 ipsa,
512 1444 551 1470 non
571 1430 638 1485 specie
655 1438 713 1472 tenus
728 1437 818 1485 gestatus
837 1430 857 1470 in

74 1506 143 1549 utero,
159 1498 180 1538 in
192 1511 230 1552 quo
241 1503 262 1538 et
272 1510 344 1538 revera
356 1497 436 1552 genitus
447 1505 503 1550 erat,
519 1499 627 1539 secundum
639 1513 689 1554 qnae
700 1513 749 1540 vere
760 1499 813 1539 iuter
823 1499 858 1539 lio-

74 1567 137 1608 miues
147 1580 191 1607 oum
204 1556 264 1606 earne
275 1573 366 1607 versatus
377 1573 416 1618 est,
434 1580 522 1619 carnem,
534 1566 618 1608 animam
630 1581 653 1608 ac
663 1574 758 1618 mentem,
775 1574 795 1607 et
805 1567 859 1621 quic-

75 1635 120 1691 quid
134 1634 186 1676 aliud
198 1633 257 1674 domo
268 1641 311 1685 est,
334 1642 540 1690 praeterpeccatum,
560 1635 580 1677 in
591 1649 637 1677 sese
649 1636 773 1691 complexus.
804 1634 859 1675 ldem

75 1702 279 1758 exvirginisutero,
301 1710 465 1754 esacrosancta,
487 1703 579 1758 inquam,
599 1704 691 1759 virgine,
712 1718 752 1745 non
768 1704 859 1745 exvirili

75 1777 130 1822 satu,
147 1785 218 1813 revera
233 1772 320 1826 genitus.
352 1769 405 1824 Qui,
426 1778 447 1812 ut
463 1771 516 1823 dixi,
538 1785 611 1822 carne,
633 1772 699 1812 aninra
715 1779 736 1812 et
752 1778 819 1812 mente
837 1785 859 1812 re

75 1838 117 1894 ipsa
132 1846 240 1890 constans,
262 1852 298 1893 per
315 1839 417 1879 naturales
432 1839 582 1893 parturientium
598 1847 675 1880 meatus
692 1853 763 1880 revera
779 1839 858 1893 prodiit,

75 1913 95 1947 et
110 1907 131 1947 in
147 1907 237 1963 praesepi
253 1906 321 1947 fasciis
336 1906 453 1959 obvolutus,
476 1905 568 1948 aMaria
583 1914 685 1962 gestatus,
710 1913 755 1962 post
774 1908 824 1947 haec
838 1907 859 1947 in

76 1975 188 2032 Aegyptum
199 1975 323 2016 descendens
339 1975 425 2016 indidem
442 1983 555 2031 reportatus
566 1983 608 2029 est3
632 1976 703 2016 deiude
714 1975 813 2017 Nazareti
826 1976 860 2016 de-

76 2058 136 2101 gens,
159 2052 217 2102 atque
236 2043 281 2086 hine
298 2044 323 2086 ad
336 2042 439 2086 lordanem
452 2045 561 2097 accedens,
583 2061 595 2087 a
608 2043 683 2087 loanne
698 2044 823 2103 baptizatus,
840 2052 860 2087 et

76 2122 164 2159 tentatus
175 2130 186 2159 a
197 2115 294 2168 diabolo,
317 2129 365 2157 vere
380 2114 418 2156 sihi
433 2116 539 2173 discipulos
552 2115 647 2169 adscivit,
669 2130 693 2158 ac
710 2117 810 2158 coelorum
827 2129 859 2157 re·

77 2200 136 2242 guum
147 2185 264 2229 denuntiare
277 2185 353 2246 coepit,
375 2187 536 2241 quemadmodum
550 2194 570 2228 et
581 2186 620 2228 alia
631 2186 697 2228 omnia
709 2201 731 2228 re
742 2186 797 2243 ipsa,
818 2200 859 2228 non

76 2255 121 2297 ficte
132 2257 227 2313 suscepit.
258 2253 319 2297 Velut
329 2269 373 2296 crim
384 2262 424 2297 eta
434 2253 481 2296 luda
490 2256 579 2312 proditus
589 2263 609 2296 et
619 2269 630 2297 a
641 2254 719 2298 ludaeis
730 2256 860 2311 eornprelreu-

76 2338 123 2377 sus,
139 2325 216 2368 oblatus
227 2323 300 2367 Pontio
312 2322 385 2376 Pilato,
402 2331 422 2366 et
433 2324 457 2365 ab
471 2339 495 2366 eo
506 2333 570 2366 morte
582 2326 685 2367 damnatus
697 2334 756 2381 atque
766 2327 787 2367 in
800 2338 860 2366 eruce

77 2395 160 2436 suffixus
172 2402 210 2437 est.
240 2392 327 2435 Perinde
345 2393 397 2434 bona
413 2400 433 2434 et
447 2394 494 2435 illud
506 2394 544 2434 lide
556 2394 620 2446 dixit,
640 2398 702 2445 Sitia,
719 2398 763 2436 date
773 2397 821 2434 malai
831 2396 859 2434 bi-

77 2463 132 2512 dere,
156 2470 177 2504 et
193 2462 244 2518 quod
257 2462 344 2503 oblatum
361 2470 404 2503 erat
415 2469 492 2503 acetum
504 2477 547 2503 cnm
563 2463 608 2504 felle
621 2464 685 2519 cepit,
707 2478 729 2505 aa
739 2462 859 2517 degustavit,

77 2544 141 2585 neque
153 2531 256 2586 quiequam
273 2536 331 2585 potus
345 2530 429 2585 amplius
440 2531 525 2571 admisit.
558 2529 598 2571 Sed
611 2538 630 2571 et
641 2532 712 2572 affixus
722 2531 776 2571 cruci
788 2545 862 2571 revera

78 2597 243 2649 sicexclamavit,
260 2600 300 2646 Eli,
317 2600 357 2646 Eli,
374 2600 560 2638 lammasabactani:
577 2598 634 2649 iude,
651 2608 709 2652 caput
719 2602 814 2639 inclinans
825 2615 859 2638 eac-

78 2669 164 2718 spz'raua't.
197 2665 250 2706 Tum
267 2665 355 2705 eiusdem
366 2680 439 2721 corpus
456 2680 504 2707 vere
517 2668 541 2707 de
553 2680 612 2706 cruce
624 2667 746 2717 detractum,
769 2667 860 2707 manilius

79 2741 236 2786 contrectatum,
252 2747 263 2774 a
275 2731 359 2789 losepho
372 2732 438 2774 linteis
448 2734 558 2776 involutum
570 2741 590 2775 et
599 2733 620 2774 in
631 2743 779 2776 monumentum
789 2748 863 2775 revera

80 2802 200 2859 depositum,
222 2803 254 2844 cui
266 2803 316 2858 lapis
330 2803 355 2842 ad
371 2796 520 2845 custodiendum
536 2804 632 2845 obductus
646 2811 684 2845 est.
716 2802 830 2858 Quinetiam
843 2811 863 2844 et

80 2872 104 2914 ad
115 2873 192 2916 inferos
207 2873 269 2931 ipsius
281 2871 373 2915 divinitas
385 2888 429 2915 oum
442 2874 507 2916 anima
519 2874 632 2926 descendit,
654 2889 740 2932 eosque,
757 2873 790 2931 qui
801 2872 863 2915 vincti

80 2942 120 2986 illic
130 2944 276 2999 attinebantur,
297 2944 318 2986 vi
333 2958 369 2986 sua
383 2958 407 2986 ac
423 2946 511 3002 potentia
526 2945 629 2998 liberavit3
653 2953 693 2988 tum
709 2945 760 2987 idem
775 2944 806 2986 dei
817 2957 863 2987 ver-

80 3012 126 3056 bum
142 3030 186 3058 curu
202 3015 268 3058 anima
284 3030 321 3058 sua
335 3013 462 3059 sanctissima
478 3031 556 3059 sursum
572 3030 690 3072 emergens,
706 3023 727 3057 et
740 3013 863 3072 captivorum

103 3105 120 3140 8.
132 3107 265 3153 ac‘tatpodueror
276 3111 338 3151 placuit
348 3111 416 3144 Petavr'r'.
507 3109 523 3144 9.
536 3108 585 3153 λόγος
597 3110 640 3142 otest
650 3119 661 3142 a
673 3110 707 3142 aad.
719 3109 786 3151 Rliedi‘q.
