1988 3392
197 237 291 272 aauaau
303 238 347 272 um.
357 238 388 271 ru.
399 239 455 273 Tou.
464 241 485 273 u.
496 226 575 272 uxros.
586 238 631 271 utu.
643 237 740 271 carnot.
818 228 860 270 505

75 322 178 380 praclarum
193 331 252 370 esse,
275 318 368 360 muudum
381 317 444 374 ipsum
460 318 595 371 initiatorum,
617 317 683 360 afflatu
696 317 797 360 numinum
815 331 860 358 cor-

77 397 156 447 reptos,
173 387 330 429 ceremoniarum
346 401 369 428 ac
384 387 457 429 rituum
472 388 536 430 vicem
551 388 650 430 obtinere.

134 455 223 500 Perseus
238 456 317 498 Zenoni
333 454 412 512 penitus
427 457 543 513 astipulatus
558 465 596 499 est.

134 523 259 581 Chrysippus
270 524 361 567 Solensis
375 526 462 567 nefarias
474 533 493 567 et
506 525 584 567 illicitas
599 527 654 582 leges
667 524 743 567 sanxit.
773 523 826 566 Nam
839 531 859 566 et

78 596 128 639 lilios
140 608 184 636 cum
195 594 290 635 matribus
302 601 377 636 etcum
391 594 468 636 filiabus
480 601 546 651 patres
561 595 690 637 commiscere
705 606 790 648 corpora
803 593 859 634 vole-

77 665 117 707 bat.
149 661 171 703 lu
185 663 258 704 ceteris
273 677 317 704 cum
329 660 422 705 Cittieusi
436 662 520 705 Zenone
530 663 636 704 sentiebat.
668 662 761 705 Addebat
771 669 791 703 et
802 661 858 713 illud,

78 739 99 773 ut
110 731 199 772 humanis
211 730 304 773 carnibus
316 732 437 773 vescendum
450 738 554 774 statueret.
585 731 679 774 Ultimum
690 731 788 772 bonorum
801 730 859 771 linem

78 799 137 841 animi
151 798 274 840 iucunditate
288 799 415 840 metiebatur.
447 848 449 851 ,

134 864 238 921 Diogenes
253 864 376 923 Babylonius
392 866 458 908 omnia
474 880 500 908 ex
515 867 616 923 voluptate
631 873 723 908 antistare
740 865 843 908 censebat.

134 999 243 1043 Panaetius
254 1000 345 1043 Rhodius
361 1002 454 1043 muudum
465 1001 572 1042 affirmabat
583 1001 726 1052 immortalem,
751 1014 816 1057 neque
828 1015 860 1042 se-

78 1070 110 1112 nio
122 1083 145 1112 ao
158 1077 257 1112 vetustate
271 1070 350 1112 confici.
381 1069 530 1112 Divinatiouem
548 1070 636 1112 funditus
646 1070 770 1127 repudiabat.
803 1067 860 1124 Quae

78 1140 101 1180 de
114 1140 151 1180 deo
163 1146 293 1191 asseruntur,
311 1139 421 1181 auertebat.
453 1138 555 1181 Summum
570 1139 656 1181 bominis
668 1140 741 1181 bouum
752 1139 773 1180 iu
786 1138 860 1180 diuitiis

78 1222 100 1250 nc
116 1208 202 1251 sanitate
217 1208 311 1266 ponebat.

134 1276 254 1321 Posidonius
271 1278 391 1336 Apamensis
408 1293 505 1322 summum
522 1278 608 1322 bominis
626 1278 699 1321 bouum
714 1278 735 1321 iu
751 1277 826 1321 divitiis
841 1284 862 1320 et

77 1348 161 1391 sanitate
177 1348 270 1405 ponebat.

134 1417 276 1460 Athenodorus
287 1417 397 1478 Tarsensis
409 1417 478 1459 eadem
490 1431 533 1459 cum
543 1416 656 1474 Chrysippo
669 1431 692 1459 ac
706 1416 790 1459 Zenone
812 1417 860 1472 dog-

77 1491 129 1527 mata
144 1485 214 1527 tenuit.

134 1552 246 1610 Epicurus,
261 1553 346 1596 Neoclis
358 1554 422 1607 tilius,
439 1554 525 1597 Athenis
536 1555 632 1597 educatus
640 1554 786 1611 voluptuariam
798 1553 859 1595 vitam

78 1623 181 1679 amplexus
198 1630 237 1665 est.
275 1622 344 1680 ltaque
364 1638 407 1665 cum
424 1624 562 1666 meretricibus
579 1624 655 1680 publica
673 1623 716 1665 siue
730 1622 771 1666 ullo
786 1622 866 1664 rubore'

79 1693 242 1734 cousuetudinem
259 1692 339 1745 habuit,
361 1700 442 1749 praeter
459 1706 482 1735 ea
499 1707 550 1748 quae
566 1693 590 1734 de
605 1693 639 1734 illo
655 1693 721 1750 operis
734 1691 791 1734 huius
804 1691 861 1732 initio

78 1760 201 1817 scripsimus.
232 1760 289 1803 Deos
307 1775 353 1803 esse
365 1762 430 1803 nullos
443 1762 520 1813 aiebat,
543 1762 578 1803 scd
590 1762 682 1803 fortunae
695 1761 778 1803 arbitrio
790 1767 861 1802 cuncta

78 1829 193 1882 gubernari.
230 1829 287 1871 Nihil
303 1830 323 1871 iu
340 1830 413 1871 mundo
430 1830 563 1871 voluntarium
581 1826 604 1871 ac
620 1829 703 1871 liberum
717 1830 798 1881 inesse,
820 1843 861 1869 nou

79 1896 213 1953 disciplinam,
235 1912 274 1939 nou
295 1898 427 1953 imperitiam,
450 1912 490 1939 uon
505 1898 558 1939 aliud
574 1899 691 1953 quicquam,
712 1897 747 1939 sed
769 1897 861 1938 omuibus
898 1932 900 1939 t

79 1965 144 2006 omnia
162 1972 242 2021 praeter
258 1966 381 2008 voluntatem
399 1966 498 2008 accidere.
532 1965 639 2008 Neminem
655 1967 730 2007 idcirco
744 1965 861 2021 vituperan-

79 2032 135 2084 dum,
158 2041 192 2076 aut
207 2034 357 2076 collaudandum
375 2048 432 2085 esse,
454 2048 478 2075 eo
495 2035 546 2088 qnod
562 2034 609 2076 nibil
626 2034 738 2075 istiusmodi
754 2047 781 2075 ex
797 2032 861 2074 libero

79 2101 138 2142 animi
156 2102 237 2144 decreto
253 2102 355 2158 suscipiat.
392 2101 480 2143 Mortem
496 2102 581 2156 negabat
598 2116 683 2156 uuquam
702 2115 748 2143 esse
767 2100 861 2157 pertime-

79 2170 179 2212 scendam.
211 2167 277 2221 idem,
298 2177 320 2211 ut
335 2178 394 2212 autea
409 2170 462 2222 dixi,
486 2185 514 2212 ex
525 2170 596 2212 atomis
611 2178 673 2211 totum
691 2169 728 2211 boc
743 2170 860 2212 uuiversum

79 2246 183 2290 constare,
200 2245 220 2279 ct
234 2239 255 2279 in
269 2237 347 2280 inlinito
362 2239 426 2295 spatio
440 2239 534 2280 mundum
550 2253 595 2281 esse
610 2238 746 2295 profitebatur.

135 2305 163 2348 lti
177 2314 224 2349 sunt
239 2313 339 2349 sectarum
356 2307 406 2364 apud
424 2305 514 2349 Graecos
530 2307 655 2359 conditores,
680 2321 729 2362 quos
747 2306 858 2363 comperire
874 2319 952 2365 caput.

79 2374 185 2430 potuimus.
218 2363 275 2431 Quod
287 2376 310 2418 ad
320 2375 370 2418 alios
382 2383 471 2433 spectat,
488 2376 521 2433 qui
530 2377 584 2419 inter
593 2376 703 2428 barbaros,
720 2382 754 2418 aut
764 2375 785 2419 iu
797 2375 861 2420 Grae-

79 2444 110 2486 cia
121 2459 144 2488 ac
156 2444 293 2488 Romanorum
305 2446 388 2502 regione
403 2446 472 2489 aliisve
489 2447 555 2488 muudi
572 2447 668 2489 tractibus
682 2454 820 2498 emerserunt,
841 2448 862 2490 iu

79 2510 173 2557 ludorum
191 2515 272 2557 natione
286 2514 371 2558 LXXll
388 2516 541 2558 absurdissimae
557 2515 693 2573 philosophiae
709 2522 776 2558 sectae
793 2531 862 2559 uume-

78 2591 159 2637 rantur,
175 2585 230 2627 velut
242 2584 455 2643 Gymnosophistarum
468 2594 488 2627 et
501 2584 683 2637 brachmanorum,
705 2599 755 2641 quae
768 2586 824 2628 solae
836 2601 863 2629 cx

80 2653 170 2696 omuibus
184 2654 294 2697 laudandae
311 2662 365 2697 sunt.
401 2654 453 2697 Tum
470 2654 730 2706 Pseudobracbmauorum,
755 2662 861 2697 eteorum

80 2722 112 2775 qui
122 2731 244 2765 mortuorum
257 2723 387 2766 cadaveribus
398 2731 518 2776 vescuntur,
540 2731 560 2766 et
570 2723 604 2779 qui
617 2724 752 2767 foedissimam
763 2739 805 2766 rem
817 2739 862 2781 per·

79 2858 116 2891 edit.
126 2862 178 2900 princ.
201 2857 262 2905 ἀγήρω
272 2861 362 2894 emendavit
372 2862 420 2893 ettam
429 2863 459 2894 los.
505 2859 533 2895 24.
544 2858 646 2900 ποσιδιόυιος
653 2863 704 2895 codd.
716 2871 753 2895 mss.
762 2865 836 2902 utaque,
848 2864 862 2894 at

79 2903 155 2946 Sccttper.
185 2909 271 2940 comorius
286 2908 332 2939 certat
346 2905 460 2938 immortalem
482 2909 518 2941 edit.
528 2909 579 2948 princ.

80 2954 97 2979 et
113 2949 244 2993 immutabilem,
262 2956 279 2984 ut
293 2948 373 2995 ἄτρεπτον
385 2953 459 2985 uidentur
505 2953 533 2986 25.
545 2949 574 2985 adu
586 2954 632 2984 codd.
643 2963 680 2986 mss.

79 2997 168 3035 suspicatus
180 3007 217 3031 esec.
504 2997 532 3031 26.
544 2996 622 3036 νεοκλεῦς
634 3000 680 3031 codd.
692 3008 728 3030 mss.
741 3000 755 3030 et
765 2999 802 3030 edit.
810 3000 862 3038 princ.

102 3040 129 3074 23.
142 3040 181 3077 neto
193 3044 227 3077 cod.
238 3044 304 3085 Rhada'p.
504 3043 532 3077 27.
546 3041 575 3076 καὶ
591 3045 667 3076 omissum
681 3045 695 3075 h.
707 3045 717 3075 t.
727 3045 745 3075 to
755 3044 792 3075 edit.
805 3044 861 3076 Petcc.

483 3090 535 3124 Coton.
547 3092 595 3129 repet.
607 3092 667 3133 etpost
678 3085 747 3133 ἀτόμων
763 3090 861 3122 collocatum.
