1988 3392
341 264 561 304 anacarnaaaeosis.
802 249 843 301 563

61 355 151 400 nimirum
166 350 278 394 sanctitatis
293 350 429 393 conciliandae
445 351 482 392 sibi
496 352 573 407 gratia,
595 349 758 406 quemadmodum
774 345 845 390 Sama-

62 427 119 467 ritae.

119 486 254 529 Valentiniani
272 500 377 542 corporum
396 487 564 533 resurrectionem
582 492 663 540 negant.
701 483 764 525 Vetus
783 492 846 525 testa-

62 563 147 600 mentum
158 568 182 594 ac
192 553 298 607 propbetas
310 560 414 608 respuunt.
446 551 504 606 Quae
514 553 642 593 nihilominus
653 554 723 606 legunt
731 552 782 606 ipsi,
799 551 847 592 etsi

62 624 106 681 quid
123 621 216 676 estquod
228 620 252 660 ad
267 620 345 662 illorum
360 621 452 662 haeresin
469 635 504 677 per
518 622 598 676 liguram
612 634 635 663 ac
647 628 725 677 tropum
735 634 847 661 accommo-

62 692 103 735 dari
114 690 188 747 possit,
210 689 229 730 id
240 690 351 732 admittunt.
384 687 424 732 Sed
442 697 507 732 certas
525 691 617 746 quasdam
631 689 708 738 tabulas
721 689 847 741 addiderunt,

63 771 83 808 ct
94 760 174 817 triginta
187 760 279 802 Aeonum
292 760 394 817 utriusque
407 775 470 803 sexus
481 761 578 803 vocabula
596 761 702 803 commenti
718 767 777 812 snut,
799 773 848 816 quos

64 833 139 890 quidem
151 830 233 872 Aeonas
247 830 271 871 ab
284 831 423 872 universorum
440 838 523 887 parente
539 845 562 872 ac
575 831 678 872 conditore
696 831 803 885 productos
816 843 849 871 as-

64 908 143 952 serunt,
165 913 215 954 quos
228 906 247 939 et
259 899 307 940 deos
319 906 339 940 et
351 900 433 941 Aeonas
445 900 526 941 farciunt.
559 899 642 941 Demum
655 897 758 941 Christum
769 913 780 940 e
791 898 848 939 coelo

64 984 134 1026 corpus
147 967 257 1019 extulisse,
278 971 302 1009 ac
316 982 352 1023 per
366 967 453 1010 Mariam
466 969 577 1010 traductum
589 982 634 1009 esse
646 968 701 1009 velut
714 982 750 1024 per
760 967 849 1009 tnbnlum

65 1038 187 1081 existimant.
507 1046 509 1048 ·

121 1103 255 1155 Secundiaui,
272 1118 381 1158 eorumque
394 1104 443 1145 socii
457 1103 570 1159 Epiphanes
583 1111 642 1158 atquc
656 1104 757 1154 Isidorus,
780 1104 850 1143 eadem

65 1174 116 1214 inter
132 1185 154 1212 se
168 1162 223 1227 paria
240 1179 383 1226 componentes
400 1186 444 1212 cum
462 1170 575 1212 Valentinis
593 1171 733 1222 consentiunt3
757 1170 851 1211 nonnulla

66 1248 129 1281 tamen
142 1239 167 1280 ah
180 1239 205 1280 iis
223 1240 302 1280 diversa
319 1245 406 1292 ponunt,
427 1239 484 1279 etad
497 1239 574 1279 foedam
590 1238 672 1295 insuper
684 1237 785 1279 libidinem
803 1251 851 1279 suos

66 1307 177 1348 instituunt.
208 1308 268 1348 lidcnr
285 1313 305 1347 et
319 1306 478 1348 incarnationem
495 1314 577 1361 negant.

122 1373 234 1417 Ptolemaei
254 1373 355 1417 Valentini
374 1374 464 1433 discipuli
481 1376 572 1428 luerunt,
596 1375 711 1433 quibuscum
725 1373 787 1418 Flora
805 1390 852 1418 oou-

67 1446 160 1502 iungitnr.
191 1444 334 1502 Paridemque
348 1446 419 1501 dogma
435 1447 460 1489 de
475 1446 649 1502 contingationibus
664 1446 704 1488 illis
719 1461 762 1489 cum
777 1445 852 1489 Valen-
887 1468 889 1471 v

67 1517 107 1558 tino
119 1531 142 1557 ac
154 1514 286 1558 Seoundianis
298 1516 415 1568 adstruunt,
437 1517 471 1558 sed
485 1517 505 1558 in
517 1517 633 1572 quibusdam
646 1524 712 1578 tannen
728 1516 851 1572 discrepant.

127 1652 184 1695 Haec
196 1661 227 1694 est
237 1653 319 1695 secundi
332 1654 378 1695 tomi
392 1654 448 1709 primi
462 1654 568 1695 voluminis
580 1668 669 1706 summa,
686 1668 736 1710 quae
748 1655 795 1694 Xlll
807 1653 854 1695 bae-

71 1735 125 1762 reses
141 1721 286 1777 complectitur.
822 1713 824 1715 ¹

126 1790 155 1845 At
163 1789 183 1830 iu
195 1791 230 1830 lll.
244 1796 298 1830 tomo
309 1789 397 1830 eiusdem
409 1788 454 1829 libri
467 1790 482 1829 l.
495 1789 544 1830 aliae
555 1790 682 1830 continentur
692 1789 788 1831 haereses
798 1791 852 1830 Xlll.

126 1923 232 1966 Marcosii.
263 1923 345 1966 Marcus
357 1924 436 1979 qnidam
448 1925 515 1966 extitit
526 1922 633 1966 Colorbasi
650 1924 804 1980 condiscipulus.
836 1926 855 1966 ls

73 1992 110 2033 duo
123 1992 214 2035 similiter
224 1993 321 2048 principia
332 1992 442 2033 constituit.
472 1990 600 2034 Mortuorum
613 1993 782 2034 resurrectionem
794 2006 856 2049 nega-

73 2060 112 2103 bat.
142 2059 240 2105 Utebatur
256 2060 369 2119 praestigiis
386 2062 482 2103 eiusmodi
500 2069 520 2103 ut
533 2062 593 2104 certis
607 2062 728 2105 carminibus
739 2063 856 2120 poculorum

73 2131 167 2188 liquorem
177 2133 198 2174 in
211 2132 324 2174 caeruleum
337 2146 496 2188 purpureumque
514 2132 601 2174 colorem
614 2139 717 2184 verteret,
738 2134 809 2189 quibus
823 2148 856 2176 sa·

74 2203 112 2249 cris
122 2191 213 2244 infelices
226 2201 352 2243 mulierculas
368 2201 449 2243 initiare
462 2201 546 2243 solebat.
579 2203 630 2244 ldem
644 2204 669 2244 ad
680 2204 747 2243 XXlV
757 2203 857 2245 elementa

74 2272 153 2326 perinde
168 2286 191 2313 ao
207 2270 325 2312 Valentinus
340 2270 436 2312 universa
450 2284 547 2313 revocare
559 2270 639 2329 nititur.

130 2337 251 2381 Colorbasii.
283 2336 414 2381 Colorbasius
429 2339 468 2380 iste
481 2339 561 2379 easdem
576 2341 617 2380 fere
634 2340 738 2395 opiniones
751 2340 856 2395 amplexus

76 2413 113 2448 est..
143 2405 184 2449 Sed
199 2407 292 2449 nonnulla
305 2413 370 2447 tamen
383 2414 429 2448 sunt
441 2408 461 2447 iu
473 2406 543 2461 quibus
555 2407 579 2447 ab
592 2399 636 2447 aliis
651 2405 767 2448 baeresibns
781 2407 857 2449 discre-

76 2480 118 2527 pot,
134 2472 200 2515 Marci
212 2488 234 2514 ac
245 2472 346 2515 Valentini
360 2474 490 2529 potissimum.
522 2472 624 2529 Siquidem
636 2474 791 2530 propagationes
802 2475 858 2518 Aeo-

77 2554 121 2582 num
137 2549 155 2583 et
173 2540 280 2596 Ogdoadas
297 2541 337 2582 alio
351 2542 410 2583 modo
426 2542 514 2583 tradidit.

133 2609 295 2651 Heracleonitae.
326 2608 392 2651 Etiam
404 2609 518 2651 Heracleon
530 2599 676 2652 commentitias
690 2608 798 2666 Ogdoadas
811 2612 859 2654 reti-

78 2677 126 2720 nuit.
155 2677 180 2726 ln
191 2677 261 2735 quibus
274 2676 397 2734 explicandis
409 2692 420 2720 a
431 2677 497 2721 Marci
511 2685 531 2721 et
544 2676 653 2721 Ptolemaei
668 2693 691 2722 ac
706 2678 808 2724 Valentini
826 2696 859 2725 ce·

78 2753 203 2806 terorunrqoe
214 2746 307 2805 opinione
318 2747 418 2791 discessit.
450 2748 503 2792 Suos
516 2763 576 2807 porro
591 2749 628 2791 sub
640 2750 704 2807 ipsum
716 2751 770 2795 vitae
783 2753 859 2795 exitum

78 2818 158 2872 perinde
175 2833 199 2862 ac
209 2817 292 2861 Marcus
305 2817 401 2870 instituit,
423 2819 480 2873 oleo,
502 2819 642 2877 opobalsamo,
664 2827 684 2861 et
699 2834 750 2877 aqua
766 2821 787 2864 in
801 2827 860 2878 caput

102 2979 129 3013 22.
143 2978 291 3024 pnpzo'ecotcodd.
302 2989 339 3012 mss.
504 2981 531 3014 25.
552 2978 572 3015 δὲ
589 2982 633 3013 abeo
651 2982 672 3012 nh
690 2983 777 3013 summario
793 2982 862 3014 ranam

102 3024 130 3057 23.
142 3025 248 3071 κολορβάσης
260 3026 305 3059 codd.
317 3034 355 3057 mss.
479 3036 519 3068 pop,
530 3024 568 3059 229.
591 3027 664 3059 Fortasse
680 3027 780 3059 scribendum
796 3037 816 3061 τε
831 3026 863 3061 aad

103 3067 130 3103 24.
143 3068 279 3112 ateoreliae,
295 3072 312 3103 tn
323 3071 460 3112 eottrsomtssam,
480 3081 511 3112 pro
522 3069 542 3105 δὲ
553 3068 588 3104 καὶ.
722 3080 724 3083 ’

81 3115 141 3147 restitut
153 3125 173 3149 ec
184 3119 249 3158 utroque
262 3116 307 3149 codd.
319 3124 357 3149 mss.

669 3161 717 3205 36*
