1988 3392
135 198 178 239 294
424 204 507 239 εεοιοτι
519 203 635 238 σειεεκοιιι

135 282 181 326 υἱόν
193 281 352 339 προςκυνήσειοις
367 280 463 336 ἀνόμοιον
475 282 536 337 πατρί
546 280 689 338 ἐπιγινοίσκων,
701 279 796 337 σόγχοσιν
807 281 892 338 εἰργάσω
902 283 924 326 ἐν

137 356 163 411 τῆ
173 350 318 408 προςκυνῆσει,
333 349 430 404 ἀνόμοιον
441 349 541 404 ἀνομοίου
549 352 598 399 ίσως
609 347 698 404 τιμήσας.
728 350 758 391 Εἰ
764 348 786 391 δὲ
796 348 830 391 διά
840 349 877 403 τήν
886 363 924 393 σου

138 418 242 475 πρόληψιν
252 424 288 474 τῆς
303 418 395 467 ἀπιστίας
405 416 489 472 ἀρνήσει
498 423 620 474 προςκννεῖν
631 420 681 476 υἱῷ,
702 415 811 474 ἐλεγχθήση
821 414 863 460 ῦπδ
874 416 925 461 πάν-

137 504 178 530 των
194 485 234 530 οῦκ
249 486 343 543 ἐπιγνοός
357 485 392 529 τόν
407 485 543 541 όφειλομένως
557 484 598 529 ῦπό
608 484 691 530 πάντων
704 483 879 543 προςκυνοῦμενον
890 487 925 529 καὶ

137 556 188 598 ἴσον.
221 555 390 612 Προςκυνήσοοσι
400 554 438 611 γάρ
454 553 508 613 ου’τῷ
522 553 596 605 πάντες
607 552 684 611 ῦγγελοι
699 557 761 597 θεοῦ·
783 554 816 597 καί
828 554 924 610 προςεκτί·

138 637 199 678 νησεν
214 623 270 682 αὐτῷ
281 625 354 679 Μαρία
371 623 457 674 ἐνδόξως
470 621 576 666 ἀναστάντι
593 624 615 666 ἐν
627 623 686 679 σαρκὶ
699 624 733 665 καί
745 620 819 672 πάντες
831 623 853 665 οί
862 619 926 666 αὐτοῦ

141 694 236 747 μαθηταί.
269 689 300 733 Οῦ
308 690 347 747 γάρ
358 692 410 746 θέχει
420 695 515 748 γεννητοῦ
525 690 641 745 ὀνομασίαν,
656 688 703 733 οῦτε
712 694 801 734 κτιστοῦ·
817 691 840 733 ἐκ
850 688 926 746 πατρός

141 760 283 817 γεγεννημένον
294 761 358 811 ἰ’σασι,
373 760 407 802 καί
419 763 568 814 προςκυνοῦσιν
580 757 629 803 ῦντα
640 760 660 810 ἐξ
671 757 736 811 ῦνιος,
751 759 786 801 καί
797 757 819 802 τό
833 760 853 809 ἐξ
863 756 927 802 ου’τοῦ

140 828 198 885 ἀγιον
210 831 296 881 πνεῦμα.
329 829 401 870 Οίδασι
416 825 454 884 γάρ
471 826 533 870 αότόν
544 825 647 885 ἀλλότριον
662 831 686 886 τῆ
698 825 757 885 οὐσίᾳ
768 825 810 870 α’πό
824 830 927 883 τῶνγεγο-
966 825 968 829 ”

139 896 210 940 νότων.
242 895 273 938 Οά
285 894 324 953 γάρ
337 897 377 939 ἐστι
392 893 608 952 γεννητόςήκτιστός,
630 893 678 937 ἀλλά
695 893 789 951 γεννητὸς
806 896 829 938 ἐκ
845 893 927 951 πατρός.

140 964 179 1007 Διό
196 965 243 1021 περὶ
253 964 319 1007 πάντα
330 964 412 1018 καμών,
432 966 467 1007 καὶ
478 963 564 1014 πολλοῦς
575 962 659 1019 χρόνους
674 963 789 1015 ἀναλάσας,
807 961 878 1013 ’Am
893 963 927 1005 καὶ

140 1032 214 1089 λόγους
229 1033 299 1083 ξένους
317 1034 482 1089 παρειςενέγκας,
502 1030 646 1089 προςκννήσεις
662 1029 721 1091 αῦτῷ.
751 1037 790 1074 Δεῖ
797 1029 836 1087 γάρ
850 1030 928 1080 πάντας

141 1105 212 1155 στῆναι
224 1099 311 1144 ἐντόπιον
321 1105 358 1142 τοῦ
370 1100 460 1154 βήματος
470 1098 544 1152 αῦτοῦ,
563 1101 599 1143 καί
609 1104 664 1143 πάσα
676 1105 754 1156 γλῦσσα
764 1097 928 1155 ἐξομολογήσεται

141 1168 185 1221 ότι,
206 1167 284 1225 Κόριος
299 1167 377 1223 Ἰησοῦς
394 1167 491 1224 Χριστός,
510 1167 523 1211 ό
537 1160 574 1211 οῦκ
589 1167 691 1223 ἀλλότριος
707 1173 759 1212 θεοῦ
775 1166 815 1220 ἀν,
836 1166 885 1210 ἀλλά
900 1168 928 1217 είς

143 1236 204 1288 δόξαν
218 1241 271 1280 θεοῦ
284 1235 371 1293 πατρός,
386 1235 437 1280 κατά
451 1236 473 1280 τό
489 1238 624 1293 γεγραμμένον
638 1238 673 1280 καὶ
687 1237 849 1292 πεπιστευμένον.

56 1456 91 1486 pag.
100 1448 130 1479 ⁹⁷3·
199 1441 278 1484 Ἀετίου
289 1440 358 1495 κεφάλ.
369 1441 405 1492 κς’.
435 1444 465 1484 Ei
473 1441 534 1496 ψιλόν
542 1440 607 1496 όνομά
616 1443 670 1485 ἐστιν
678 1442 712 1484 ἐπί
720 1445 772 1485 θεοῦ
781 1439 804 1484 τό
815 1439 929 1497 ἀγέννητον,

142 1508 156 1565 ῆ
172 1510 194 1553 δὲ
208 1508 259 1564 ψιλή
275 1509 372 1567 προφορά
389 1509 425 1565 τήν
442 1509 552 1554 ἀπόστασιν
570 1515 607 1553 τοῦ
622 1514 674 1553 θεοῦ
691 1512 767 1566 ἐπαίρει
781 1508 831 1552 κατά
848 1508 930 1552 πάντων

146 1582 270 1635 1γεννητῶν,
290 1581 397 1635 τιμιωτέρα
412 1576 453 1636 ἀρα
463 1581 516 1623 ἐστίν
525 1578 540 1634 ή
550 1577 667 1634 ἀνθρώπων
678 1576 774 1635 προφορά
790 1582 842 1620 Ξτοῦ
857 1595 928 1621 παντο-

144 1647 244 1704 κράτορος
260 1644 398 1700 ἀποστάσεως,
419 1646 531 1707 ἀσυγκρίτω
547 1646 636 1707 ῦπεροχῆ
655 1649 796 1691 καλλωπίσασα
811 1644 861 1691 θεόν
878 1645 930 1690 3τόν

145 1713 304 1772 παντοκράτορα.

199 1784 279 1841 Ἀνατρ.
312 1783 363 1827 Οῦτε
377 1784 438 1838 ψιλόν
454 1783 518 1839 ῦνομα
534 1785 567 1828 ἐπὶ
582 1788 634 1828 θεοῦ
652 1785 692 1827 ἐστι
706 1783 728 1827 τό
744 1784 864 1841 ἀγέννητον,
885 1782 931 1827 οῦιε

144 1858 188 1903 τοῖς
202 1858 289 1903 κτιστοῖς
303 1851 354 1895 κατά
369 1852 406 1907 τήν
419 1851 490 1896 οῦσίαν
506 1854 656 1897 ἐπικοινωνοῦν,
685 1851 725 1896 Διό
741 1851 788 1896 οῦτε
799 1851 824 1896 τά
835 1855 931 1909 κτίσματα

145 1926 207 1977 ψιλῆς
222 1920 331 1976 όνομασίας
348 1923 387 1965 ἐστὶ
404 1923 521 1976 σημαντικά,
551 1923 624 1965 Μέσον
641 1922 663 1964 δέ
677 1921 788 1978 ἀγεννήτου
804 1923 839 1965 καί
851 1927 931 1967 κτιστοῦ

145 1990 205 2033 ἀλλον
218 1989 318 2045 ὀνόματος
327 1991 493 2046 έπιζητουμένοο,
509 1990 559 2048 ὅπερ
572 1992 626 2034 ἐστίν
636 1989 692 2043 υἱός,
707 1993 741 2034 καὶ
753 1987 779 2034 ου’
788 1989 877 2043 κτιστός,
892 1994 931 2034 τίνι

146 2059 172 2103 ἀν
183 2057 206 2102 τό
219 2060 316 2116 ἐξαίρετον
333 2058 454 2111 άποδοτέονς
486 2061 527 2102 Καὶ
538 2061 557 2102 εί
567 2060 603 2113 μέν
618 2066 660 2110 τοῖς
670 2061 806 2114 κεκτισμένοις
821 2058 842 2102 τό
856 2061 932 2103 ἐπικοι-

145 2132 226 2172 νωνοῦν
236 2130 313 2183 δοῖμεν,
328 2126 371 2172 οὐδ’
383 2126 482 2184 όποτέρου
491 2132 532 2172 τῶν
543 2129 654 2184 λεγομένων
665 2132 727 2183 ψιλῆς
738 2128 848 2183 ὀνομασίας
858 2128 932 2181 ὀνομα-

146 2199 240 2252 ζομένου,
262 2195 290 2247 οίς
304 2198 337 2241 ἐπὶ
355 2203 390 2241 τοῦ
400 2196 511 2253 ἀγεννήτου
525 2197 560 2240 καὶ
571 2200 670 2248 κτίζοντος
681 2199 716 2240 καὶ
726 2202 810 2241 κτιστολν
821 2197 933 2254 γεγονότων

147 2265 192 2316 4οίς
208 2265 233 2309 οὐ
244 2269 306 2320 ψιλῆς
323 2267 452 2321 ἐνδεχομένης
464 2265 584 2320 ὀνομασίας,
606 2264 671 2316 οῦτως
686 2267 719 2309 ἐπί
736 2270 773 2309 τοῦ
790 2271 886 2323 γεννητοῦ
898 2268 933 2309 καί

146 2337 207 2387 οίοῦ,
227 2332 254 2389 μῆ
266 2339 327 2388 ψιλῆς
344 2336 472 2390 ἐνδεχομένης
487 2333 607 2390 όνομασίας,
630 2333 652 2377 τό
665 2333 729 2390 μάτην
743 2334 933 2390 συκοφαντούμενον

146 2403 240 2461 σύγχυσιν
257 2402 341 2458 δηλοίσει
357 2402 413 2461 πυροί
429 2408 457 2462 τῷ
466 2402 533 2463 Ἀετίω
546 2403 708 2460 συλλογιζόμενοι
712 2439 718 2457 ,
739 2401 774 2448 διά
785 2403 808 2447 τό
820 2403 848 2459 μή
858 2406 933 2455 συνεξι-

146 2478 235 2516 σοῦσθαι
244 2476 273 2530 τῷ
285 2474 332 2515 υἱοῦ
344 2470 436 2528 όνόματι,
451 2478 487 2528 τῆς
497 2476 577 2527 κτιστῆς
590 2473 611 2515 ἐν
622 2469 708 2531 ἀληθείην
719 2471 799 2525 οῦσίας,
814 2474 850 2516 καί
860 2473 886 2516 οῦ
896 2484 931 2526 ψι-

146 2547 182 2598 λῆς
193 2540 307 2596 όνομασίας.
333 2540 455 2598 Ἐπειδήπερ
469 2539 494 2585 οῦ
504 2540 567 2596 ψιλήν
576 2541 685 2596 ἐπιδέχεται
698 2543 733 2585 καί
746 2539 808 2592 αῦτός
819 2539 885 2592 όοίός
896 2541 933 2596 τήν

147 2612 193 2668 περί
207 2608 398 2665 5υίοῦόνομασίαν.
430 2609 474 2654 Οὐκ
487 2608 577 2660 ῦντοςδέ
590 2607 731 2667 ἀνυπάρκτου,
752 2609 860 2654 οῦτειιατό
870 2610 933 2666 ψιλήν

148 2679 258 2741 όνομασίαν
274 2680 380 2734 λεγομένου
395 2684 430 2724 τοῦ
447 2681 494 2722 υίοῦ
506 2683 627 2736 μονογενοῦς
641 2680 723 2723 καὶτοῦ
736 2677 795 2737 άγίου
811 2678 932 2735 πνεύματος,

147 2757 171 2811 τῆ
183 2753 220 2792 τοῦ
234 2744 311 2804 πατρός
327 2754 426 2804 συνῆπται
441 2748 501 2808 δόξῃ,
520 2746 591 2791 καλοῦ
609 2748 744 2804 6συγκέχυται
759 2753 783 2807 τῆ
799 2753 839 2791 τῶν
852 2747 933 2804 κτισμά-

170 2914 187 2949 6.
199 2912 243 2959 ἔχειν
255 2924 271 2957 γ.
284 2909 340 2956 ὄνομ,
359 2908 398 2948 οὔτε
409 2913 490 2952 κτιοτοῦ,
508 2909 528 2946 ἐκ
575 2910 592 2945 3,
603 2909 632 2945 τίν
644 2913 687 2944 abest
698 2920 753 2952 εκμνο.

147 2958 212 3004 πατρὸς
223 2970 261 3003 γεγ.
270 2959 319 2994 ίσασι
329 2962 440 3000 suspicabatur
451 2959 531 2993 Ριίοοίιιε.
576 2955 686 2991 λλλείοιιιίιινι
695 2961 716 2990 est
726 2958 754 2990 λοι
765 2952 795 2996 τίς,
807 2959 890 2998 repetitum
899 2958 933 2998 for-

174 3008 187 3040 1.
200 3007 255 3047 Supra
266 3005 300 3040 τῶν
312 3006 401 3049 γεννητῶν.
551 3006 592 3036 tasse
607 3014 626 3035 εκ
641 3005 704 3044 syllaba
719 3003 753 3036 ῐῖιῦ
768 3004 842 3036 υοιοίινλτ·
856 3004 932 3043 proximi.

172 3052 188 3086 2.
200 3053 255 3093 Supra
266 3051 299 3097 τῆς
310 3051 345 3086 τοῦ.
552 3050 597 3090 Quos!
613 3051 676 3092 γλαηιλολ
693 3052 707 3081 ελ
721 3050 798 3082 sententia
808 3072 814 3089 ,
836 3052 851 3082 τι
866 3049 933 3081 membri
