1988 3392
351 235 569 271 suasurunoaeosrs.
807 228 849 271 569

69 323 106 367 hus
122 317 224 376 puerulum
242 315 365 360 confodiunt.
396 315 485 375 Fingunt
500 318 593 377 Pepnzae
607 316 708 362 Christum
726 318 772 362 olim
786 316 851 374 Quin·

69 392 123 436 tillae
138 395 173 431 aut
184 386 289 431 Priscillae
305 387 410 430 videndum
423 403 445 431 se
459 390 574 446 praebuisse
587 388 678 432 muliebri
695 390 774 445 speeie,
791 397 851 431 vetus

70 476 93 506 ae
108 473 180 502 novum
194 464 334 501 testamentum
350 457 455 510 adhihent,
476 459 504 500 ita
520 466 584 502 lamen
597 467 620 502 ut
633 460 727 516 pleraque
742 474 778 516 pro
790 458 852 501 animi

71 529 151 574 libidine
166 533 295 569 commutent.

127 593 375 648 Tessareseaedeeatitae,
397 596 429 651 qni
447 603 498 638 stato
511 596 558 638 anni
569 598 600 639 die
612 597 691 640 Pascha
703 596 813 648 eelehrant,
829 603 851 638 ut

71 679 213 726 quamcumque
222 665 242 707 in
252 665 303 707 diem
314 663 375 707 XlV.
388 665 446 707 lunae
457 666 575 718 incurrerit,
591 666 635 709 sive
646 667 749 709 sahhatum
761 665 805 708 sive
817 666 852 706 do-

71 737 142 790 minica
157 735 230 787 luerit,
247 748 270 776 ea
286 733 318 777 die
332 734 422 777 ieiunant
437 749 460 777 ao
476 734 578 791 pervigilia
594 735 703 778 oelehrent.

127 873 211 928 Alogia
223 872 281 915 nohis
292 872 321 914 ita
334 872 443 924 nominati,
464 873 497 929 qui
507 871 589 916 loannis
600 874 725 930 evangelium
740 889 764 915 ao
775 870 852 928 Λόγον,

72 947 108 988 hoe
124 950 155 984 est
168 941 249 984 verhum
266 942 324 983 deum
338 956 349 982 a
363 948 419 997 patre
431 954 509 997 semper
521 943 622 998 genitum,
644 943 766 998 coelitusque
779 942 852 984 demis-

72 1028 122 1066 sum,
134 1011 190 1054 ouius
202 1011 222 1052 in
233 1010 337 1066 evangelio
347 1010 381 1052 illo
394 1010 468 1051 mentio
480 1010 513 1063 fit,
530 1011 644 1067 repudiant,
662 1013 698 1053 nee
709 1010 790 1053 loannis
802 1011 852 1053 dun-

72 1088 126 1125 taxat
140 1080 278 1137 evangelium‚
295 1080 329 1121 sed
345 1085 365 1120 et
380 1078 516 1136 Apocalypsin
532 1079 632 1122 reiieiunt.

128 1149 245 1200 Adamiani,
256 1137 291 1189 'ah
301 1148 380 1189 Adamo
394 1148 463 1190 neseio
481 1163 520 1204 quo
534 1148 658 1200 viventesio
670 1148 729 1200 dieti,
749 1146 853 1189 ridiculum

73 1220 205 1277 potiusquam
218 1217 326 1259 verisimile
339 1218 409 1272 dogma
423 1218 547 1273 profitentur.
577 1216 632 1260 Nudi
644 1218 726 1274 quippe,
743 1216 812 1271 quales
827 1229 854 1256 ex

73 1296 129 1330 utero
140 1287 209 1328 matris
220 1285 296 1342 egressi
307 1293 365 1336 sunt,
382 1285 419 1326 viri
432 1286 513 1342 perinde
526 1301 549 1327 ac
562 1286 655 1328 mulieres
667 1284 801 1334 conveniunt,
824 1290 854 1324 at-

73 1370 109 1412 que
121 1355 149 1397 ita
160 1354 289 1405 leotionihns,
311 1353 433 1396 orationihus
447 1369 470 1396 ae
481 1355 553 1396 ueteris
569 1355 673 1410 religionis
687 1354 756 1396 officiis
770 1353 854 1407 fungun-

73 1433 117 1477 tur,
139 1432 159 1465 et
175 1423 270 1464 videlieet
284 1421 425 1464 monachorum
441 1436 465 1463 ao
478 1424 621 1464 continentium
636 1423 726 1465 instituta
742 1432 853 1476 sectantur,

74 1492 190 1549 nuptiasque
203 1491 343 1541 condemnant,
360 1490 464 1532 eeclesiam
478 1506 526 1533 vero
539 1506 595 1534 suam
608 1492 719 1547 paradisum
732 1500 852 1548 nuncupant.

132 1559 248 1617 sampsaei,
265 1559 309 1602 sive
320 1558 425 1611 elcesaei,
441 1561 465 1601 ad
477 1560 526 1601 hane
536 1560 587 1601 diem
598 1560 619 1602 in
631 1560 708 1602 Arabia
719 1562 805 1617 degunt,
821 1575 855 1603 su·
897 1580 899 1583 ⁴

75 1645 108 1686 pra
123 1628 226 1671 Mortuum
241 1643 308 1681 mare,
331 1627 424 1670 Elcesaei
440 1629 541 1671 cuiusdam
555 1629 738 1687 pseudoprophetae
755 1629 854 1686 discipuli.

76 1698 92 1742 E
104 1699 161 1742 ouius
172 1699 233 1755 stirpe
245 1696 338 1741 Marthus
351 1705 370 1740 et
380 1695 481 1740 Marthiua
494 1698 580 1740 feminae
592 1699 641 1740 duae
653 1706 718 1741 aetate
731 1707 799 1742 nostra
810 1714 856 1757 pro-

76 1769 165 1821 dierunt,
181 1783 230 1826 quas
242 1769 322 1811 dearum
334 1768 402 1811 instar‘
408 1767 497 1810 haeresis
506 1768 545 1810 ista
556 1769 624 1811 coluit.
655 1767 730 1812 Eadem
742 1784 802 1827 porro
812 1784 856 1812 eum

74 1837 183 1882 ldhionaeis
198 1839 279 1881 omnino
293 1839 390 1882 sentiunt.

81 1999 83 2002 ·
131 1978 267 2022 Theodotiani
277 1992 288 2019 a
300 1978 406 2021 Theodoto
418 1976 510 2021 Coriario
521 1976 636 2036 Byzantina
654 1979 708 2021 dieti.
739 1978 779 2035 Qui
791 1978 856 2021 Grae-

75 2049 103 2091 cis
115 2050 190 2092 artibus
206 2048 293 2105 apprime
310 2048 347 2090 luit
361 2047 472 2090 institutus.
488 2069 490 2072 ·
503 2046 542 2089 llio
553 2062 597 2089 earm
614 2048 658 2090 aliis
670 2048 787 2104 quibusdam
799 2049 819 2091 iu
831 2063 855 2091 ea

75 2132 124 2174 quae
147 2126 187 2160 tum
206 2117 309 2160 saeviebat
325 2117 465 2173 perseeutione
484 2116 651 2173 comprehensus,
677 2131 721 2159 eum
742 2118 792 2160 soeii
812 2118 856 2159 eius

76 2201 143 2228 omnes
154 2187 269 2243 martyrium
281 2185 389 2238 obiissent,
406 2186 460 2227 solus
472 2185 529 2227 lidean
540 2185 632 2227 eiuravit.
664 2183 696 2228 0h
707 2186 766 2242 idque
777 2186 855 2242 probris

75 2256 186 2312 appetitus,
207 2256 226 2297 id
238 2255 361 2310 excogitavit
373 2262 394 2297 ut
406 2252 507 2297 Christum
521 2254 593 2296 nudum
606 2268 651 2295 esse
666 2255 765 2296 hominem
776 2268 856 2296 assere-

75 2331 117 2377 ret,
139 2339 164 2367 ne
178 2320 254 2366 arimini
266 2323 304 2366 sihi
314 2323 366 2365 istud
379 2330 492 2365 verteretur
502 2324 553 2379 quod
565 2323 608 2364 eins
619 2322 742 2365 divinitatem
752 2331 855 2379 negasset.

130 2392 320 2444 Melolrisedeoiani‚
342 2390 510 2434 Melelrisedeoum
526 2392 553 2433 ita
568 2399 702 2444 venerantur,
724 2400 746 2433 ut
762 2392 856 2434 virtutem

76 2473 120 2502 esse
133 2462 230 2516 quandam
241 2460 343 2513 iaetitent,
365 2475 403 2502 non
417 2461 516 2501 hominem
528 2460 638 2511 duntaxat,
661 2468 682 2502 et
694 2461 718 2501 ad
729 2461 773 2502 eius
784 2475 857 2503 nomen

75 2529 151 2571 relerre
165 2530 261 2571 universa
275 2543 316 2571 non
332 2528 428 2570 dubitant.
730 2536 732 2539 ’

133 2596 302 2640 Bardesianistae.
333 2596 468 2639 Bardasianes
479 2597 518 2638 iste
531 2610 542 2637 e
552 2594 697 2652 Mesopotamia
709 2598 805 2640 oriundus
817 2598 859 2640 sin-

76 2677 140 2706 ceram
154 2666 211 2707 hderu
229 2666 285 2707 initio
303 2666 419 2721 complexus
434 2673 476 2718 est,
498 2679 522 2707 ao
535 2665 633 2719 sapientia
648 2665 756 2720 praestitit.
788 2664 829 2709 Sed
846 2681 858 2708 a

75 2734 160 2776 veritate
172 2741 240 2790 postea
251 2735 347 2775 recedens
359 2735 429 2775 eadem
439 2748 483 2775 oum
496 2731 602 2774 Valentino
612 2733 686 2786 duruit,
703 2741 784 2790 praeter
796 2748 857 2790 pauoa

76 2802 170 2854 quaedam
186 2805 207 2844 in
223 2801 293 2859 quihus
308 2802 333 2843 ah
347 2802 382 2843 illo
398 2801 505 2858 discrepat.

131 2869 237 2913 Nodtiani.
267 2868 347 2912 Noe'tus
363 2870 394 2912 hie
408 2868 538 2928 Smyrnensis
554 2884 580 2910 ex
596 2869 646 2911 Asia
663 2870 707 2912 fuit.
739 2870 778 2926 Qui
795 2871 815 2913 in
829 2872 858 2913 al-

99 2957 126 2996 le.
138 2960 178 2998 τότε
192 2965 253 2997 restitui
264 2973 284 2997 eu
295 2964 341 2996 redd.
353 2973 389 2996 mss.
413 2965 455 2997 Nom
478 2960 636 3009 prememoratam.
648 2965 681 2997 len.

76 3008 93 3039 tn
104 3009 150 3042 editis
161 3019 180 3042 eo
190 3021 223 3044 voa
234 3021 265 3044 non
277 3012 338 3052 leqttur.
503 3010 530 3044 51.
547 3009 680 3055 praetermeat.
688 3011 800 3056 βαρδισιαιῆς
814 3012 862 3044 codd.
894 3019 898 3029 ·

98 3052 125 3088 49.
137 3057 210 3091 Fortasse
221 3052 240 3092 ila
251 3056 284 3092 dra.
478 3067 515 3090 mss.
526 3060 594 3097 uterque.
619 3055 764 3102 βαρδισιαιιοταί.
772 3059 860 3103 {repetatu-

99 3100 263 3150 superposuerat
277 3105 311 3138 eod.
326 3104 391 3146 lthedr'q.
415 3104 457 3149 μελ-
480 3105 511 3152 ιῆς
523 3104 560 3137 edit.
570 3105 622 3148 prino.
