1988 3392
226 245 321 281 riulan
332 245 376 281 ctu.
387 246 418 281 ru.
429 244 588 282 uomitusue.
599 242 681 279 cxxvi.
806 236 848 279 209

63 334 105 378 est,
122 339 186 382 neque
199 328 303 383 quicquam
315 334 346 369 est
360 328 381 369 in
393 327 424 369 lis
436 341 487 383 quae
498 327 555 369 nelis
567 341 579 368 a
589 327 627 368 deo
637 339 673 381 per
682 325 784 381 apostolos
796 326 849 367 salu-

62 393 231 451 britergnuntiata
245 402 292 437 sunt
309 395 424 451 discrepans
440 409 464 436 ac
481 396 588 437 diuersum.
626 392 667 436 Sed
685 393 777 435 nimirum
792 394 850 436 Aue-

63 476 133 505 moeus
144 463 178 504 ille
187 478 231 506 cum
244 464 287 505 suis
300 463 370 506 relicta
380 463 471 505 veritatis
482 464 527 514 ria,
543 464 567 505 ad
579 476 670 505 errorum
681 461 799 503 diverticula
810 469 851 503 tra·

28 527 29 530 '
63 531 188 583 ductusest,
211 545 354 587 perperamque
365 532 443 573 divinas
455 531 564 573 sententias
575 530 683 572 intellexit.
714 528 746 571 lta
757 530 851 586 deinceps

63 599 87 640 ad
105 598 248 656 disputationes
268 600 424 656 vocularumque
440 600 593 656 disceptationes
610 599 677 640 animo
691 612 715 640 ac
731 605 797 640 mente
817 597 852 640 isti

63 667 156 710 conversi
167 683 178 711 a
189 669 275 717 veritate
285 669 399 712 resilientes
415 668 535 712 coelestibus
548 669 674 711 exciderunt.
706 664 747 724 Qui
759 667 776 709 si
789 681 851 710 evan-

62 737 146 795 gelicam
156 738 219 782 lucem
231 739 331 783 mentibus
343 740 384 783 suis
394 740 499 783 admittere
510 739 618 791 voluerint,
636 739 660 781 ab
672 752 790 795 unaquaque
804 753 851 796 prc-

63 808 167 864 pemodum
187 809 274 852 dictione
294 810 419 852 refellentur.
454 808 559 867 Nusquam
579 809 631 851 euim
648 810 719 851 unicus
735 809 767 852 dei
786 809 849 861 filius,

65 877 124 920 etiam
138 885 183 935 post
193 885 314 935 assumptam
326 879 411 922 hominis
423 893 516 931 carnem,
532 879 560 920 ita
570 878 648 920 locutus
659 885 701 920 est:
723 876 763 934 Qui
774 880 851 921 creavit

63 961 95 989 me
106 954 163 1002 pater
172 947 226 989 misit
235 961 279 1001 me3
300 962 365 1003 neque
380 956 415 990 aut
425 948 445 989 in
457 947 562 1002 evangelio
575 954 609 988 aut
618 946 638 987 in
650 954 720 988 vetere
730 954 851 989 testamento

64 1022 121 1071 pater
130 1029 216 1070 uuquam
228 1015 251 1055 ad
263 1029 307 1056 eum
323 1016 402 1057 medum
418 1015 524 1057 disseruit:
547 1012 622 1056 Creavi
636 1014 693 1056 vehis
709 1014 784 1066 filium3
806 1016 850 1066 sed,

63 1085 236 1135 Ma'sz'tmepater,
256 1090 290 1133 et,
306 1086 466 1136 amoremne,
487 1091 508 1122 et
516 1085 572 1122 cado.
603 1080 666 1123 Item:
689 1084 728 1133 Qui
736 1089 767 1122 est
776 1086 796 1122 a'n
807 1085 851 1123 salta
877 1094 932 1123 toann,

61 1153 136 1203 patrt's,
158 1156 190 1202 et,
211 1151 287 1190 verbum
299 1157 343 1190 erat
356 1154 409 1204 apud
422 1153 487 1199 deum,
510 1150 738 1190 etdeuserataertam.
769 1148 850 1191 Infinita
876 1129 932 1191 litii:

63 1224 111 1260 sunt
125 1231 176 1273 quae
192 1217 216 1259 de
231 1216 301 1260 salutis
318 1225 399 1261 nestrae
413 1217 514 1275 mysteriis
531 1216 597 1258 animo
613 1216 690 1273 concipi
707 1225 804 1273 possunt,
825 1198 951 1264 nenliliire

63 1300 101 1328 nos
112 1285 185 1329 diaboli
195 1285 253 1328 istius
263 1285 415 1344 praestigiarum
429 1286 548 1343 artificiiqne
562 1286 620 1344 plena
635 1286 725 1328 doctriua
740 1286 851 1330 circumve-

64 1356 114 1400 niat.
145 1348 228 1415 Quippe
240 1355 329 1401 diabolus
343 1357 438 1416 perdendi
452 1357 533 1415 generis
544 1357 624 1400 humaui
636 1356 731 1414 cupidus,
753 1357 853 1401 eiusdem-

65 1441 103 1483 que
114 1427 190 1483 gloriae
200 1426 301 1480 invidens,
317 1428 385 1470 varias
396 1428 483 1470 admovit
494 1427 606 1481 machinas,
623 1428 707 1485 primum
718 1428 851 1485 ignorantiae,

64 1502 106 1538 tum
116 1495 254 1547 idololatriae,
271 1504 316 1553 post
327 1497 376 1539 haec
386 1497 532 1554 improbitatis,
548 1497 585 1539 hoc
598 1511 648 1540 vere
660 1497 756 1554 deinceps
763 1505 852 1554 tempore

64 1564 178 1607 haereticae
192 1563 304 1607 calliditatis
319 1573 339 1608 et
349 1566 436 1619 erroris,
452 1573 475 1608 ut
486 1580 608 1622 quacumque
619 1567 696 1608 ratione
711 1574 779 1623 posset
790 1567 853 1609 horni-

65 1648 110 1676 nem
126 1648 138 1676 e
153 1632 210 1675 coelo
225 1632 328 1677 deiiceret.

123 1700 190 1757 Quam
201 1703 262 1745 multa
272 1716 322 1744 vere
332 1709 390 1753 sunt,
407 1701 548 1754 oAuomeee,
565 1716 615 1757 quae
626 1703 724 1744 adversus
737 1711 790 1746 tuum
802 1704 850 1746 illud
865 1719 906 1763 Gap.
918 1720 942 1751 x,

66 1769 137 1823 dogma
153 1769 229 1825 ingenii
239 1770 304 1812 nestri
320 1770 452 1811 mediocritati
466 1770 584 1825 suppetunt!
615 1768 724 1811 Praeclare
736 1784 785 1812 vere
797 1771 854 1813 Anc-

66 1850 149 1888 mceus,
164 1837 202 1878 hoc
213 1845 246 1879 est
255 1837 377 1888 Dissimilis,
394 1837 512 1893 appellaris3
529 1838 602 1893 quippe
612 1838 646 1892 qui
657 1838 681 1878 ab
693 1838 807 1880 hominihus
821 1839 853 1880 dei

67 1904 164 1959 sapientia
183 1919 271 1961 veraque
289 1905 327 1947 lide
340 1905 436 1961 praeditis
449 1905 537 1947 moribus
549 1919 574 1947 ac
586 1912 652 1947 mente
667 1906 773 1949 dissideas.
803 1906 852 1949 Nou

68 1972 120 2016 enim
132 1987 159 2017 ex
171 1987 196 2017 ec
208 1974 259 2032 quod
271 1987 390 2031 progressus
403 1973 423 2015 in
441 1973 515 2016 virtute
535 1974 608 2017 feceris
624 1981 738 2018 ceterarum
753 1975 853 2019 homiuum

68 2043 170 2088 dissimilis
181 2044 276 2099 evasisti,
295 2044 330 2087 sed
341 2058 386 2087 cum
397 2043 421 2086 ab
433 2044 525 2087 veritatis
536 2044 569 2088 via
581 2044 702 2100 deflexeris,
718 2046 744 2089 ab
755 2046 854 2090 ecclesiae

68 2113 101 2157 dei
112 2114 156 2157 filiis
168 2115 259 2159 diversus
269 2129 291 2158 es
305 2116 382 2167 factus3
397 2127 482 2170 cumque
494 2113 527 2156 dei
537 2114 609 2167 lilium,
625 2115 658 2170 qui
670 2116 720 2172 patri
731 2130 768 2159 suo
780 2131 854 2173 aequa-

68 2183 93 2226 lis
110 2191 153 2237 est,
176 2185 237 2241 patris
247 2183 375 2226 nihilominus
387 2182 502 2225 dissimilem
515 2197 561 2226 esse
572 2183 664 2236 voluisti,
686 2191 728 2227 tute
740 2185 783 2240 ipse
794 2186 853 2227 dissi-

68 2252 120 2295 milis
132 2252 194 2306 fuisti,
209 2260 230 2296 et
240 2252 278 2295 hoe
288 2267 360 2295 nomen
371 2252 442 2294 meritc
452 2266 474 2294 es
486 2255 613 2305 consecutus,
636 2267 660 2295 eo
671 2253 723 2309 qued
740 2261 854 2297 ceterorum

70 2321 104 2378 qui
119 2321 186 2364 divina
201 2336 238 2379 ope
254 2322 337 2364 salutem
353 2321 444 2363 obtinent
459 2320 529 2363 similis
545 2335 591 2362 esse
606 2321 691 2363 desiisti.

127 2388 204 2433 Verum
215 2403 241 2431 ue
250 2390 271 2431 in
281 2390 425 2445 persequendis
434 2389 487 2431 illius
495 2388 644 2445 quaestionibus
655 2396 733 2446 tempus
743 2398 854 2444 conteram,

71 2471 108 2513 age
120 2471 146 2499 ex
159 2457 263 2512 ipsiusmet
275 2457 355 2508 verlais,
372 2456 454 2511 quaein
466 2457 565 2498 rtonuullis
577 2457 602 2497 ad
611 2458 706 2511 quosdam
717 2458 856 2512 disputationi·

71 2525 108 2566 bus
125 2523 217 2580 scripsit,
238 2524 263 2565 ad
279 2523 334 2565 illum
351 2524 492 2565 confutandum
509 2522 657 2578 aggrediamur.
688 2522 768 2565 Etenim
785 2525 820 2566 illo
834 2527 856 2567 iu

71 2605 145 2650 opere,
166 2591 219 2634 uude
235 2590 285 2633 haee
302 2598 398 2648 excerpta
416 2599 473 2643 sunt,
495 2591 647 2647 disputationem
665 2593 763 2648 quandam
781 2593 857 2636 erroris

69 2662 149 2719 plenam
161 2658 258 2714 instituit3
280 2659 349 2701 necin
365 2674 390 2702 eo
406 2659 457 2702 libro
469 2661 502 2702 vel
514 2659 594 2701 minima
607 2673 649 2702 vox
662 2668 694 2703 est
705 2674 755 2717 quae
768 2676 812 2704 eum
826 2662 856 2704 iu-

72 2738 128 2789 tegra
140 2730 262 2790 simplicique
272 2728 321 2784 fide,
338 2744 396 2787 quam
407 2737 489 2774 sanetus
499 2744 523 2774 ac
534 2737 650 2774 mansuetus
662 2730 696 2775 ille
709 2731 792 2790 spiritus
804 2732 857 2776 ordi·

15 2827 16 2831 =
72 2802 141 2857 navit,
158 2801 267 2846 cohaerere
277 2801 376 2844 videatur.
407 2799 449 2845 Sed
462 2802 526 2860 primo
537 2802 582 2845 loeo
594 2801 787 2845 lucubratiunculamv
795 2804 857 2855 illius,

73 2887 124 2930 quae
141 2873 166 2915 ad
179 2885 250 2915 manus
265 2878 344 2913 nostras
358 2871 461 2928 pervenit,
482 2871 633 2914 adscribendum
650 2872 775 2929 putavimus,
795 2880 817 2914 ut
830 2887 858 2915 ex

72 2941 177 3000 ipsiusmet
188 2941 267 2998 scriptis
275 2940 372 2983 adversus
382 2940 437 2983 illum
449 2941 549 2998 disputare
560 2947 581 2983 et
591 2954 636 2983 eum
645 2941 740 2984 refellere
749 2942 855 2998 possimus.

109 3017 315 3057 concinnamenta.
692 3025 720 3067 14

857 1265 911 1295 locun.
920 1267 935 1304 1,
953 1286 957 1294 .
