1988 3392
259 232 351 266 rannac
362 232 405 265 crs.
413 233 442 266 tn.
456 233 538 268 Toacn.
550 232 724 267 nnennxxvnr.
843 223 886 265 tot

101 327 139 370 que
150 326 161 353 a
173 312 244 368 spiritu
254 319 324 355 sancto
334 313 399 354 aliena
411 320 469 366 sunt,
486 315 505 355 in
517 314 553 357 hac
566 320 632 356 aetate
643 306 712 354 nostra
722 319 768 353 sunt
778 310 885 364 exhausta,

101 380 176 424 adalia
193 395 216 423 se
228 383 324 437 quaedam
336 397 388 425 nova
402 389 528 424 convertunt.
560 383 644 439 Quidam
658 381 742 423 enimin
755 388 830 437 patrem
842 380 887 422 uni-

102 463 205 492 versorum
220 450 278 492 deum
292 465 315 493 ac
327 450 449 493 conditorem
461 453 591 494 contumelias
603 452 689 504 iaciunt,
711 450 780 505 quales
793 457 840 492 sunt
853 450 887 506 qni

102 518 193 564 Gnostici
208 518 307 561 dicuntur.
338 521 367 561 At
377 518 493 562 Marcianos
511 527 531 562 et
543 520 672 573 Archontici,
694 533 732 560 nec
749 533 788 560 non
806 526 826 559 et
842 518 887 560 illo-

101 603 145 630 rnm
163 587 252 629 asseclae
268 586 394 642 Manichaei,
416 590 448 645 qui
465 577 504 630 non
520 590 563 630 sine
580 590 646 630 divina
662 589 745 644 quadam
762 588 886 642 providentia

102 656 197 698 furiosum
212 656 258 698 illud
271 671 343 699 nornen
359 658 424 700 sortiti
436 657 540 709 videntur,
561 658 622 713 igitur
632 671 702 699 onmes
713 656 747 698 isti
759 670 804 698 cum
815 655 887 711 pleris-

102 739 139 782 que
152 723 196 767 aliis
210 725 340 778 haeresibus,
357 724 479 778 Cainorum,
496 724 632 778 Setianorum,
649 724 886 776 Melchisedecianornm,

101 792 278 846 Colorbasiorum,
295 792 480 847 Cerdonianornm,
497 810 520 837 ac
531 796 604 837 ceteris
614 795 633 836 id
644 808 719 850 genus,
737 795 821 835 eurtdem
833 793 888 835 illum

101 861 240 904 universorum
259 870 334 918 patrem
352 863 476 905 contumeliis
488 864 587 913 afficiunt,
609 864 654 904 dum
665 864 729 918 ipsum
742 868 817 918 negant
828 862 886 903 deum

101 931 155 972 illum
174 930 266 972 extitisse
283 932 315 987 qui
331 932 351 972 in
368 933 412 986 lege
423 945 446 973 ac
460 931 560 987 prophetis
576 932 654 972 locutus
670 938 712 982 est,
735 930 807 986 quique
819 930 888 971 inrea

101 999 174 1039 creatis
190 998 250 1040 rebus
261 999 364 1051 ominibus,
387 1007 480 1054 tanquam
493 1006 573 1041 creator
588 1006 607 1040 et
621 999 690 1055 opifex
701 999 807 1049 adoratur3
830 999 887 1040 cuius

100 1067 128 1109 illi
139 1067 212 1108 cultum
230 1081 267 1109 nna
285 1083 329 1109 cum
340 1067 442 1109 dominatu
452 1082 475 1109 ac
488 1074 585 1124 potestate
599 1074 698 1108 conantur
711 1074 815 1117 evertere,
832 1074 854 1108 ut
867 1074 888 1108 et

100 1135 168 1187 illum,
190 1135 223 1191 qui
235 1149 306 1178 revera
319 1144 362 1187 est,
386 1137 464 1178 einrent
473 1137 531 1178 deum
543 1144 563 1178 et
575 1136 671 1187 alterum,
687 1135 726 1191 *qui
739 1148 835 1190 nusquam
847 1141 886 1186 est,

100 1204 151 1246 falsa
161 1218 185 1245 ac
197 1203 286 1246 tatutosa
298 1204 391 1261 opinione
401 1219 437 1247 sna
448 1205 570 1260 confingant,
587 1212 646 1260 atque
656 1211 676 1246 et
686 1217 755 1245 rerum
766 1203 819 1244 illum
830 1203 888 1243 amit-

101 1279 152 1323 tant,
168 1279 196 1323 et,
209 1286 266 1327 quem
280 1273 329 1314 lalso
342 1274 379 1314 sibi
391 1280 510 1328 proponunt,
528 1287 651 1328 nequaqnam
664 1278 803 1327 assequantur.
834 1270 887 1313 Nam

101 1341 150 1383 baec
163 1348 194 1382 est
203 1340 286 1395 nugacis
299 1340 357 1384 istius
371 1341 486 1392 doctrinae,
507 1355 558 1396 quae
569 1356 597 1383 ex
607 1340 679 1382 diaboli
691 1348 734 1382 satu
746 1339 885 1396 proficiscitur,

100 1409 132 1450 vis
145 1416 257 1459 ornatura,
275 1416 295 1450 nt
306 1409 464 1450 tumultationem
476 1423 499 1450 ac
512 1410 680 1465 perturbationem
691 1409 791 1459 immittat,
809 1416 829 1450 et
840 1423 887 1464 pro-

101 1482 213 1518 creatorum
224 1476 324 1533 hominum
337 1484 414 1518 mentes
424 1477 574 1518 contumeliosis
584 1477 603 1518 in
616 1478 673 1518 deum
685 1476 837 1531 cogitationibus
850 1490 887 1518 ex-

101 1545 159 1595 citet,
175 1551 197 1586 ut
208 1544 321 1600 depravatis
332 1544 448 1599 quibusdam
461 1545 599 1600 opinionibus,
616 1559 666 1600 quae
679 1559 723 1586 cum
735 1544 767 1585 dei
781 1545 887 1599 negatione

100 1613 219 1655 coniunctae
235 1619 294 1665 snut,
316 1620 386 1654 contra
403 1613 503 1654 danninum
520 1627 577 1654 suum
594 1613 665 1654 hostile
681 1613 752 1654 bellum
768 1613 885 1668 suscipiant.

100 1680 141 1725 Sed
158 1695 237 1723 rursum
250 1681 304 1722 velut
320 1682 404 1737 quodam
416 1681 461 1722 hinc
476 1680 562 1723 divortio
574 1682 627 1723 lacto
639 1674 728 1723 nonnulli
740 1680 798 1722 aliam
809 1681 830 1722 in
841 1695 888 1737 par-

101 1758 140 1792 tem
151 1750 257 1792 deflectere
267 1764 306 1791 non
319 1749 446 1801 dubitarunt,
462 1757 484 1792 ut
495 1750 575 1792 unicum
588 1751 733 1806 redemptorem
746 1763 803 1792 suum
816 1763 839 1791 ao
852 1750 887 1791 do-

99 1820 174 1861 minum
186 1819 322 1873 abnegarent,
344 1819 466 1874 unigenitum
478 1819 565 1861 viventis
578 1818 609 1860 dei
623 1818 682 1860 lilium
697 1809 762 1859 lesum
775 1815 886 1871 Christum,

100 1887 133 1943 qni
146 1887 171 1928 ab
187 1880 257 1929 eodem
271 1893 327 1943 patre
342 1900 415 1929 revera
429 1894 460 1929 est
477 1887 521 1929 sine
536 1887 577 1929 ullo
589 1886 646 1928 initio
659 1900 683 1928 ac
694 1894 784 1941 tempore
797 1887 886 1942 genitus,

100 1956 172 2013 quique
191 1958 215 1997 ab
231 1969 256 1998 eo
271 1963 290 1998 et
308 1970 351 1998 crini
368 1970 393 1998 eo
410 1970 490 2012 semper
501 1956 583 2009 existit,
606 1955 638 2012 qni
649 1958 727 1998 ratione
739 1955 822 2012 quadam
835 1969 887 2011 quae

100 2025 154 2067 omni
165 2025 342 2082 comprehensione
360 2027 453 2081 superior
464 2032 494 2067 est
509 2025 553 2067 sine
565 2025 604 2067 ulla
617 2025 755 2081 inquinatione
765 2024 844 2080 genitus
856 2032 888 2066 est

100 2094 188 2137 eiusdem
205 2108 249 2136 cnm
266 2101 322 2151 patre
338 2094 473 2145 substantiae,
497 2108 534 2136 uec
551 2094 576 2135 ab
591 2108 615 2135 co
632 2094 672 2136 ullo
687 2095 746 2136 modo
761 2095 885 2150 discrepans,

100 2161 177 2206 Coritra
197 2164 249 2205 hnrrc
266 2163 326 2218 igitur
340 2162 465 2205 insanientes
481 2163 526 2214 alii,
547 2163 603 2205 velut
616 2163 678 2205 rabidi
691 2177 763 2214 caree,
786 2162 887 2204 dominum

100 2246 157 2274 snum
168 2232 292 2282 allatrantes,
309 2232 472 2287 quemadmodum
485 2232 530 2273 olim
541 2230 617 2284 ludaei,
631 2232 683 2288 quod
694 2232 747 2274 illum
760 2231 886 2288 ignorarent,

100 2302 172 2343 merito
182 2304 232 2341 muti
240 2315 297 2341 eones
307 2316 318 2342 a
328 2301 422 2357 propheta
434 2308 537 2343 vocantur.
569 2300 626 2357 Quae
635 2302 655 2343 in
668 2301 712 2343 illos
723 2300 828 2358 appellatio
837 2315 884 2357 pro-
892 2311 963 2349 esaiae,
968 2312 991 2342 1n.

100 2378 145 2427 pter
158 2370 290 2426 impudentem
303 2384 327 2410 ac
339 2370 466 2412 temerarium
481 2370 560 2411 illorum
573 2371 594 2411 in
608 2370 720 2422 dominnm,
744 2377 763 2412 et
775 2377 886 2427 susceptam

101 2439 125 2481 ab
139 2446 264 2481 conaturam
279 2438 373 2495 impetum
391 2446 411 2480 et
427 2438 522 2480 insultum
537 2439 581 2481 iure
597 2441 710 2489 confertur,
733 2448 753 2481 ut
765 2454 792 2482 ex
804 2453 828 2480 eo
839 2453 888 2481 conÎ‡

101 2515 155 2550 stare
169 2515 234 2563 potest
245 2508 296 2562 quod
310 2507 401 2549 rabiosos
411 2522 472 2549 canes
484 2508 509 2549 ob
520 2507 539 2549 id
550 2515 616 2549 mutos
626 2522 672 2550 esse
683 2515 777 2561 narrant,
794 2507 887 2564 qnoniam

101 2575 143 2633 ipsa
158 2576 204 2618 illos
219 2576 286 2618 rabies
301 2577 405 2618 edentulos
423 2576 476 2618 facit.

158 2643 197 2686 Est
207 2644 259 2686 enim
273 2645 322 2686 haec
336 2652 407 2686 natura
418 2660 502 2698 canum,
519 2652 622 2702 postquam
635 2646 691 2688 rabie
703 2647 772 2688 tentati
785 2652 839 2697 sunt,
857 2652 886 2697 ut,
896 2661 937 2706 Gap.
949 2661 979 2696 w,

101 2713 133 2768 qui
146 2713 245 2755 dominum
264 2721 335 2765 atttea,
358 2714 440 2768 eiusque
455 2715 529 2756 liberos
543 2729 567 2755 ac
578 2715 711 2766 domesticos,
733 2714 887 2770 ceterosqueil-

101 2782 138 2824 lius
156 2783 276 2840 propinquos
293 2789 313 2822 et
329 2781 436 2823 lamiliares
456 2789 603 2838 cognoverant,
627 2783 745 2839 simulatque
764 2783 834 2824 morbo
852 2783 887 2824 illo

102 2851 189 2907 correpti
200 2859 258 2902 scirit,
280 2850 366 2891 omnium
380 2850 465 2892 istorum
483 2852 549 2893 vultus
561 2851 639 2892 illorum
655 2853 718 2894 oculis
732 2852 846 2893 commutati
856 2851 887 2892 vi-

102 2919 199 2972 deantur,
221 2926 280 2975 atque
294 2919 316 2970 in
333 2925 391 2960 notos
409 2919 510 2972 insiliant,
530 2934 580 2976 qnos
596 2927 655 2962 antea
671 2921 742 2980 partim
757 2922 819 2970 cauda
831 2919 887 2975 blan-

124 3032 141 3080 Â¹â¹?-
154 3035 231 3075 suspicor
242 3033 258 3069 dl
270 3032 305 3078 Î¼á½²Î½.
507 3033 557 3070 á¼•Î½ÎµÎºÎ±
566 3035 603 3077 Ï„á¿†Ï‚-

125 3081 141 3113 t.
155 3081 227 3115 Fortasse
239 3079 259 3116 á¼Îº
271 3082 313 3125 Ï„á¿†Ï‚,
326 3081 350 3113 ao
360 3078 484 3126 ÎºÎ±Ï„Î·Î¾Î¹Ï‰Î¼á½³Î½Î¿Î¹
