1988 3392
140 196 168 238 70
432 204 514 239 SANCTI
526 202 641 238 EPIPHANII

141 278 200 329 οὗτοι
209 286 231 330 οῖ
239 281 280 329 άπό
289 289 325 342 τῆς
335 283 423 330 συνόδου
436 284 569 342 διαιρεθέντες
579 281 642 340 αὐτῆς
652 288 688 340 τῆς
697 281 865 343 Ἀρειομανίτιδος
874 286 927 343 αῖρὲ-
964 276 965 279 ¹

141 371 202 409 σεως,
223 353 308 407 όνότός
321 360 423 407 Βυισίλειος
432 355 551 411 Ἀγκυρῖνος
563 353 639 398 τοότων
651 353 746 413 άρχηγός,
766 355 801 398 καί
815 353 928 412 Γεῶργινος

144 424 288 476 όΛαοδικείυς
303 430 356 482 7τῆς
371 424 422 482 πρός
431 423 552 481 Ἀντιόχειαν
562 424 660 480 Δάφνης,
681 424 744 483 ἤγουν
757 427 831 479 Κοίλης
844 428 927 480 Συρίας.

146 497 174 538 Οἱ
188 495 210 538 δὲ
222 493 280 538 αὐτοὶ
290 496 325 538 καί
336 496 381 552 περὶ
392 499 428 537 τοῦ
439 492 499 550 άγίνυ
510 492 624 549 πνεύματος
634 496 683 545 ’ίσιος
693 499 735 544 τοῖς
748 489 929 549 Πνὲνμιιτομόχοις

143 565 194 607 εἰσίν
203 565 285 619 ἔχοντες.
307 562 379 607 Οιίκέτι
389 561 427 619 γάρ
437 560 465 612 νίς
474 561 523 617 μετά
532 562 673 617 δνςωιιήσεως,
685 561 699 617 ἢ
708 561 756 618 μετά
767 579 820 613 τινος
830 564 928 607 διστακτι-

143 637 182 676 κοῦ
191 632 260 689 λόγου,
276 631 304 681 οῖς
312 633 358 687 περί
367 635 402 673 τοῦ
412 633 459 674 νίοῦ
470 631 608 686 αἰσχυνόμενοι
619 632 693 674 τέλειον
702 635 775 684 κτίσμα
785 629 847 673 αὐτόν
858 633 928 683 εἰπεῖν,

144 699 194 755 όπερ
205 702 239 743 καί
252 698 316 748 οὕτως
326 701 399 752 έχουσι,
414 698 449 740 διά
461 699 483 741 δέ
492 697 528 740 τόν
538 698 590 750 πρός
600 697 723 754 άνθροόπους
733 699 800 753 φόβον
810 699 930 753 ἐπιφέρουσι

143 766 166 810 τό
179 764 305 820 όμοιοόσιον,
320 766 355 807 καί
366 764 388 807 τό
399 768 470 819 κτίσμα
484 765 538 819 8οιίγ
549 764 577 815 αἱς
585 768 609 808 ἓν
619 770 660 808 τῶν
671 765 795 819 κτισμάτων,
807 791 836 797 -
851 766 895 820 περί
908 767 930 808 δὲ

61 859 97 888 pag.
105 852 136 881 εις,
144 839 181 877 τοῦ
192 831 251 889 άγίου
262 833 386 886 πνεόμιιτος,
402 831 430 883 ῶς
441 835 504 888 ἐφην,
519 832 544 876 οὐ
559 836 689 884 διστακτικῶς
706 832 818 890 όρμῶντυιι,
838 831 889 885 άλλ’,
903 830 930 884 ῶς

144 906 265 956 λυσσητῆρες
276 899 347 953 κόνις,
368 900 458 954 όιφειδῶς
469 904 541 956 κτίσμα
554 900 619 945 ςαῦτό
632 901 758 945 παντάπασιν
770 899 879 957 όρίζοντιιι,
895 903 930 944 καί

145 969 210 1020 οὕτως
223 971 387 1026 διαβεβαιοῦνται
403 971 438 1013 καί
454 968 556 1027 άλλότριον
567 969 644 1028 πατρός
655 972 690 1015 καὶ
704 973 751 1015 υίοῦ
762 968 859 1028 όττόργον.
890 972 931 1015 Καί

144 1042 179 1085 ἰ’να
189 1038 217 1096 μή
230 1057 260 1091 τις
270 1041 324 1085 ε’ίττοι
334 1037 385 1084 κατά
397 1040 547 1097 συκοφάντησιν
555 1040 606 1086 κατά
616 1060 676 1087 τινων
690 1039 743 1098 ἡμᾶς
753 1042 826 1099 λέγειν,
841 1042 931 1086 ἐνταῦθα

146 1109 304 1168 παραθήσομαι,
319 1108 346 1162 τίς
359 1112 448 1169 ἐγρνψεν
458 1112 540 1162 ἕκαστος
551 1111 629 1165 αὐτῶν,
645 1111 761 1169 ἐπιστολὴν,
782 1114 885 1162 Βασίλειος
895 1112 932 1166 μέν

146 1184 205 1237 μίαν,
226 1185 247 1223 Γ
245 1178 340 1237 εαίργινος
355 1182 377 1224 δὲ
391 1178 404 1225 ό
419 1184 543 1231 Λαοδικείας
560 1180 602 1235 άμα
618 1185 714 1241 Βασιλείῳ
730 1183 765 1225 καὶ
776 1187 818 1232 τοῖς
829 1180 866 1224 σόν
878 1180 932 1240 αὐτῷ

146 1249 212 1304 άλλην.
243 1252 285 1291 Καί
298 1250 348 1292 εἰσιν
362 1251 412 1292 αῖδε.

59 1339 135 1387 Κεφμ,
203 1315 285 1374 Ἡάγίνι
297 1316 538 1378 σῦνοδοςὴἐνἈγκῦρμ
549 1320 711 1376 προςεγγίζοντος
722 1323 759 1363 τοῦ
771 1317 843 1375 Πάσχα
855 1320 877 1362 ἐκ
889 1321 932 1362 δια·
984 1364 986 1366 ,

146 1386 217 1443 φόρων
232 1388 332 1442 ἐπαρχιῶν
348 1393 521 1443 συγκροτηθεῖσα,
541 1391 620 1445 κυρίοις
631 1387 757 1443 τιμιωτάτοις
771 1389 805 1430 καί
819 1386 933 1442 όμοφόχοις

145 1460 303 1511 συλλειτουργοῖς
317 1461 359 1505 τοῖς
376 1457 398 1498 ἐν
410 1458 508 1515 Φοινίκῃ,
526 1457 614 1506 καὶτοῖς
629 1462 718 1508 λοιποῖς,
733 1462 776 1507 τοῖς
784 1455 809 1498 τά
821 1455 872 1498 αὗταί
885 1454 933 1511 ἡμῖν

146 1527 271 1580 φρονοῦσιν,
286 1524 308 1566 ἐν
322 1526 386 1580 κυρίῳ
400 1526 481 1579 χαίρειν.

205 1589 318 1644 Εῦχόμεθα
333 1590 369 1643 μὲν
381 1589 430 1644 μετά
445 1589 481 1644 τήν
494 1588 522 1639 τίς
536 1592 557 1633 ἐν
573 1592 623 1646 πυρί
638 1597 681 1640 τοῖς
696 1593 717 1633 ἐν
731 1592 784 1648 μέσῳ
794 1592 933 1647 γεγενημένοις

147 1656 198 1712 ῦπέρ
215 1663 251 1711 τῆς
267 1660 352 1707 πίστεως
368 1664 487 1713 πειρασμοῖς
505 1656 596 1711 βάσανον
609 1663 646 1712 τῆς
665 1659 826 1713 ἐκκλησιαστικαῖς
841 1662 932 1710 πίστεως,

147 1729 184 1770 καί
195 1723 219 1768 τά
230 1726 264 1769 ε’πί
276 1728 313 1780 τῖγς
324 1729 478 1769 Κωνσταντίνου
488 1725 566 1776 πόλεως
575 1725 609 1770 διά
622 1726 742 1783 Μάρκελλον
751 1727 883 1783 γεγενημένα,
898 1729 933 1770 κυί

147 1792 196 1851 μετά
211 1792 248 1850 τήν
263 1794 344 1838 ἔκθεσιν
358 1797 493 1850 τῆςπίστεαις
505 1795 526 1838 ἐν
536 1800 561 1856 τῇ
572 1794 651 1855 συνόδῳ
662 1798 833 1854 συγκροτηθείσης
843 1796 876 1840 ἐπί
891 1802 934 1848 τοῖς

148 1866 255 1924 ἐγκαινίοις
270 1869 307 1921 τῆς
322 1865 342 1909 ἐν
352 1862 460 1926 Ἀντιοχείᾳ
473 1866 587 1923 ἐκκλησίας,
606 1867 641 1910 καί
657 1864 705 1923 μετά
720 1871 784 1910 ταῦτα
798 1865 849 1910 κατά
860 1869 933 1926 Σαρδι-

147 1934 197 1993 κόν,
212 1936 247 1979 καὶ
256 1934 293 1991 τόν
304 1937 347 1980 ἐκεῖ
353 1930 415 1987 αῦθις
425 1933 545 1992 α’νθήσασαν
555 1940 627 1990 πίστιν,
643 1938 678 1981 καί
688 1938 715 1982 ἐτι
727 1935 775 1993 μετά
786 1936 811 1981 τά
823 1938 844 1981 ἐν
855 1940 934 1998 Σιρμίῳ

149 2007 183 2051 ἐπὶ
196 2010 291 2065 Φωτεινῷ
302 2007 433 2063 γεγενημένα,
452 2007 487 2049 1εί
496 2006 532 2060 μέν
543 2007 577 2050 καὶ
586 2012 694 2064 λογισμοῖς,
710 2005 747 2057 οῦς
758 2005 790 2060 ἐφ’
801 2005 877 2065 ἑκάστῳ
888 2008 934 2063 περί

149 2080 185 2130 τῆς
201 2078 286 2125 πίστεως
296 2077 398 2134 κεφαλαίῳ
410 2076 571 2131 ἐπερωτηθέντες
586 2077 632 2132 περί
643 2079 684 2119 τῶν
698 2077 720 2119 ἐν
731 2078 825 2135 Σαρδικηῖ
836 2074 887 2130 πρός
898 2074 935 2131 τόν

148 2142 248 2198 αἰνατολην
261 2143 371 2187 διεστοότων
385 2136 508 2199 ἐξεθέμεθοι,
528 2143 627 2201 ἠρεμῆσαι
639 2143 720 2195 λοιπόν,
741 2146 776 2187 καί
791 2145 901 2197 ἕνωθείσης
913 2146 935 2188 ἐν

147 2217 173 2271 τῇ
191 2212 269 2268 εὐσεβεῖ
277 2215 367 2270 βασιλείῳ
382 2218 418 2255 τοῦ
434 2211 532 2255 δεσπότου
545 2211 604 2266 ἡμῶν
615 2215 774 2255 ’ὶΚωνσταντίον
786 2216 823 2266 τῆς
833 2211 874 2255 ἆπό
885 2213 934 2256 τίνοι-

147 2285 207 2334 τολῦγς
218 2282 256 2329 ἕως
265 2282 348 2334 δυσμῶν
358 2282 468 2335 ἐκκλησίας,
481 2281 631 2335 ἐκβεβλημένον
640 2285 680 2323 τῶν
689 2279 811 2332 σκανδάλων,
827 2279 935 2336 εἰρηνεόειν

148 2365 169 2391 τε
183 2350 217 2392 καί
228 2353 272 2397 ταῖς
287 2351 385 2403 λατρείαις
402 2353 438 2391 τοῦ
450 2353 503 2391 θεοῦ
512 2349 645 2403 προςανέγειν.
674 2346 760 2402 Ἐπειδὴ
772 2348 804 2399 δὲ,
825 2346 852 2398 ῶς
862 2351 934 2402 έοικεν,

149 2414 175 2459 οιί
185 2414 269 2458 παύεται
284 2412 297 2458 ό
308 2415 403 2469 διάβολος
415 2414 449 2457 διά
462 2421 502 2458 τῶν
514 2418 593 2459 οἰκείων
607 2420 685 2458 σκευῶν
698 2414 817 2466 σπουδάζων
828 2415 875 2457 καθ’
889 2418 934 2459 ἔαυ-

148 2482 196 2534 τόν,
215 2485 249 2524 ’ίνοι
261 2480 287 2535 δὴ
297 2481 377 2532 πάντως
386 2482 411 2524 τά
420 2499 441 2524 τε
453 2484 516 2539 3περί
527 2488 563 2525 τοῦ
573 2486 646 2539 κυρίου
657 2484 799 2538 προρρηθέντα
809 2485 843 2526 καί
853 2482 887 2526 διά
898 2489 934 2526 τοῦ

149 2548 209 2606 ἁγίου
220 2548 332 2593 ιἰποστόλου
342 2550 454 2606 σόμφωνυ,
470 2548 498 2601 τίς
510 2551 543 2594 ἐπί
555 2555 677 2611 προφυλακῇ
691 2555 748 2594 4τῶν
763 2556 852 2605 πιστῶν,
873 2569 934 2608 κηρυ-

148 2621 223 2676 χθέντα
234 2620 262 2669 τίς
272 2618 395 2663 άποστασίαν
406 2619 518 2677 ἐργάσηται,
535 2621 621 2663 ἐπινοῶν
632 2620 751 2675 καινισμοός
760 2619 810 2664 κατά
820 2625 857 2676 τῆς
867 2622 935 2677 ἐκκλη·

149 2694 253 2746 σιαστικῖγς
263 2692 354 2743 πίστεως,
370 2691 403 2734 καί
415 2695 452 2734 νῦν
462 2692 483 2735 ἐν
493 2689 598 2748 μορφάνει
606 2688 661 2742 τινάς
671 2689 771 2748 εὐσεβείας
782 2691 934 2744 οἰκειώσασθαι,

149 2763 184 2806 καί
202 2759 301 2818 βεβήλους
316 2763 453 2815 καινοφωνίας
467 2759 493 2804 δι’
510 2759 576 2805 αὐτῶν
595 2763 699 2818 ἐπινοῆσαι
715 2762 766 2806 κατά
783 2767 819 2817 τῖγς
839 2760 934 2817 εὐσεβοῦς

149 2831 280 2891 γνησιότητος
294 2835 330 2875 τοῦ
345 2836 467 2889 μονογενοῦς
478 2834 526 2875 υίοῦ
537 2835 575 2875 τοῦ
585 2837 647 2884 θεοῦ,
668 2832 765 2889 πρότερον
776 2833 812 2886 μὲν
825 2831 934 2883 άκοόοντες

173 2927 189 2961 7.
202 2924 332 2967 „Dehocloco
347 2925 416 2959 consule
426 2931 489 2959 ποιεῦ(
499 2928 529 2961 Pe·
553 2937 602 2958 unam
618 2938 638 2959 ex
656 2926 743 2970 creaturis)
761 2930 775 2960 el
793 2927 860 2959 Ριιιιυὶῖ.
885 2928 935 2969 Vulgo

149 2975 203 3006 ῐονῖιισ
552 2973 595 3005 συνεί
606 2982 617 3004 α
628 2975 672 3006 libris

173 3024 189 3051 τ’,
201 3014 233 3063 σόη
242 3021 306 3059 reposui
317 3029 337 3052 ιιι
347 3019 455 3052 emendatione
468 3020 528 3052 Coma-
574 3019 590 3050 9.
602 3015 649 3053 αότῶ
661 3021 696 3052 τιό.
710 3019 775 3059 Βλειίίμ.

149 3066 287 3109 εἰτ’(νιιιιιιαὶιη
304 3067 528 3097 ιἐειτιυαιιιιαιιτηοιιυι
574 3063 678 3096 ῦιν.ΙΙ.-
703 3065 717 3096 l.
731 3062 756 3098 ἐτι
771 3061 806 3107 μὴν
822 3061 935 3107 ιοιιίςιιιιίννι
