1988 3392
243 238 336 273 PANthl
347 239 390 272 tin.
399 240 429 274 lll.
442 240 497 274 TOM.
507 240 527 272 ll.
539 238 608 273 HAER.
615 238 691 271 LXXX.
817 230 859 272 467

74 324 189 371 verterunt3
211 333 249 375 qua
261 332 288 361 ex
299 319 406 361 occasione
417 334 470 363 nova
486 322 539 363 lacta
549 327 580 362 est
591 318 668 361 erroris
678 318 776 361 accessio.
809 316 860 373 Qui-

74 390 119 432 dam
128 388 180 430 enim
194 401 262 430 eorum
274 387 306 443 qui
318 388 343 429 oh
355 389 449 443 gentilem
464 389 522 430 istam
534 389 655 445 impietatem
668 386 768 429 interlecti
781 388 861 429 lucrant

75 470 159 514 corpora
175 456 236 498 certis
246 457 266 498 iu
280 456 329 499 locis
344 456 465 512 sepelientes
479 457 519 499 illic
532 459 612 500 easdem
626 457 671 499 illas
682 456 751 497 laudes
766 455 861 512 hymnos·

75 540 113 584 que
124 525 242 577 decantant,
259 532 279 567 et
288 523 425 581 Martyriauos
439 526 532 582 appellari
545 541 567 568 se
578 526 660 578 volunt,
681 532 764 581 propter
776 525 821 566 illos
831 525 862 567 vi-

74 595 147 639 delicet
161 594 194 650 qui
209 594 235 635 oh
249 593 347 637 idolorum
363 594 438 636 cultum
453 594 571 651 martyrium
585 595 683 637 fecerant.

132 662 174 707 Sed
187 676 255 705 eorum
268 678 338 706 rursus
354 663 387 706 alii
400 663 458 706 altius
474 664 565 720 quiddam
582 678 618 721 pro
629 664 726 706 stultitiae
738 677 787 706 suae
801 672 859 720 captu
872 667 914 711 Gap·
924 666 953 699 111.

76 731 211 788 concipientes
221 733 301 784 antimo,
322 746 346 774 ac
358 732 405 774 nihil
416 741 496 790 praeter
510 740 596 774 mentem
608 747 663 790 suam
675 733 695 773 in
706 732 812 775 consilium
828 732 863 774 ad·

76 801 179 853 hibentes,
194 801 270 843 iactare
281 801 334 844 istud
345 802 388 843 ausi
400 810 458 845 sunt:
480 801 579 854 Satanas,
601 801 703 857 inquiunt,
726 802 864 858 magnusqui-

76 871 119 913 dam
134 878 177 922 cst,
194 883 217 912 ac
229 869 287 925 longe
301 870 432 921 fortissimus,
455 878 476 913 et
488 871 539 912 mala
552 871 695 927 quamplurima
708 871 821 913 hominibus
832 872 863 913 in-

75 939 132 996 fligit.
164 936 207 982 Cur
224 939 285 995 igitur
301 954 341 981 uon
359 940 382 981 ad
397 940 449 981 hunc
461 942 526 996 potius
542 940 679 995 confugimus,
701 948 721 982 et
735 955 780 983 eum
792 943 864 983 adora-

76 1024 120 1052 mus
136 1016 195 1065 atque
214 1009 290 1050 honore
310 1009 496 1065 praedicationeque
515 1023 646 1062 veneramur,
668 1017 690 1052 ut
703 1010 813 1052 adulatorio
829 1010 864 1052 illo

77 1079 131 1122 cultu
142 1078 259 1121 conciliatus
276 1091 349 1120 nocere
368 1078 458 1130 desinat,
480 1078 582 1120 imovero
597 1086 700 1132 nostrum,
720 1079 825 1136 inquiunt,
846 1079 864 1120 si

78 1157 171 1205 tanquam
184 1161 289 1190 servorum
304 1161 385 1189 suornm
399 1147 497 1190 rationem
515 1147 588 1190 haheat
601 1156 621 1189 et
633 1148 739 1205 ignoscat?
769 1147 825 1204 Ergo
837 1148 866 1190 illi

78 1215 199 1261 Satanianos
214 1216 333 1272 semetipsos
351 1217 457 1273 appellant.
489 1216 579 1273 Quorum
594 1217 687 1260 haeresin
699 1233 743 1260 cum
756 1217 866 1274 superiori-

77 1288 115 1329 bus
126 1287 166 1329 illis
177 1286 201 1327 de
213 1285 284 1341 quihus
301 1285 394 1342 deinceps
409 1285 472 1327 acturi
485 1300 553 1328 sumus
567 1285 725 1342 coniungendam
742 1287 864 1343 putavimus.

79 1351 178 1407 Quoniam
195 1354 274 1410 utrique
290 1355 400 1396 averitate
413 1354 548 1395 desciscentes
566 1355 618 1396 idem
635 1358 689 1397 foras
702 1355 824 1411 prodeundi,
846 1362 867 1396 et

78 1422 115 1465 snb
126 1422 158 1464 dio
170 1421 263 1479 precandi
274 1436 297 1463 ac
306 1422 390 1464 canendi
399 1423 510 1465 institutum
522 1429 599 1465 tenent.
631 1420 726 1465 Ceterum
738 1424 788 1466 haec
799 1424 867 1466 omnia

79 1490 158 1534 ludibrii
175 1497 196 1532 ct
211 1490 330 1548 ineptiarum
349 1490 465 1547 plurimum,
490 1491 555 1533 damni
573 1491 621 1533 nihil
639 1493 743 1534 admodum
759 1492 865 1544 habebant,

79 1574 144 1616 neque
159 1560 268 1602 averitate
284 1567 370 1602 mentem
390 1560 489 1603 abducere
504 1567 608 1616 poteraut3
631 1576 670 1602 non
693 1562 746 1603 enim
767 1558 866 1604 Christia-

81 1630 114 1683 ni,
136 1629 171 1672 sed
184 1629 233 1671 meri
246 1629 331 1685 gentiles
345 1628 476 1671 habebantur.
507 1629 568 1685 Atqui
586 1629 644 1671 hodie
656 1628 776 1672 Massaliani
793 1645 868 1673 vocau-

82 1706 126 1752 tur,
142 1698 213 1741 iisdem
224 1698 313 1740 moribus
325 1712 348 1740 ac
360 1698 431 1740 ritibus
442 1698 528 1751 addicti,
545 1712 609 1754 neque
620 1699 706 1751 initium,
723 1713 789 1755 neque
799 1700 866 1751 linem,

81 1782 145 1825 neque
161 1775 232 1824 caput,
254 1774 288 1809 aut
304 1767 392 1809 radicem
411 1767 485 1809 habeut
503 1767 575 1820 ullam,
598 1768 634 1809 sed
646 1769 690 1809 sine
705 1769 834 1810 fundamento
846 1783 869 1810 ac

83 1837 180 1895 principio
191 1851 273 1893 prorsus
286 1835 381 1878 inconditi
393 1843 452 1889 sunt,
475 1843 495 1878 et
507 1836 627 1891 gravissimo
639 1837 659 1879 iu
671 1851 741 1879 errore
752 1845 868 1890 versantur,

83 1914 150 1964 utpote
162 1905 195 1962 qui
206 1906 260 1948 nullo
273 1919 336 1962 neque
351 1904 449 1957 nominis,
471 1919 536 1961 neque
548 1905 671 1959 sanctionis,
693 1920 757 1962 neque
769 1905 868 1962 regionis,

84 1990 148 2032 neque
159 1976 224 2031 legum
242 1975 367 2016 firmamento
382 1973 503 2016 continetur.
536 1972 641 2028 llliigitur
650 1976 670 2016 in
682 1989 742 2016 unum
754 1975 819 2017 coacti
831 1983 870 2017 tam

83 2045 122 2086 viri
133 2059 191 2101 quam
203 2043 297 2085 mulieres
309 2043 392 2085 credere
407 2043 427 2084 in
443 2039 544 2085 Christum
558 2043 663 2095 videntur,
688 2058 711 2084 ae
721 2058 744 2085 se
755 2045 828 2085 mundo
838 2057 871 2085 re-

84 2113 188 2155 nuntiasse
205 2119 226 2154 et
237 2126 272 2154 sua
289 2111 356 2153 omnia
373 2111 487 2154 deseruisse
503 2111 629 2167 profitentur.
661 2110 713 2153 Tum
728 2127 778 2155 vero
796 2112 871 2168 promi-

85 2196 133 2224 scue
144 2195 207 2224 sexus
219 2180 322 2235 utriusque
331 2180 452 2222 dormientes
465 2194 534 2222 omnes
543 2180 562 2221 in
571 2180 722 2237 spatiosissimis
730 2181 781 2223 vicis
789 2195 826 2237 per
836 2195 870 2223 ae·

80 2258 157 2293 statem
167 2250 247 2301 iacent,
263 2249 315 2304 quod
327 2262 350 2291 se
361 2249 464 2305 quicquam
479 2249 500 2291 iu
511 2256 565 2290 terra
576 2249 680 2305 possidere
692 2257 773 2305 negent.
805 2248 871 2293 Soluti

52 2373 55 2378 λ
86 2334 146 2376 porro
155 2334 178 2362 ac
189 2319 235 2374 vagi
247 2325 305 2370 sunt,
322 2325 343 2360 et
352 2332 423 2360 manus
434 2318 458 2360 ad
471 2318 541 2374 stipem
554 2318 670 2374 porrigunt,
691 2319 773 2373 perinde
784 2333 807 2360 ac
818 2320 873 2361 victu

86 2395 107 2431 et
120 2388 249 2446 possessione
264 2395 364 2429 carentes.
395 2385 436 2429 Sed
448 2401 517 2428 eorum
533 2401 638 2429 sermones
650 2388 777 2430 stoliditatem
794 2402 873 2430 omnem

87 2464 189 2515 superant.
226 2456 378 2512 Quemcumque
400 2456 452 2498 enim
473 2469 500 2498 ex
519 2456 559 2497 illis
578 2457 750 2512 interrogaveris,
773 2457 833 2498 talem
851 2470 874 2498 se

88 2527 164 2582 qualem
176 2525 265 2568 volueris
282 2539 328 2567 esse
340 2525 442 2567 fatebitur.
474 2523 524 2567 Sive
536 2524 651 2581 prophetam
663 2525 751 2578 dixeris,
767 2526 875 2581 prophetas

88 2608 111 2637 se
127 2608 173 2637 esse
186 2594 264 2644 dicent,
289 2594 332 2636 sive
347 2590 449 2636 Christum
462 2594 565 2644 nomines,
583 2590 685 2636 Christum
696 2608 719 2635 se
732 2607 778 2635 esse
792 2593 875 2649 quilibet

89 2662 228 2720 respondebit3
250 2661 293 2704 sive
310 2661 456 2718 patriarcham,
479 2662 517 2704 hoc
533 2662 597 2718 ipsum
613 2662 650 2703 sibi
666 2676 738 2704 nomeu
749 2663 876 2718 impudenter

89 2732 195 2783 attribuet;
219 2731 262 2773 sive
279 2731 370 2786 angelum
388 2730 486 2786 denique,
508 2731 566 2772 talem
578 2743 600 2771 se
611 2744 652 2772 non
663 2730 760 2773 dubitabit
773 2744 874 2773 asserere.

90 2796 110 2842 0
124 2799 244 2857 singularem
262 2798 363 2840 homiuum
379 2799 505 2841 vecordiam!
537 2798 596 2854 Quod
613 2799 637 2840 ad
653 2798 749 2841 ieiunium
765 2813 815 2840 vero
830 2812 876 2854 spe-

91 2875 142 2920 ctat,
165 2870 202 2911 hoc
218 2867 268 2925 apud
285 2867 330 2908 illos
349 2867 422 2908 nullum
439 2876 470 2909 est
486 2868 574 2910 omuino.
606 2866 683 2910 Verum
698 2869 734 2909 toti
750 2868 844 2909 videlicet
855 2867 876 2908 in

91 2937 193 2979 orationes
203 2936 274 2978 intenti
286 2950 297 2978 a
308 2936 396 2978 secunda
407 2935 492 2979 tertiave
505 2936 565 2988 hora,
589 2935 622 2976 vel
633 2937 692 2978 etiam
705 2943 777 2987 noctu,
800 2936 817 2977 si
831 2950 877 2977 esu-

92 3005 157 3058 riant,
179 3004 228 3047 nihil
238 3020 278 3048 uon
289 3019 325 3061 pro
335 3017 370 3046 sua
386 3004 467 3046 libidine
480 3005 565 3055 faciunt,
588 3018 611 3044 ac
622 3004 666 3046 cibo
678 3012 763 3060 potuque
776 3018 798 3045 se
809 3005 878 3060 ingur-

93 3073 164 3128 gitant.
196 3072 227 3116 De
238 3074 316 3116 illorum
326 3072 447 3129 turpitudine
460 3088 484 3115 ae
493 3073 573 3128 flagitiis
584 3071 631 3122 nihil
642 3080 698 3114 certo
709 3073 804 3129 comperi.
838 3071 878 3115 Sed

687 3152 740 3197 30*
