1988 3392
212 241 303 275 romanu
315 242 358 274 nus.
368 243 398 275 ut.
409 242 464 276 rom.
476 243 488 275 t.
500 242 568 276 unna.
576 241 658 275 Lxxrv.
787 235 827 275 145

43 337 87 366 eum
103 328 160 379 patre
175 321 250 373 luisse,
272 333 309 363 neo
325 335 410 377 unquam
423 335 469 365 esse
480 322 565 366 desiisse
577 328 660 379 putent,
681 320 771 378 adeoque
783 322 828 364 sine

42 392 83 435 ullo
93 389 151 433 initio
163 403 186 433 ao
201 397 291 448 tempore
303 404 315 433 a
326 397 382 448 patre
394 404 440 434 esse
452 392 580 449 productum,
601 389 729 434 nibilominus
743 398 783 434 tam
799 390 828 446 bi,

43 477 102 521 quam
117 460 151 506 alii
162 475 231 506 omnes
242 461 263 504 iu
274 461 364 519 spiritum
381 468 472 506 sanetum
484 462 623 507 contumeliosi
635 469 694 516 sunt,
715 476 772 520 quem
784 478 828 506 eum

43 540 100 591 patre
115 540 136 575 et
149 532 220 591 spiritu
237 538 307 575 saneto
320 533 341 575 in
356 535 528 577 commemoranda
545 533 648 577 divinitate
661 547 701 576 uon
715 541 828 576 numerant.

43 602 89 646 Nos
101 609 167 655 autem
177 616 202 644 ea
212 602 236 644 de
247 615 269 644 re
280 616 376 660 persaepe
388 603 545 660 disputavimus,
562 610 582 646 et
592 604 613 646 in
624 601 708 658 siugulis
719 602 830 645 refutandis

44 671 162 714 haeresibus
173 670 291 714 certissimis
302 672 322 713 id
332 672 444 714 rationibus
455 686 495 714 non
506 672 601 714 medioori
614 672 716 728 diligentia
726 671 831 727 probatum

44 740 171 796 reliquimus,
194 739 288 781 videlieet
304 740 394 795 spiritum
412 747 502 781 sanatum
519 754 563 783 oum
579 747 635 796 patre
647 747 668 781 et
678 740 719 781 tilio
730 739 832 781 dominum

45 808 149 864 appellari.
185 810 271 860 Spiritus
286 811 336 848 em'm
353 810 426 849 domani
441 810 524 861 repleuit
540 809 604 848 orbem
622 816 730 849 terrarum:
750 811 832 862 sputatus
840 819 877 855 Sap.
890 819 903 855 1,-
913 819 928 846 r.

45 878 79 917 ille
90 878 177 917 ueritatis
192 890 216 916 aa
226 877 263 915 dei.
295 877 441 928 Sperituseuim
454 878 528 916 domim'
540 878 621 925 dabutur,
644 884 831 930 etapatreprore-
846 887 900 930 lnam.

45 947 104 994 dens,
125 951 166 985 eta
170 945 218 997 filio
229 945 336 996 arripueras,
358 958 382 983 aa
396 946 544 997 siugulboarte
559 947 610 984 dona
624 939 751 994 distribuens,
772 922 937 998 mouubbffitm.

47 1014 104 1065 uteu-
120 1015 153 1054 det
161 1026 235 1068 quoque
241 1013 340 1067 profunda
350 1020 450 1063 scrutans,
468 1026 512 1054 eum
526 1018 582 1070 patre
595 1011 687 1056 existens
698 1021 718 1056 et
730 1011 781 1067 titio,
797 1013 832 1057 ba-

46 1083 137 1142 ptizans,
159 1082 267 1140 obsignans
283 1081 447 1141 obsignatumque
464 1082 577 1141 perdolens.
613 1081 690 1127 Verum
707 1098 732 1127 ne
748 1084 833 1127 eundem

47 1154 136 1198 laborem
153 1154 225 1197 iterum
238 1152 276 1196 boe
294 1152 338 1196 loeo
349 1161 450 1211 repetam,
471 1167 521 1211 quae
534 1154 554 1195 in
566 1168 638 1210 magna
648 1153 681 1197 illa
692 1154 832 1211 disputatione,

48 1238 107 1281 quam
117 1224 142 1266 de
152 1221 204 1266 Fide
214 1223 234 1264 in
245 1221 382 1279 Pamphyliam
394 1223 474 1280 soripsi,
489 1223 535 1265 olim
548 1237 559 1264 a
570 1237 602 1265 me
616 1223 715 1280 disputata
728 1230 786 1277 snut,
803 1224 835 1265 bin

48 1306 169 1350 proponam3
190 1306 229 1347 quo
245 1299 266 1333 et
280 1290 435 1333 contumeliosos
450 1292 496 1333 illos
513 1292 534 1332 in
552 1292 642 1347 spiritum
657 1299 747 1334 sanetum
763 1292 835 1333 baere-

49 1360 100 1403 tioos
115 1360 219 1411 refellam,
242 1366 262 1400 et
276 1359 363 1400 lectores
378 1359 492 1411 instituam,
514 1366 535 1400 et
549 1358 575 1401 iis
590 1360 623 1415 qni
638 1360 729 1416 spiritum
744 1367 835 1401 sanetum

49 1428 178 1470 obtinuerunt
191 1427 313 1482 voluptatem
328 1441 352 1468 ae
367 1426 463 1468 laetitiam
478 1426 569 1469 afferam.
599 1425 630 1468 Ea
646 1442 706 1483 porro
720 1434 768 1470 suut
783 1427 836 1470 eius-

49 1495 111 1537 modi.

228 1632 261 1668 nx
273 1632 394 1669 nunonnro
406 1613 530 1668 nxnnurrn
541 1633 660 1675 ornanum.

109 1707 209 1761 Apparuit
215 1707 283 1759 gratia
292 1707 366 1747 aonam·
374 1707 439 1746 nostri
447 1707 492 1747 Iesu
506 1706 581 1746 Cbru'sti
588 1707 677 1746 erudr'eus
687 1719 729 1754 uos,
747 1713 770 1747 ut
780 1706 838 1748 abne·
850 1717 890 1762 Gap.
901 1718 922 1749 tt.
963 1744 965 1746 ,

51 1783 121 1830 gautes
136 1778 250 1830 ainptetatem
260 1783 281 1816 et
294 1776 403 1816 saecularia
413 1777 507 1816 desiderata
518 1776 592 1824 sobrie,
612 1778 647 1828 pie
658 1782 678 1815 et
692 1777 742 1816 ruste
755 1778 840 1817 eruamus
847 1761 901 1798 Μ’
910 1761 933 1790 ¹¹'

53 1848 74 1886 in
84 1847 120 1886 boe
130 1846 219 1893 saeculo,
242 1852 364 1897 expectantes
381 1845 454 1885 beatam
470 1858 521 1896 mem
537 1852 558 1884 et
568 1847 669 1885 aduentum
682 1846 759 1897 glareae
773 1848 842 1898 magui

54 1916 87 1954 det
99 1920 120 1953 et
133 1915 236 1953 saluatoris
250 1915 316 1952 nostri
330 1914 374 1952 lesu
384 1914 468 1953 Christi:
490 1915 526 1965 qui
540 1914 621 1952 tradedit
634 1916 720 1965 seipsumv
725 1927 763 1965 pro
774 1914 836 1961 nobis,
852 1921 931 1958 autaut.

54 1988 77 2021 ut
88 1982 191 2021 reda'rtteret
203 1994 239 2020 nos
249 1980 274 2019 ab
285 1982 338 2019 ortui
346 1982 457 2032 iniquitate,
474 1987 494 2019 et
502 1987 600 2031 purgaret
608 1980 649 2019 sibi
658 1982 698 2032 rpsz'
706 1982 797 2033 populum
805 1995 840 2034 pe-

55 2050 157 2097 eruorem,
180 2054 294 2088 sectatorem
307 2047 398 2087 bonorum
415 2061 492 2100 operum
509 2049 571 2086 deleto
583 2062 621 2099 per
636 2049 713 2087 decretu
729 2062 765 2088 sicu
778 2050 842 2089 obire·

53 2118 142 2170 grapho,
158 2118 210 2171 quod
222 2122 290 2156 eouua
301 2129 336 2156 uos
347 2122 400 2164 erat,
424 2129 448 2156 ae
458 2116 513 2156 nobie
524 2116 663 2156 adversabatur
667 2132 675 2166 ,·
696 2118 748 2169 quod
759 2131 770 2157 e
781 2119 841 2157 meeleb

55 2186 151 2228 sublatam
165 2184 231 2240 affixit
243 2186 308 2235 eruet,
331 2198 355 2226 ae
364 2186 486 2240 prabezpatus
503 2193 523 2226 et
536 2192 641 2240 potestates
653 2187 738 2240 spolians
754 2188 844 2228 traduxit

56 2258 149 2298 audacter
160 2257 279 2310 triumphans
290 2257 335 2297 illos
352 2258 494 2311 ebeemetr'pso:
515 2264 535 2298 et
544 2271 587 2298 eura
598 2271 667 2298 aeneas
672 2257 731 2312 fores
741 2259 843 2299 conuiuae·
863 2244 937 2297 toarni.v

57 2335 97 2378 set,
114 2341 138 2368 aa
147 2334 209 2368 uentos
216 2327 293 2381 ferreos
303 2327 441 2381 confregeram,
463 2325 517 2368 vitae
528 2327 654 2383 postmodum
665 2327 732 2369 lumen
746 2326 842 2380 ostendit,
865 2304 896 2341 Μ’
905 2304 927 2331 κ’

57 2409 128 2439 manus
145 2395 250 2452 porrigens
266 2408 289 2437 ae
305 2394 357 2437 viam
374 2396 479 2448 muniens,
500 2403 521 2437 et
537 2396 561 2438 ad
577 2397 655 2438 eoelum
670 2397 844 2438 conscendendum

58 2465 123 2507 soalas
134 2464 253 2515 ostendeus,
274 2478 298 2505 ae
308 2462 424 2506 Paradisum
437 2463 522 2519 denique
532 2477 603 2506 rursus
618 2465 642 2507 ad
655 2464 781 2505 habitandum
795 2464 845 2505 offe-

58 2546 114 2575 rens.
144 2531 183 2574 Hie
196 2531 257 2588 igitur
266 2533 360 2572 hebetauit
370 2535 390 2572 iu
400 2532 466 2580 uobts,
483 2545 507 2573 ae
518 2531 569 2588 logis
580 2531 662 2588 spiritns
673 2532 738 2573 saneti
748 2531 844 2573 instilioa-
852 2545 905 2573 mann
914 2544 928 2580 u,
936 2545 949 2571 o.

59 2600 134 2643 tionem
144 2599 202 2642 nobis
214 2605 246 2640 est
255 2599 351 2653 largitus,
373 2606 395 2641 nt
405 2605 445 2640 tam
455 2598 520 2654 ipsum
532 2613 590 2655 quam
602 2606 713 2655 quaesunt
725 2599 788 2655 ipsius
799 2613 846 2654 pro·

60 2669 103 2726 pria
114 2680 269 2724 cognoseamns3
290 2667 342 2723 quod
358 2666 411 2709 vitae
428 2665 506 2709 initium
523 2681 547 2709 aa
562 2667 607 2709 linis
618 2675 657 2709 est.
688 2664 745 2722 Ergo
759 2667 847 2709 iustitiae

60 2737 118 2780 nobis
131 2749 229 2779 oonoessa
238 2735 273 2778 lex
283 2741 326 2788 est,
342 2735 388 2787 lex,
404 2734 496 2791 iuquam,
512 2735 570 2788 fidei,
586 2735 621 2778 lex
633 2734 727 2793 spiritus,
749 2743 770 2778 et
780 2750 791 2778 a
802 2736 848 2793 lege

61 2806 127 2851 earnis
137 2806 214 2866 peeoati
224 2806 295 2849 libera.
326 2801 461 2861 Quamobrem
474 2808 526 2862 quod
540 2808 567 2849 ad
577 2809 687 2848 rbterrbrem
699 2808 793 2848 bominem
801 2822 847 2861 per·
858 2808 954 2847 stru-W·

62 2880 121 2929 tinet,
144 2880 177 2920 dei
191 2878 265 2919 meleu
278 2877 366 2919 delectat.
398 2874 437 2919 Est
453 2883 520 2920 autem
533 2873 753 2930 iutranostristus3
776 2877 794 2919 si
806 2876 849 2933 qni-

86 2969 103 3007 6.
113 2967 168 3011 αὐτὰς
178 2972 235 3005 tneor.
492 2968 519 3004 10.
530 2963 544 3014 ἦ
556 2979 587 3003 om.
598 2970 656 3004 tneor.

88 3016 104 3054 7.
116 3015 173 3064 ἑαυτῷ
184 3019 219 3052 eod.
231 3017 298 3060 umam.
491 3014 518 3049 11.
530 3013 582 3059 νόμος
591 3014 668 3056 πίστεως
676 3017 734 3049 absunt
744 3016 765 3048 ab
776 3016 834 3049 tneor.

88 3061 104 3098 8.
116 3062 172 3103 πύλας
182 3064 238 3098 tuear.
301 3075 303 3077 ·
492 3061 519 3096 12.
531 3061 579 3104 ζωῆς
589 3062 636 3095 babet
647 3064 704 3097 Aooor.

87 3108 104 3144 9.
116 3106 228 3155 ὖποβάῧρας,
241 3105 312 3152 adprobo
323 3110 379 3143 lnam.
492 3107 519 3141 13.
531 3106 631 3150 ouuelbopeu
642 3105 672 3142 rto
682 3104 734 3151 νόμον
747 3108 804 3140 dacor.

99 3175 160 3212 Corpus
168 3174 260 3204 llaereueol.
265 3173 286 3203 Π.
291 3175 306 3204 ³.
686 3178 713 3218 10
