1988 3392
255 244 347 279 333333
359 244 402 277 uro.
414 245 444 277 ιιι.
456 244 511 279 ron.
521 245 543 277 ιι.
556 243 724 277 1333333333.
837 232 879 275 383

96 327 182 381 [3333133
197 326 300 377 degustare
312 326 371 366 mbos.
404 323 439 367 Sic
451 333 470 367 et
481 325 550 367 oculus
565 324 690 374 considerat,
713 331 732 364 et
744 337 800 364 mens
815 322 881 364 iutue-

98 402 138 435 tur.
170 390 269 445 Quocirca
280 407 336 434 merus
347 392 393 445 illa,
410 394 492 448 quaein
504 394 561 435 nobis
571 394 657 443 residet,
680 398 700 432 et
712 406 723 433 3
736 392 772 432 deo
784 404 881 433 concessa

30 475 33 480 ’
98 468 141 512 est,
163 460 218 501 visus
235 469 266 501 est
283 461 361 515 quidam
378 468 485 515 etgustus
500 475 523 502 33
538 461 663 503 discernendi
680 459 773 500 facultas.
807 458 881 514 Neque

98 541 148 569 vero
164 527 189 567 iis
208 541 259 581 quae
276 528 383 569 identidem
402 529 451 569 liunt
467 528 590 578 assentitur,
615 529 653 569 uisi
670 527 744 568 bomini
761 527 880 567 collibuerit.

98 594 127 636 At
138 607 185 634 caro
195 594 215 634 iu
227 595 318 636 omnibus
330 596 372 636 fere
384 595 447 636 sacris
460 596 523 636 literis
535 595 559 635 ob
571 595 624 636 illam
639 610 689 650 quae
701 595 721 635 in
733 595 776 649 1333
786 601 816 634 331
829 593 883 649 cupi·

98 662 179 704 ditatcru
192 662 281 703 damnari
295 663 354 704 solet.
386 661 510 720 Quamquam
528 677 567 704 uon
584 664 664 704 333ιὶ33
679 677 727 704 3333
742 662 785 718 1333
801 662 882 702 damna-

99 738 142 782 tur,
165 730 200 772 sed
218 744 268 786 quae
286 730 311 772 ab
325 732 359 773 illa
373 732 526 788 proficiscuntur
543 745 645 773 sacrorum
661 733 756 773 librorum
774 730 883 772 auctoritas

99 799 212 859 proscribit.
243 798 300 843 Unde
317 801 419 858 apostolos
430 801 457 843 ita
468 802 565 857 loquitor:
582 803 627 843 Su'o
638 804 687 843 3333
699 803 750 857 quod
759 816 797 843 non
808 801 884 842 bubr'mt

99 875 170 921 emme,
192 873 228 912 133
237 879 268 912 331
277 875 297 912 in
310 886 368 913 corne
384 887 435 923 mea,
458 874 533 913 donum.
566 869 624 927 Quod
637 873 661 914 ad
675 886 699 913 33
710 871 837 914 referendum
850 877 882 912 331

99 954 150 996 quae
162 955 189 982 ox
200 954 262 983 earne
273 949 411 984 succrescunt.
443 941 508 997 Atque
521 949 542 984 ut
552 941 698 983 baereticorum
710 941 813 997 opiniones
823 941 882 982 rclel-

99 998 162 1061 leret,
185 1023 210 1051 33
228 1024 309 1052 caruem
325 1010 362 1063 sibi
379 1012 522 1067 persuaderent
536 1010 560 1052 ab
576 1010 629 1051 omni
645 1010 799 1052 resurrectionis
816 1024 851 1066 333
862 1018 883 1051 31

100 1078 238 1120 commuuione
254 1078 363 1131 deiectam,
386 1080 434 1121 baec
451 1079 555 1121 adiunxit:
580 1081 659 1132 Oportet
671 1081 795 1132 corruptibile
806 1082 842 1119 boc
853 1083 882 1120 in-
902 1088 960 1133 1:⁰⁰!-

99 1149 158 1187 duere
165 1150 333 1199 incorruptionem,
350 1155 371 1187 ct
378 1150 459 1188 mortale
467 1150 503 1187 boc
512 1150 591 1188 1333333
599 1149 771 1197 immortalitatem
788 1161 813 1188 uc
823 1161 884 1202 opera
906 1124 927 1159 n,
936 1124 959 1153 ω’

100 1214 167 1257 333313
178 1215 300 1266 3331331333,
322 1229 373 1270 quae
389 1215 456 1256 333313
468 1216 548 1256 nomine
558 1215 655 1270 scriptura
670 1215 722 1256 solet
733 1216 823 1267 afficere,
844 1229 884 1256 uua

100 1289 121 1323 et
132 1283 286 1324 resurrectionis
298 1297 353 1339 spem
366 1298 377 1324 a
389 1284 560 1326 carnevideretor
571 1283 686 1324 excludere.
718 1281 821 1338 Siquidem
834 1297 883 1337 quae

99 1351 120 1390 in
135 1350 169 1391 illa
190 1357 312 1391 exercentur
331 1351 439 1405 depravata
459 1365 521 1406 33333
542 1351 648 1392 333113313
667 1352 777 1401 cantuarii,
803 1365 883 1392 earnem

100 1416 163 1471 ipsam
178 1430 228 1458 vero
247 1424 336 1459 sanctum
355 1418 450 1471 quoddam
464 1431 509 1458 3333
521 1418 614 1473 templum
626 1417 646 1457 iu
658 1430 682 1458 33
694 1418 726 1472 qui
737 1430 816 1458 caruem
828 1431 884 1458 suam

101 1484 233 1524 sanctificavit
244 1497 290 1525 3333
301 1484 379 1537 docuit3
400 1485 563 1540 quemadmodum
575 1484 669 1540 scriptum
680 1492 723 1532 est,
746 1486 820 1536 Relr'gzb
830 1495 988 1534 mnu-rannone.

100 1554 125 1592 do
134 1554 169 1592 deo
179 1560 198 1592 et
206 1556 316 1606 patriliaco
327 1561 366 1602 est,
389 1557 468 1593 orbitare
479 1556 575 1606 33313333
589 1561 609 1592 et
619 1555 687 1592 videam
697 1557 717 1593 in
726 1554 830 1607 efflictebue
839 1568 882 1602 333,

100 1629 121 1663 31
130 1624 270 1664 immaculatum
286 1637 308 1664 se
320 1638 434 1665 conseruere
449 1624 473 1665 ub
486 1625 522 1664 boc
533 1625 615 1664 muodo.-
635 1621 682 1665 itcm
696 1622 735 1665 alio
749 1621 806 1675 loeo,
829 1625 887 1663 Beati

100 1695 136 1747 qm'
144 1707 214 1747 purum
226 1701 335 1748 castumque
349 1709 426 1735 earnem
440 1709 494 1736 suum
505 1696 630 1736 seruauerint.
661 1691 727 1735 Porro
740 1693 838 1750 scriptura
850 1693 884 1735 ud·

101 1777 172 1806 versus
184 1762 237 1805 illam
254 1777 313 1819 33333
332 1763 434 1822 disputans
451 1764 567 1820 cupiditates
584 1778 607 1805 33
620 1763 731 1819 voluptates
746 1763 771 1804 ab
789 1762 885 1819 1331333

101 1831 197 1888 pullulare
213 1846 250 1873 nos
266 1833 345 1884 docuit,
367 1841 437 1874 333133
448 1840 535 1875 mentem
549 1846 599 1874 3333
611 1832 660 1874 nibil
673 1832 753 1873 omniuo
765 1832 828 1885 dixit,
850 1832 884 1873 sed

100 1900 148 1943 illud
157 1901 266 1954 duntaxat,
282 1904 366 1942 Psallam
376 1910 448 1952 memma,-
461 1904 544 1956 psallum
555 1909 575 1942 et
584 1904 667 1954 spiritu.-
688 1900 747 1952 item,
768 1903 793 1941 Si
800 1903 883 1955 psallum
907 1909 961 1972 113qu¹

100 1973 181 2023 spiritu,
198 1978 322 2010 mansuetem
333 1972 549 2023 meurbsruetuosasit.
582 1967 619 2012 Ubi
632 1969 689 2010 vides
702 1983 759 2011 suum
772 1969 882 2011 rnentifru·
909 1966 963 2007 et'lt.'

101 2045 154 2080 ctum
170 2038 298 2090 attributum
323 2051 346 2078 ac
363 2038 441 2079 tametsi
458 2039 535 2079 fructus
553 2037 619 2078 331133
637 2038 722 2088 existat,
746 2038 800 2079 nullo
818 2045 884 2078 tomen

101 2106 160 2146 modo
171 2112 257 2146 mentem
270 2106 322 2147 inter
333 2112 414 2160 peccata
427 2105 551 2156 numeravit,
568 2105 604 2146 sed
614 2118 641 2146 ex
650 2104 694 2160 1333
707 2104 771 2160 331133
783 2105 832 2146 33131
843 2106 884 2147 fru-
901 2095 909 2103 δ’

102 2179 155 2213 ctum
166 2171 264 2214 asseruit.

159 2238 236 2293 Ecquid
247 2253 297 2280 3333
308 2253 335 2280 ex
346 2239 390 2281 istis
401 2239 492 2281 omuibus
504 2240 600 2281 adversus
612 2238 721 2279 divinitatis
732 2239 805 2280 domiui
820 2239 883 2281 nostri
916 2238 957 2282 cap.

102 2307 143 2349 vim
153 2321 176 2350 ac
188 2313 306 2364 potestatem
318 2305 378 2349 lacit?
398 2314 432 2349 aut
447 2322 485 2364 qua
496 2307 517 2349 13
529 2321 552 2349 re
567 2307 650 2349 candem
662 2306 715 2348 illam
730 2305 770 2348 vim
782 2306 885 2349 333311331-
902 2284 973 2319 xm*

103 2390 147 2419 mae
158 2376 246 2419 mulieris
256 2384 328 2419 veuter
339 2376 468 2419 obscuravit?
482 2384 517 2418 aut
526 2377 609 2433 virginis
621 2376 704 2417 uterus?
719 2382 753 2416 aut
762 2383 830 2433 partus
841 2376 885 2418 exi-

103 2453 136 2491 tus
147 2461 171 2491 33
185 2448 276 2490 oreatus?
291 2454 326 2490 aut
337 2444 444 2506 Symeonis
455 2447 528 2490 ulnae?
548 2453 581 2489 aut
593 2446 693 2490 bominum
705 2445 813 2504 exceptio?
840 2444 885 2490 1113-

103 2518 146 2560 3133
156 2517 257 2575 gestatio?
278 2518 389 2561 meretricis
400 2517 528 2560 attrectatio?
549 2516 637 2559 mulieris
649 2517 725 2574 capilli,
742 2517 774 2574 qui
786 2517 839 2560 illius
852 2533 885 2575 33-

104 2587 139 2629 des
150 2587 290 2644 contigerunt?
309 2594 343 2629 aut
354 2588 468 2644 lacrymae?
488 2596 522 2629 aut
533 2587 567 2629 illa
577 2586 597 2628 in
608 2595 757 2629 monumentum
772 2587 884 2643 depositio?

105 2653 183 2714 Quippe
195 2656 323 2708 3131331113,
345 2657 468 2712 3333133133
481 2670 554 2713 corpus
568 2655 668 2708 obvolvit,
689 2656 789 2698 sincerum
800 2658 854 2699 illum
865 2667 887 2700 ct

104 2723 216 2780 integrum,
240 2725 272 2767 vel
287 2738 383 2767 summam
399 2724 452 2766 illius
468 2731 586 2781 potestatem
602 2738 698 2780 superare
718 2725 799 2767 minime
814 2727 884 2782 potuit.

105 2789 186 2835 Etenim
197 2792 295 2844 loannes,
318 2807 362 2834 curn
371 2793 392 2833 iu
404 2794 473 2835 matris
485 2800 542 2835 utero
552 2799 679 2844 versaretur,
702 2793 727 2835 ob
738 2794 850 2849 ingressum
860 2795 884 2836 ad
892 2809 930 2840 aue.
935 2811 950 2848 1,
957 2812 980 2841 aa.

105 2873 152 2902 sese
162 2861 236 2903 domiui
247 2862 291 2912 sui,
313 2874 369 2915 quem
381 2860 439 2902 beata
450 2862 508 2916 virgo
519 2860 652 2916 parturiebat,
675 2864 722 2917 prae
732 2861 799 2917 gaudii
809 2863 885 2916 magui-

107 2928 174 2970 tudino
184 2928 309 2970 subsultavit.
340 2926 394 2969 Idam
404 2942 464 2983 porro
474 2928 565 2970 dominus
574 2928 638 2970 editus
646 2928 668 2970 iu
678 2930 750 2981 lucem,
767 2937 788 2970 31
796 2929 817 2970 13
827 2943 885 2984 3333-

107 3084 174 3127 aueum.
186 3080 249 3129 αὕιης,
261 3087 278 3119 tu
289 3086 336 3120 editis
347 3081 450 3129 dvapuntvq.
