1988 3392
99 247 101 250 >
142 226 183 268 522
432 235 513 269 ειασυι
525 236 640 270 ιιοιοιιιιιιι

141 314 176 356 καὶ
186 313 284 366 ταφέντα,
299 316 333 357 καὶ
347 312 469 367 άναστάντα,
485 315 519 357 καί
530 312 641 358 άνελθόντα
652 316 674 358 ἒν
687 312 746 374 δόξῃ,
762 315 870 370 ἐρχόμενον
882 320 926 371 κρῖ-

141 399 175 425 ναι
185 386 259 434 ζῶντας
274 384 309 426 καί
319 381 413 439 νεκροῦς,
435 380 462 434 ῶς
475 383 528 438 ίφην
542 384 563 427 ἓν
574 382 672 442 άληθείιγ,
692 378 718 426 οῦ
730 388 766 439 τῆς
779 385 878 438 βασιλείας
888 381 926 427 οὐκ

143 451 198 493 ἔσται
212 451 271 502 τέλος.

49 520 95 565 Κῑφ·
109 519 136 563 ῑῖ·
201 520 243 562 Καὶ
259 517 296 577 γάρ
308 518 394 562 πιστεύει
406 516 420 574 ή
431 519 496 576 μήτηρ
511 517 568 574 ήμῶν
583 518 634 573 αῦτη
648 516 720 576 ήάγία
731 521 833 575 ἐκκλησία,
852 521 887 563 καί
898 517 927 571 ῶς

92 645 95 649 ¹
143 585 193 648 αὐτή
205 587 287 642 άληθῶς
303 587 435 644 κεκήρυκται,
450 590 485 631 καὶ
495 587 578 642 άληθῶς
588 590 739 643 προςτὲτακται,
759 587 925 644 ῦτικοιμηθησό-

46 681 81 713 pag.
91 675 130 705 ιιοι.
142 663 197 711 μεθα
211 658 244 699 καὶ
259 655 414 711 άναστησόμεθα
431 655 468 699 σῶν
483 655 559 710 σάματι
574 656 649 714 τοότῳ,
670 655 707 700 σάν
724 661 780 716 ψυχῇ
795 655 868 717 ταάτη,
890 655 927 700 σάν

142 727 201 769 παντί
211 729 239 784 τῷ
250 724 338 783 ἡμετέρῳ
348 724 420 776 σκεόει,
436 727 470 767 ἵνα
481 725 564 775 ἕκαστος
574 723 668 785 ἀπολάβη
679 723 730 781 πρός
736 725 754 768 ίί
763 727 853 782 ἔπραξεν.
877 725 927 769 Ὅτι

142 793 181 850 γάρ
199 791 307 843 άνάστασις
324 798 410 848 νεκρῶν,
433 795 467 836 καὶ
482 796 547 850 κρίσις
561 793 654 846 αι’ῶνιος,
674 795 709 838 καὶ
725 797 813 849 βασιλεία
829 795 927 852 οὐρανῶν,

143 864 178 905 καί
199 860 314 912 άνάπαυσις
332 868 374 912 τοῖς
394 864 490 915 δικαίοις,
512 864 547 905 καὶ
566 866 688 919 κληρονομία
706 867 793 916 πιστῶν,
814 864 849 906 καί
869 862 929 920 χορός

145 930 210 986 1μετά
221 931 321 988 άγγὲλων,
341 935 381 973 τῶν
393 930 529 988 τετηρηκόταιν
544 929 579 985 τήν
589 934 667 983 πίστιν,
688 933 723 975 καί
737 930 774 986 τήν
783 930 873 989 άγνείαν,
893 932 928 975 καί

142 1000 178 1055 τήν
189 1003 268 1052 ἐλπίδα,
284 1001 318 1043 καὶ
328 998 366 1050 τάς
375 1005 413 1043 τοῦ
422 1003 495 1056 κυρίου
506 998 596 1052 ἐντολάς,
611 997 679 1055 άληθῆ
690 1001 741 1053 ἔστι,
756 1002 790 1043 καί
800 999 927 1057 κεκήρυκται,

143 1070 177 1113 καί
192 1069 329 1124 ήσφάλησται,
350 1069 385 1111 καὶ
403 1071 542 1121 πεπίστευται,
563 1067 594 1111 ότι
610 1063 667 1112 οῦτοι
681 1066 825 1123 άυασιήσονται
837 1070 865 1119 εἶς
876 1066 929 1124 ζωήν

143 1136 235 1189 αίῶνιον,
257 1135 308 1180 κατά
322 1136 344 1179 τό
359 1138 493 1192 γεγραμμένον
511 1138 532 1180 ἒυ
548 1142 591 1186 τοῖς
607 1135 733 1194 εὐαγγελίοις.
756 1137 810 1181 Ὅσα
825 1136 863 1193 γάρ
878 1137 929 1193 λε’γει

142 1204 202 1249 καὶὸ
212 1203 335 1257 άπόστολος,
356 1206 390 1246 καί
407 1209 469 1247 πᾶσαι
482 1206 505 1246 αἱ
514 1204 569 1261 όίγιαι
581 1206 667 1261 γραφαί,
689 1203 779 1260 άληθιυά
790 1204 891 1263 τυγχάνει,
911 1206 930 1248 εί

142 1276 176 1317 καὶ
188 1272 242 1329 παρά
252 1279 295 1324 τοῖς
306 1272 426 1328 άπιστήσασι
438 1274 473 1316 καί
485 1279 553 1324 κακῶς
566 1274 683 1328 νενοηκόσιν
695 1275 766 1330 ἑτέραις
778 1272 929 1329 ὑπολαμβάνον-

142 1360 180 1385 ται.
210 1340 267 1397 Ἡμῖν
284 1342 306 1384 δὲ
323 1341 374 1397 αῦτη
388 1340 403 1396 ή
413 1343 489 1394 πίστις,
509 1343 544 1384 καί
561 1340 638 1397 αῦτηή
649 1339 707 1397 τιμή,
727 1343 762 1386 καὶ
777 1340 853 1397 αὐιηή
864 1340 928 1400 μήτηρ

143 1409 201 1467 ήμῶν
218 1409 347 1466 ήέκκλησία,
369 1409 403 1455 διά
419 1413 503 1461 πίστεως
517 1410 620 1465 σώζουσα,
640 1412 676 1455 καὶ
691 1413 771 1462 ἐλπίδος
785 1412 928 1470 κρατυνομένη,

142 1482 177 1523 καὶ
195 1481 264 1540 ἀγάπη
283 1484 372 1535 Χριστοῦ
388 1480 523 1533 τελειουμίυη,
546 1481 567 1522 ἓν
578 1497 599 1522 τε
612 1484 637 1538 τῇ
649 1478 754 1539 όμολογίηι,
775 1482 797 1523 ἒν
810 1497 830 1523 τε
839 1486 882 1531 τοῖς
892 1498 929 1534 μυ-

143 1552 242 1606 στηρίοις,
258 1550 280 1592 ἔν
291 1565 311 1591 τε
323 1552 348 1608 τῇ
359 1552 395 1591 τοῦ
406 1552 492 1605 λουτροῦ
503 1551 608 1606 καθαρσίῳ
621 1548 716 1602 δυνάμει,
737 1548 779 1602 ὅτι,
798 1547 930 1599 Ἀπελθόντες

143 1620 252 1671 βαπτίσατε
263 1619 291 1666 εἰς
310 1615 392 1671 2ίίνομα
405 1616 492 1674 πατρός,
503 1618 548 1675 καὶ
562 1618 619 1671 υἱοῦ,
640 1619 675 1660 καὶ
690 1615 749 1674 άγίου
760 1617 882 1673 πνεόματος,
901 1619 930 1668 είς

143 1684 208 1742 όνομα
219 1686 240 1729 δὲ
251 1691 324 1741 θεϊκῆς
335 1684 427 1742 τριάδος,
451 1685 561 1740 ὀνομασίας
572 1685 635 1742 μηδὲν
646 1686 764 1743 3διαφοράν
776 1686 868 1743 ἒχοόσης,
889 1684 930 1729 ἄλλ’

143 1755 174 1798 ότι
184 1754 234 1805 θεός
244 1753 272 1805 εἷς
282 1752 331 1809 ήμῖν
343 1756 365 1797 ἒν
374 1753 442 1813 νόμῳ,
457 1755 491 1797 καὶ
502 1755 523 1797 ἒν
534 1754 662 1811 προφήταις,
677 1757 711 1799 καί
723 1757 744 1799 ἒν
753 1755 879 1813 εὐαγγελίοις,
893 1755 929 1798 καί

143 1825 165 1868 ἕν
175 1823 303 1878 άποστόλοις,
319 1825 340 1867 ἒν
350 1827 425 1882 παλαιᾷ
438 1824 472 1867 καὶ
484 1828 544 1884 καινῇ
556 1822 645 1884 διαθήκη
657 1823 790 1881 κεκήρυκται,
812 1825 847 1869 καί
859 1822 932 1881 κατήγ-

143 1900 217 1951 γελται,
233 1892 310 1950 πατήρ,
327 1894 361 1936 καὶ
372 1891 428 1946 υἱός,
444 1894 478 1935 καί
489 1892 548 1950 άίγιον
560 1898 650 1948 πνεῦμα,
670 1892 697 1949 μή
710 1912 741 1945 τις
752 1892 870 1949 4συναλιφή
882 1888 933 1937 οὐσα

143 1961 252 2018 ήθεότης,
274 1961 323 2005 άλλά
338 1960 394 2019 τριάς
408 1956 478 2005 5οὐσα
490 1960 554 2012 όντας
564 1965 637 2016 τελεία,
657 1961 839 2018 τίλειοςόπατήρ,
859 1963 932 2013 τέλειος

143 2031 156 2076 ό
168 2031 223 2086 υίός,
237 2033 311 2075 ιε’λειον
321 2030 344 2075 τό
355 2036 434 2086 πνεῦμα
444 2030 467 2074 τό
479 2029 547 2087 άγιον,
562 2033 597 2085 μία
607 2030 692 2086 θεότης,
708 2030 736 2083 εἷς
746 2031 807 2087 θεός,
821 2026 838 2091 ᾧ
850 2029 865 2087 ή
875 2029 933 2084 δόξα,

144 2101 191 2157 τιμή
206 2102 241 2144 καὶ
255 2098 331 2159 κράτος
346 2101 374 2150 είς
388 2098 437 2150 τοῦς
454 2102 529 2150 αἰῶνας
544 2104 585 2142 τῶν
599 2098 689 2154 αἰῶνοιν,
703 2098 772 2157 Ἀμήν.

51 2263 97 2308 quz
104 2261 132 2309 ,ης
201 2239 260 2295 Αὐτη
272 2240 324 2283 ἐστὶν
336 2236 350 2293 ή
360 2241 433 2290 πίστις,
449 2237 508 2293 ήτῆς
519 2236 616 2296 ήμετίρας
627 2243 679 2294 ζωῆς
691 2242 823 2297 πραγματεία,
838 2243 897 2283 τοῦτο
908 2236 931 2283 τό

144 2311 225 2366 ἔρεισμα
233 2315 270 2363 τῆς
284 2307 391 2363 άληθείας,
406 2307 456 2362 αῦτη
467 2306 482 2363 ή
492 2308 598 2363 παρθένος
613 2312 702 2365 Χριστοῦ
718 2310 753 2351 καί
764 2306 870 2365 περιστερά
882 2305 932 2351 ι’ίκα-

144 2397 191 2432 κος,
212 2378 262 2433 αῦτη
278 2379 331 2420 ἐστίν
345 2375 359 2431 ή
371 2376 411 2432 ζωή
424 2377 459 2419 καὶ
473 2374 487 2430 ή
502 2378 557 2426 ε’λπὶς
568 2378 602 2419 καὶ
618 2374 749 2432 ήβεβαίωσις
760 2382 796 2433 τῆς
808 2377 931 2434 άφθαρσίας.

144 2445 201 2491 Ἀλλά
220 2452 330 2504 παρακαλῶ
342 2445 419 2496 πάντας
435 2443 488 2501 ὐμάς
502 2444 550 2496 τοῦς
562 2445 717 2503 ἐντυγχάνοντας
731 2451 844 2504 συγγνῶναι
856 2451 881 2506 τῇ
894 2446 932 2505 ἐμῇ

145 2515 270 2572 ταπεινότητι
285 2517 320 2559 καί
331 2514 428 2573 άσθενείμ
444 2519 481 2557 τοῦ
491 2513 616 2570 βραχυτάτου
628 2532 668 2569 μου
682 2520 731 2567 νοῦ,
752 2520 789 2558 τοῦ
804 2514 845 2558 άπό
857 2518 932 2558 πολλοῦ

145 2590 185 2628 τῶν
193 2587 287 2641 αἱρέσεων
296 2587 328 2628 ἰοῦ
337 2582 518 2640 άποναρκήσανιος
528 2584 562 2626 καί
574 2588 582 2613 ¹
591 2582 766 2640 άποσιγγάνοντος,
783 2582 810 2635 ῶς
818 2581 933 2628 άποπτόον·

145 2672 179 2705 τος
191 2657 259 2709 δίκην,
274 2656 310 2696 καί
321 2658 470 2705 2υαυτιῶντος,
492 2649 517 2694 δι’
529 2646 559 2694 ῶν
569 2651 614 2706 ήτοι
625 2651 730 2709 αὐστηρῶς
741 2652 793 2710 πρός
803 2671 859 2703 τινας
871 2652 933 2710 φερό-

145 2742 204 2778 μενος
215 2723 292 2778 ήνέγθη
305 2722 339 2766 διά
349 2721 454 2779 ῥημάτων,
475 2719 583 2774 ήκαλὲσας
595 2720 652 2772 τινάς
662 2723 792 2779 άλητηρίους,
812 2720 932 2779 ήάγύρτας,

51 2814 133 2852 pamm.
146 2792 160 2848 ἢ
170 2792 344 2847 πεπλανημένους,
365 2791 379 2846 ἢ
390 2790 513 2838 άπατεῶνας.
544 2788 584 2833 Διά
595 2789 634 2847 γάρ
646 2789 682 2834 τόν
693 2790 757 2834 πολύν
767 2790 832 2835 πόνον
843 2796 880 2834 τοῦ
892 2792 931 2845 ίοῦ,

169 2910 209 2942 cm
224 2910 281 2943 XVII.
294 2929 313 2933 -
340 2911 354 2942 1.
373 2907 417 2953 μετὰ
431 2909 478 2941 τοῦδ.
489 2917 527 2940 mss.
575 2908 591 2940 ᾗ.
604 2900 649 2942 οὐσα
660 2910 717 2942 omittit
728 2908 763 2941 ανδ.
775 2909 841 2950 Ηλιαλίς.

146 2953 182 3000 μετ’
195 2957 237 2989 editi·
569 2953 727 2986 ·GA1›.XVHI.-
758 2954 771 2986 1.
791 2950 933 3000 άπσσικγάνιντος

167 3002 183 3035 2.
195 2999 214 3035 τὸ
228 2997 282 3045 ὄνομα
293 3002 328 3034 cod.
341 3002 405 3043 Βασιλίς.
548 3001 573 3032 ed.
585 3003 651 3041 Ροαιυ.,
668 3009 687 3032 αα
699 3001 734 3032 cod.
747 3000 818 3034 Parisini
832 3002 932 3040 οιιτιοιίλαιι,

169 3048 184 3081 3.
198 3042 277 3091 διάφοροι
290 3048 401 3088 suspicabatur
413 3047 494 3080 petavius.
548 3047 618 3079 eiusdem
627 3047 690 3079 Ριιαυιῑ
699 3047 797 3087 testimonio,
809 3048 828 3079 de
838 3056 869 3087 ριιο
879 3050 932 3078 tamen

167 3092 182 3129 ί.
196 3090 289 3138 συναλοιφή
301 3094 345 3128 editi.
548 3092 612 3133 dubito,
623 3101 659 3124 οιαιι
673 3092 718 3124 codd.
728 3093 759 3126 len.
772 3095 786 3124 et
798 3093 864 3134 Βλαίλς.
877 3098 931 3134 (quem
