1988 3392
236 264 331 299 canaan
342 266 385 299 nro.
397 266 428 299 tn.
439 265 495 300 nom.
505 266 519 298 t.
530 264 599 298 naen.
609 263 693 296 Lxxrn.
832 253 858 295 83

70 351 114 395 est,
140 345 177 385 Ubi
184 347 275 397 sepiens?
307 345 432 385 utrm-tta?
463 346 501 385 Ubi
510 346 629 397 conquisitor
644 344 720 383 soeculi
732 343 812 393 Ιιιιίιιεῒ)
827 354 860 382 re·
876 348 915 379 Ibit.
925 348 947 376 tt.

71 413 182 465 darguens,
199 412 272 453 nnllam
285 412 317 452 bic
330 410 447 466 sapientiam
460 412 560 453 sermonis
572 411 721 461 accommodat3
744 423 770 449 ne
784 408 860 464 argutis

69 478 118 520 iisce
131 478 229 521 rationum
247 468 369 521 coniecturis
380 478 486 534 religiosus
501 480 526 521 de
539 486 596 536 patre
613 478 695 534 filioque
708 491 779 519 sensus
795 476 860 519 inanis

70 548 117 600 fiat,
141 548 188 605 quin
204 555 224 590 ut
242 547 267 590 ab
283 554 368 605 utroque
385 548 499 606 passionem
515 548 625 592 excludens
641 561 733 601 omnem,
756 553 831 604 patrem
849 560 860 588 a

70 618 138 677 seipso
149 618 198 662 citra
209 618 325 677 profluvium
338 626 373 663 aut
383 618 510 663 allectionem
526 619 611 678 aliquam
624 618 687 663 lilium
704 618 799 677 genuisse
811 618 860 661 fide-

70 689 122 732 libus
137 690 236 744 declaret,
260 698 335 733 etcum
350 691 427 747 quidem
446 691 507 733 lilium
523 691 556 748 qui
572 691 623 748 patri
637 690 708 733 similis
722 697 742 731 et
754 690 778 731 ab
791 689 860 731 eodem

70 760 178 802 secundum
192 761 323 803 substantiam
333 761 424 816 genitus,
442 762 543 817 perlectus
553 774 564 802 e
574 762 674 817 perlecto,
690 760 802 815 unicnsque
813 759 860 802 sub-

71 829 140 880 sistat,
156 836 217 884 utque
230 829 267 871 boc
279 829 395 886 mysterium
409 829 453 870 sine
464 829 623 871 ratiocinationis
636 829 756 871 adminiculo
770 828 814 871 sola
827 843 860 869 oo-

71 898 147 952 gnitum
165 897 332 953 contemplatione
350 898 459 952 praedicet.
495 895 534 939 Est
553 897 604 938 enim
623 897 727 939 admodum
746 897 859 949 ridiculum,

71 979 115 1006 eum
128 964 160 1019 qui
170 979 185 1004 a
197 965 281 1019 sapIenti
297 965 335 1005 dec
345 965 463 1019 sapientiam
475 965 530 1005 erudit
539 964 641 1015 existere,
665 979 700 1019 pro
712 980 736 1005 eo
748 979 772 1005 ac
782 966 862 1019 sapien-

71 1038 103 1072 ter
114 1045 160 1072 sese
171 1031 228 1072 novit
239 1032 319 1086 genitae
330 1046 342 1072 a
353 1044 376 1071 se
387 1031 496 1085 sapientiae
506 1039 582 1085 patrem
594 1044 651 1082 esse,
668 1031 726 1071 ullam
737 1030 770 1071 isti
783 1033 862 1085 sapien-

71 1098 110 1140 tiae
122 1098 235 1155 passionem
247 1098 373 1151 adscribere,
395 1112 434 1154 quo
445 1098 470 1139 ab
481 1098 515 1140 illo
528 1098 637 1144 secundum
650 1099 758 1141 essentiam
775 1098 862 1155 sapienti

71 1167 142 1211 similis
151 1167 251 1225 sapientia
262 1167 366 1211 subsistat.
396 1165 450 1211 Nam
461 1174 483 1210 ut
494 1167 575 1225 sapiens
587 1168 636 1225 deus
648 1182 688 1211 non
702 1168 811 1227 sapientia,
827 1181 862 1212 ve-

71 1238 100 1281 lut
110 1238 216 1282 allectione
230 1240 308 1297 aliqua,
325 1239 439 1298 praeditus,
455 1246 489 1282 aut
501 1238 646 1296 compositione
658 1240 697 1283 ulla
709 1240 812 1298 sapieusa
826 1255 862 1283 uo·

72 1308 103 1352 bis
116 1309 245 1367 intelligitur,
266 1311 302 1353 sed
315 1310 462 1367 simplicissima
477 1309 556 1352 ratione
568 1318 588 1352 et
599 1311 688 1353 essentia
699 1325 736 1354 sua
749 1311 794 1353 siue
808 1325 862 1353 eom-

73 1380 172 1436 positione
183 1380 264 1436 sapiens
283 1386 325 1431 est,
347 1379 376 1422 ita
389 1393 453 1435 neque
471 1380 581 1435 sapientia,
603 1381 637 1435 qui
652 1380 706 1422 lilius
718 1395 764 1422 esse
781 1380 861 1432 dieitur,
927 1383 930 1386 ’

72 1449 152 1490 affectio
163 1449 249 1504 putanda
262 1455 305 1500 est,
328 1448 362 1490 sed
376 1448 473 1504 sapientia
490 1448 576 1504 ipsamet
593 1448 704 1491 substantia
718 1456 761 1500 cst,
783 1448 807 1490 ab
818 1449 862 1490 eius

73 1517 105 1571 qui
117 1516 198 1572 sapiens
209 1523 240 1558 est
248 1516 359 1558 substantia
370 1517 473 1571 producta.
505 1514 563 1570 Quae
574 1516 651 1571 quidem
663 1516 761 1573 sapientia
769 1517 862 1558 snbstan-

73 1584 102 1624 tia
114 1585 157 1639 ipsa
167 1591 205 1635 est,
223 1584 260 1625 boc
272 1592 303 1625 est
313 1584 426 1625 subsistens
437 1583 498 1635 lilius,
515 1584 624 1638 eademque
634 1584 731 1639 sapientis
741 1582 804 1639 patris
816 1583 863 1625 sub·
907 1631 911 1642 ς

73 1651 148 1691 stantia
163 1651 245 1702 similis,
261 1665 274 1691 a
289 1664 328 1705 qno
343 1651 440 1705 sapientia
456 1650 511 1691 lilius
526 1650 604 1691 existit.

131 1716 267 1774 Quamobrem
279 1717 381 1775 apostolus
392 1715 478 1770 Paulus,
503 1718 547 1774 qui,
571 1726 591 1760 ut
604 1724 647 1760 erat
659 1716 772 1761 Hebraicae
783 1718 862 1774 linguae
875 1732 916 1776 Cap.
929 1732 966 1766 vlt.

74 1786 219 1847 peritissimus,
241 1803 285 1831 crim
299 1802 326 1831 ex
341 1788 411 1831 eodem
426 1786 508 1847 spiritu,
531 1787 564 1847 qui
579 1787 599 1831 in
612 1796 682 1833 vetere
697 1804 721 1832 ac
733 1804 787 1833 novo
802 1796 864 1834 testa-

74 1866 142 1902 mento
159 1860 237 1903 locutus
254 1867 297 1912 est,
320 1860 389 1902 eadem
407 1859 487 1902 haurire
505 1874 565 1902 sensa
582 1861 735 1914 consuevisset,
760 1860 863 1904 dnobuse

74 1929 166 1986 psalmis,
188 1931 212 1973 ab
225 1944 249 1972 eo
265 1929 378 1972 videlicet'
372 1945 392 1971 m
405 1945 444 1985 quo
459 1929 550 1982 canitur,
572 1933 647 1971 Indicio
658 1939 691 1971 tao
701 1932 782 1984 abyssus
792 1934 860 1980 molto,
876 1946 934 1976 Pnatm.

74 1997 212 2050 etabalio‚'
206 2013 276 2055 inquio
290 1999 439 2055 scriptumest,
456 2001 693 2053 Semituetnaez'nuqm's
706 2002 782 2049 moltis,
798 2008 860 2040 etce—
870 1982 930 2063 pilari,

74 2071 133 2120 stigio
143 2075 176 2107 tuo
187 2076 333 2119 cognoscentur,
350 2067 402 2108 illam
413 2067 437 2108 de
448 2067 480 2107 dei
491 2065 570 2108 iudiciis
581 2068 701 2109 sententiam
712 2068 831 2123 paululum
824 2083 862 2109 1m-
870 2052 924 2087 Μ’

74 2135 155 2176 mutatis
172 2134 287 2190 quibusdam
304 2134 412 2178 transtulit
442 2132 496 2175 Nam
506 2149 543 2189 pro
553 2134 579 2175 iis
589 2135 670 2186 verbis,
690 2136 779 2187 Alyssos
790 2139 858 2184 molta,
865 2152 911 2181 non
916 2153 939 2189 11
944 2154 966 2182 33.

75 2203 167 2257 scripsitz
189 2204 296 2242 Ocltr'tndo
312 2205 434 2242 diuinorum!
457 2216 492 2256 pro
504 2202 605 2250 hisvero,
628 2205 863 2256 Semt'toetncer'nnqm's

75 2271 154 2320 moltis,
176 2277 196 2309 et
207 2272 287 2321 cestram
300 2276 333 2309 tou
345 2284 383 2309 non
398 2277 549 2321 cognoscentur,
573 2269 686 2319 substituit,
706 2272 859 2322 Inoestr'gubt'les,

76 2336 165 2394 probis,
181 2338 391 2391 Iodt'eictnaubpssus
403 2338 474 2386 molto,
498 2336 559 2389 baec,
581 2338 718 2378 Ineemttubr'lt'n
731 2341 861 2379 r'ndr'oz'oer'us.

76 2406 108 2448 At
125 2406 209 2448 eundem
225 2406 303 2448 modum
318 2420 362 2448 cum
374 2406 399 2448 ab
409 2406 452 2463 ipsa
466 2405 564 2464 sapientia
582 2413 670 2449 mutuam
684 2407 747 2464 ipsius
763 2421 787 2450 ac
801 2407 864 2465 patris

71 2492 120 2534 cunr
139 2475 213 2520 intimis
232 2476 286 2520 bisce
301 2476 470 2536 comparationem
486 2476 659 2534 habitudinemque
675 2486 795 2534 cognosset,
819 2494 865 2537 pro-

77 2549 138 2605 priam
150 2548 211 2605 patris
222 2562 245 2589 ac
255 2547 303 2600 titii,
324 2555 344 2589 et
356 2561 424 2589 eorum
436 2562 486 2604 quae
497 2561 532 2604 per
544 2547 605 2589 lilium
617 2562 628 2588 a
641 2556 697 2603 patre
710 2549 807 2605 producta
819 2557 866 2592 sont

77 2616 178 2659 notionem
196 2616 237 2658 suis
254 2616 369 2673 inscriptis
386 2617 496 2673 expressit.
527 2615 579 2659 Nam
594 2614 755 2673 cum=Sapientia
770 2618 864 2670 dixisset,

76 2689 120 2740 Ego
130 2688 224 2740 sapientie
235 2687 300 2726 natm
310 2688 330 2725 r'o
340 2688 432 2735 consulto,
449 2692 501 2737 eto.,
518 2693 558 2727 tom
570 2686 594 2726 ad
607 2699 651 2726 eam
662 2686 821 2742 procreationem
831 2687 865 2728 ad·
872 2700 939 2736 eroes,
948 2699 969 2727 rt.

78 2753 282 2810 ministrationemque
303 2768 353 2808 quae
371 2754 518 2796 interveniente
540 2753 602 2795 verbo
624 2754 648 2795 lit
662 2754 797 2805 descendens,
820 2769 864 2796 cum

77 2822 266 2874 itasubinnxisset,
286 2825 323 2862 Per
333 2836 362 2861 me
375 2837 443 2874 reges,
460 2829 513 2873 ete,
535 2823 582 2863 item
594 2820 655 2872 illud,
676 2825 820 2863 St'mmtz'uoero
834 2837 867 2861 oo-

78 2891 107 2930 bt's
118 2905 167 2943 qztue
175 2905 212 2943 per
224 2892 325 2942 meflunt,
348 2891 495 2930 commemorabo
511 2903 560 2942 qrrae
574 2903 586 2928 n
601 2892 678 2929 soeculo
693 2898 739 2930 sont
751 2904 866 2942 percensen-

78 2960 114 3005 da,
138 2956 221 3009 deinde,
243 2960 336 2998 Dominus
354 2960 428 2996 oreom't
441 2971 470 2997 me
489 2959 563 2996 ratetum
581 2958 655 2996 urorum
674 2970 753 2996 saeorum
773 2959 792 2996 ιἰι
808 2970 866 3009 opero

104 3070 129 3105 10.
146 3066 197 3106 odota
208 3070 295 3114 (omorio
304 3071 396 3116 praeeunte)
409 3072 460 3105 Peto·
507 3070 546 3103 Gne.
556 3071 593 3104 vn.
602 3089 625 3096 -
638 3070 652 3104 1.
664 3070 694 3105 τοῦ
704 3068 769 3114 πατρὸς
779 3071 814 3104 coe.
826 3071 868 3103 Rbe-

78 3119 119 3153 otus.
143 3120 173 3153 tlte
184 3119 261 3161 improbo.
486 3118 519 3161 dio.

684 3176 717 3222 6*
