1988 3392
234 241 327 278 raanan
338 242 418 278 manu.
430 241 488 279 nou.
494 245 508 278 1.
519 240 588 277 nana.
598 242 670 276 cxxv.
804 230 845 275 179

118 320 159 366 Sed
173 337 217 366 cum
228 323 303 365 nrdlum
315 324 446 366 succensendi
459 324 538 382 modum
552 324 626 366 laceret
639 322 727 375 Aerios,
750 322 808 364 rixae
821 336 844 364 ae
861 331 903 377 cap.
915 333 935 366 11.

61 392 125 448 iurgia
141 392 162 433 iu
178 390 220 434 dies
235 394 378 449 ingravescere
390 407 414 434 ac
430 400 510 435 mutuae
521 393 632 435 simultates
644 391 723 447 augeri.
754 391 786 433 Ad
799 390 848 433 baec

60 460 142 518 pessimi
153 460 232 516 quidam
243 475 334 503 rumores
345 469 366 503 ct
375 461 485 503 calumniae
500 461 597 504 adversus
608 459 736 503 Eustatbium
751 460 776 501 ab
784 459 848 501 aerio

61 529 136 586 spargi.
176 527 258 571 {nterim
277 527 395 572 Eustatbius
412 530 517 586 episcopus
534 538 639 572 evocatum
658 530 682 571 ad
701 542 748 570 sese
763 528 848 570 derium

61 597 157 650 mulcere,
174 597 283 649 adhortari,
301 599 426 650 comminari,
442 599 511 651 irasci,
528 599 648 654 supplicare,
664 610 731 653 neque
744 597 848 653 quicquam

62 673 128 708 tamen
147 664 177 707 bis
195 667 255 708 rebus
270 668 357 709 efficere.
388 666 442 710 Nam
453 668 504 722 quod
517 667 542 708 ab
555 666 612 709 initio
625 668 754 708 coustitutum
767 666 850 706 inclnoa-

62 742 143 790 tumque
165 736 243 787 luerat,
264 735 366 790 ingentem
385 737 405 777 in
426 736 471 777 mali
490 735 529 776 vim
545 735 618 790 erupit.
653 733 760 777 Postremo
779 733 850 775 relicto

61 802 197 844 mendicorum
214 803 301 859 bospitio
318 804 402 845 discedit
416 804 499 845 Aetius.
531 801 577 857 Quo
594 817 622 844 ex
636 810 726 858 tempore
737 802 758 844 iu
770 815 850 844 omnem

62 869 189 912 occasionem
207 871 295 912 intentus
314 871 369 912 velut
388 871 420 926 qui
438 870 515 911 bostem
533 870 645 925 opprimere
661 884 684 911 ac
698 870 743 911 telis
755 877 850 926 appetere

62 940 136 989 studet,
152 938 248 979 versabat
259 952 281 979 se
293 939 313 979 in
326 952 396 980 omnes
408 945 475 993 partes
487 946 507 979 et
517 939 567 993 apud
578 949 648 979 ornnes
660 938 783 979 calumniose
794 939 850 979 dein-

62 1021 110 1062 ceps
122 1004 228 1047 Eustatbio
239 1006 355 1047 detrahens.
377 1005 425 1047 Non
435 1006 453 1047 is
464 1012 502 1058 est,
516 1005 627 1061 inquiebat,
643 1005 727 1062 amplius
738 1006 771 1061 qui
782 1006 850 1047 bacte-

63 1089 100 1117 nus
117 1074 165 1126 fuit,
187 1074 223 1117 sed
238 1074 262 1115 ad
278 1088 320 1115 rem
333 1080 422 1115 attentus
437 1081 480 1126 cst,
503 1081 524 1115 et
536 1074 660 1115 cumulandis
672 1074 742 1130 opibus
754 1081 808 1115 totus
820 1074 851 1115 in-

63 1142 144 1185 cumbit.
168 1141 226 1197 Quae
237 1141 315 1197 quidem
326 1156 362 1199 per
372 1155 469 1183 summam
480 1142 599 1183 calumniam
610 1142 635 1183 ab
646 1141 709 1183 Aeno
717 1142 849 1183 iactabautur.

62 1209 180 1253 Eustatlnius
191 1224 252 1263 vero,
275 1210 309 1266 qui
322 1210 420 1253 eeclesiae
432 1211 513 1267 negotia
526 1210 635 1263 tractabat,
658 1212 727 1254 lacere
739 1211 798 1254 aliter
810 1225 850 1254 non

63 1287 153 1337 poterat,
169 1279 254 1335 ideoque
270 1279 398 1335 probabiliter
413 1279 463 1321 baec
477 1279 502 1320 ab
517 1279 581 1322 Aerio
596 1280 721 1322 dicebantur.

122 1346 217 1391 Ceterum
226 1338 331 1389 vdubitabit
343 1348 426 1389 forsitan
439 1348 523 1404 aliquis,
542 1348 635 1403 quoniam
648 1348 706 1391 Aeni
718 1349 776 1391 istius
791 1362 850 1390 occa·

64 1418 121 1460 sione
137 1417 259 1458 mentionem
270 1415 370 1457 Eustatbii
382 1417 477 1469 lecimus,
499 1431 544 1457 uum
558 1417 621 1473 ipsum
632 1418 711 1459 tandem
722 1416 850 1460 Eustatbium

63 1486 182 1530 laudandum
196 1485 323 1527 arbitremur.
354 1483 408 1527 Nam
425 1485 476 1541 quod
489 1485 568 1528 adeius
581 1486 634 1528 vitae
647 1487 758 1529 institutum
771 1486 850 1540 attinet,

64 1570 104 1598 nou
120 1555 188 1613 paucis
201 1554 351 1597 admirationem
369 1554 453 1611 peperit.
485 1553 525 1610 Qui
536 1555 611 1597 utinam
625 1556 649 1597 ad
663 1562 739 1598 rectam
750 1570 773 1597 ac
785 1556 851 1598 since·

64 1639 107 1668 ram
120 1625 177 1668 iidem
189 1623 325 1667 adhaesisset!
358 1622 433 1667 Verum
450 1624 481 1667 bic
495 1623 516 1667 in
532 1624 577 1667 Arii
590 1625 683 1681 dogmate
694 1640 705 1667 a
717 1625 814 1683 principio
827 1626 851 1667 ad

64 1695 122 1737 linem
144 1709 207 1751 usqne
226 1693 376 1751 perseveravit,
400 1693 502 1750 nihiloque
522 1694 683 1750 persecutionum
705 1687 851 1737 calamitatibus

63 1764 135 1806 melior
145 1766 207 1806 lactus
218 1770 257 1805 est.
289 1761 392 1819 Siquidem
405 1777 449 1805 cum
465 1761 542 1805 Basilio
555 1771 576 1805 et
586 1762 670 1805 Eleusio
685 1778 708 1805 ac
719 1765 793 1807 ceteris
806 1778 852 1821 per-

64 1832 167 1875 secutione
184 1833 270 1875 iactatus
282 1839 325 1885 est3
347 1846 370 1873 ac
382 1832 461 1874 videtur
476 1832 531 1874 etad
544 1830 648 1875 Liberium
660 1833 732 1875 beatae
743 1834 852 1876 memoriae

5 1955 7 1959 .
64 1901 177 1944 Romanum
188 1902 302 1959 episcopum
312 1916 355 1942 cum
368 1901 412 1943 aliis
422 1900 522 1958 episcopis
532 1902 651 1956 legationem
662 1902 745 1955 obiisse,
758 1910 779 1945 et
788 1916 852 1959 expo·

64 1971 138 2013 sitione
149 1971 206 2022 lidei,
227 1984 276 2026 quae
293 1970 313 2011 in
327 1968 418 2011 Nicaeua
435 1971 513 2026 synodo
526 1971 628 2026 proposita
640 1972 716 2024 lucrat,
738 1986 762 2013 ac
777 1972 853 2013 sinceri

65 2040 163 2095 dogmatis
172 2038 293 2096 professioni
303 2037 454 2093 subscripsisse.
485 2036 559 2080 Postea
571 2053 632 2090 vero,
649 2040 726 2082 velata
738 2055 816 2082 sonnmo
830 2054 853 2082 se

65 2122 164 2151 revocans
174 2122 198 2150 ac
209 2107 297 2164 priorum
311 2106 437 2159 reeordatus,
454 2109 478 2148 ad
490 2107 587 2148 Ariauam
598 2107 707 2163 perfidiam,
724 2108 852 2163 quam'initio

66 2184 194 2234 susceperat,
214 2175 333 2233 respiciendi
351 2176 409 2217 linem
426 2175 501 2217 nullum
519 2175 595 2217 babuit.
626 2174 703 2218 Verum
717 2178 745 2220 ad
757 2176 851 2229 Aeriam,

66 2247 90 2289 de
105 2260 144 2303 quo
159 2245 261 2287 institutus
276 2259 288 2286 a
303 2244 362 2286 nobis
377 2258 444 2286 sermo
460 2243 509 2297 luit,
525 2244 638 2286 revocanda
655 2253 687 2287 est
702 2246 775 2287 oratio.

124 2314 163 2357 Hie
176 2314 238 2372 igitur
249 2320 330 2370 propter
341 2313 438 2355 eiusmodi
454 2313 544 2355 rationes
555 2314 642 2356 omnium
661 2328 727 2356 rerum
745 2314 854 2356 abdicatio-
866 2321 906 2368 Cap.
915 2324 945 2356 111.
982 2303 984 2307 ¹

66 2399 113 2427 uem
122 2382 179 2426 initio
190 2397 238 2440 prae
247 2396 270 2424 se
283 2382 334 2424 tulit.
366 2380 445 2424 Deinde
462 2382 612 2439 ptochotrophio
625 2383 696 2425 relicto
708 2397 800 2439 maguam
813 2384 853 2425 vim

67 2468 135 2497 secum
150 2453 254 2508 utriusque
273 2466 336 2493 sexus
352 2451 453 2493 bominum
469 2451 564 2504 abduxit,
586 2453 619 2507 qui
633 2466 703 2494 omnes
715 2453 740 2494 ab
752 2453 852 2505 ecclesiis,

67 2522 129 2579 agris,
145 2520 201 2578 pagis
212 2528 233 2561 ct
243 2519 320 2576 oppidis
330 2519 457 2562 arcebantur.
488 2519 520 2561 Ac
535 2534 680 2576 saepenumero
697 2528 750 2562 totus
761 2521 795 2563 ille
807 2535 854 2563 coc-

68 2599 100 2634 tus
112 2589 158 2633 nive
173 2589 265 2645 perlusus
276 2589 349 2644 passim
361 2602 396 2645 per
407 2602 487 2645 campos
500 2588 537 2631 sub
549 2589 581 2630 dio
595 2589 692 2643 degebat,
712 2596 747 2631 aut
758 2590 783 2630 ad
796 2602 854 2645 prae·

67 2667 126 2717 rupta
136 2671 232 2701 saxorum
241 2657 342 2712 silvasque
354 2657 490 2712 coulugiebat.
520 2656 559 2698 Est
569 2664 636 2698 autern
647 2658 701 2699 illius
711 2659 783 2713 dogma
793 2671 854 2713 supra

68 2728 154 2770 hominis
165 2733 244 2784 captum
254 2725 351 2767 furiosum
360 2732 381 2767 et
391 2726 485 2767 immane.
516 2723 608 2782 inprimis
620 2726 685 2778 enim,
703 2724 807 2781 Quanam,
823 2726 854 2767 in·

69 2796 119 2854 quit,
134 2796 156 2838 in
167 2810 189 2838 re
201 2795 319 2853 presbytero
330 2793 435 2851 episcopos
448 2793 562 2835 antecellit?
590 2792 673 2836 Nullum
683 2795 737 2837 iuter
748 2801 854 2850 utrumque

69 2912 117 2953 culpo
129 2912 205 2952 praetant
215 2906 288 2954 Ἀερίου.
471 2909 490 2941 u't
502 2918 539 2941 eum
551 2907 604 2940 multa
619 2919 649 2942 sua
663 2908 714 2942 turba
729 2908 818 2953 vigilantes
833 2919 854 2940 ao

91 2955 109 2991 'l-
120 2954 226 2999 ἐπιτρεπτέον
238 2956 273 2989 cod.
285 2956 352 2996 aledea.
472 2953 525 2987 sobrii
535 2953 553 2986 in
565 2953 609 2997 agris
621 2953 711 2999 degebant.

93 3001 133 3035 Cur.
144 3003 173 3034 ΙΙΙ.
183 3020 207 3027 -
231 3001 246 3035 1.
263 3003 288 3034 lto
305 3002 355 3034 edidit
369 3001 450 3034 Pelcvius.
495 3000 544 3033 2.llo
554 3000 600 3032 codd.
610 3010 649 3034 mss.
660 3002 769 3041 etecprinc.
779 3001 854 3032 Pedanius

70 3045 166 3092 νειφόμενον.
175 3048 232 3080 babent
241 3048 287 3080 codd.
294 3056 332 3079 mss.
344 3049 358 3078 el
368 3046 392 3077 ed.
399 3047 451 3086 panc.
474 3046 524 3078 edidit
535 3042 593 3079 αὐτοῦ,

70 3091 164 3138 νηφόμενοι
173 3094 248 3135 conicum
259 3094 356 3133 Comercium
367 3094 407 3124 certe
416 3101 451 3125 oer-

665 3148 716 3191 12*
