1988 3392
351 242 573 281 auacnrunmnosrs.
810 234 850 278 561

127 331 241 376 Nicolaitae
254 329 361 374 aNicolao
376 329 410 372 illo
428 330 514 372 derivati>
528 336 574 372 sunt
592 327 623 370 cui
636 327 664 373 ah
677 327 771 385 apostolis
783 326 853 369 vidua-

71 419 114 448 rum
131 417 180 445 cura
197 402 304 444 commissa
320 400 393 442 fuerat.
431 398 470 441 llio
488 399 589 457 zelotypia
606 397 632 440 oh
648 411 733 440 uxorem
748 405 852 449 aestuans,

34 505 36 507 -
71 488 114 516 cum
123 471 167 513 aliis
177 477 326 527 praeposteram
337 468 437 511 libidinem
447 482 545 523 exercere
554 483 602 510 suos
612 468 687 509 docuit.
719 464 789 508 Sedet
799 464 854 509 Can-

71 540 138 584 lacach
150 546 170 580 et
181 537 300 589 Prunicum,
317 544 338 579 et
349 537 388 579 aha
400 537 501 578 nominum
514 543 613 592 portenta,
630 536 650 576 in
662 535 757 576 muudum
766 534 851 577 invexit.

129 674 205 716 Harum
216 672 307 715 Gnostici
319 686 449 716 successores
460 672 564 713 haeresum
577 673 636 726 longe
645 685 715 713 omnes
725 670 865 727 turpitudinis

71 752 129 800 atque
140 742 279 785 exsecrandae
290 741 390 784 foeditatis
401 740 484 783 vesania
494 747 621 798 superarunt.
651 738 750 783 Militares
761 753 822 797 porro
832 740 854 782 in

71 815 165 872 Aegypto
181 812 274 855 dicuntur
291 819 312 856 et
324 809 460 866 Phihionitae,
484 811 505 854 in
521 811 624 870 superiore
641 818 706 854 tractu
721 808 853 864 Secundiani,

72 878 117 928 alibi
132 881 257 935 Socraticae,
275 883 299 925 ah
313 882 357 925 aliis
369 880 477 924 Zacchaei.
509 880 560 925 Sunt
571 882 603 938 qui
616 896 651 924 eos
664 878 777 924 Coddianos
789 880 853 924 nomi-

72 961 131 1006 nent,
148 953 227 1010 qnidam
243 953 378 1009 Βορβορίτας,
394 952 437 994 sive
452 951 569 994 lutulentos.

128 1087 281 1146 Carpocratiani
290 1104 302 1130 a
313 1087 437 1144 Carpocrate
448 1089 533 1144 quodam
542 1089 634 1130 Asiatico
644 1088 702 1139 dicti,
719 1088 751 1144 qui
761 1089 785 1129 ad
796 1101 854 1129 omne

73 1157 213 1213 turpitudinum
231 1172 254 1199 ae
268 1157 388 1211 flagitiorum
406 1170 470 1212 genus
486 1156 593 1212 discipulos
607 1157 735 1205 informabat.
767 1155 855 1211 Quodsi

72 1226 128 1281 quis,
145 1225 223 1276 aiebat,
247 1239 287 1265 non
298 1225 364 1265 omnia
377 1225 511 1281 percurrerit,
533 1237 598 1279 neque
612 1224 730 1265 daemonum
742 1230 763 1265 et
775 1223 856 1279 angelo-

72 1308 115 1336 rum
128 1293 214 1335 omnium
230 1293 328 1336 voluntati
341 1293 474 1350 satisfecerit,
495 1307 608 1350 supremum
622 1292 643 1333 in
655 1293 731 1334 eoelum
748 1292 806 1335 evehi
818 1291 856 1333 mi-

72 1364 124 1406 nime
137 1370 215 1421 potest,
237 1377 301 1420 neque
313 1362 435 1420 principatus
448 1369 596 1421 potestatesque
610 1363 760 1406 transcendere.
790 1363 855 1406 Asse-

72 1433 128 1477 rehat
138 1434 190 1476 idem
201 1432 267 1477 lesum
278 1440 344 1476 mente
355 1434 463 1491 praeditam
474 1433 559 1476 animam
570 1434 691 1490 sumpsisse,
708 1442 728 1476 et
739 1434 855 1476 coelestium

73 1518 95 1546 ac
107 1511 232 1546 terrenorum
249 1503 363 1558 cognitione
382 1504 491 1559 praeditum
505 1504 616 1545 hominibus
632 1518 655 1545 ea
667 1504 782 1555 nuntiasse,
804 1503 856 1545 acsi

73 1572 116 1628 quis
127 1572 196 1614 eadem
209 1586 259 1628 quae
269 1570 327 1614 lesus
338 1572 384 1614 olim
397 1579 509 1629 perpetret,
531 1571 582 1613 hand
595 1586 619 1614 eo
632 1573 747 1614 inferiorem
759 1574 854 1614 futurum.

41 1691 42 1694 Ἴ
74 1640 159 1683 Demum
172 1641 237 1697 legem
248 1654 287 1682 una
300 1655 344 1682 cum
355 1648 478 1683 mortuorum
490 1641 639 1684 resurrectione
650 1642 767 1694 damnabat,
788 1655 857 1697 qnem-

74 1710 177 1751 admodum
188 1717 209 1750 et
220 1707 340 1760 Simoniani,
356 1710 457 1765 ceterique
470 1723 552 1760 omnes,
568 1724 618 1764 qnos
629 1710 732 1765 hucusque
741 1709 856 1765 percensui.

74 1776 107 1818 Ex
121 1778 179 1818 huius
192 1789 254 1831 grege
266 1774 384 1817 Marcellino
394 1777 428 1817 illa
440 1776 518 1818 Romae
529 1777 573 1817 fnit.
605 1777 671 1832 Atque
682 1778 734 1818 idern
747 1776 794 1818 lesu
804 1775 858 1819 Pau-

74 1844 139 1899 lique,
155 1857 242 1886 necnon
252 1850 274 1895 et
284 1842 368 1885 Homeri
379 1857 402 1885 ac
413 1842 541 1901 Pythagorae
552 1844 662 1886 clanculum
672 1843 769 1900 imagines
779 1844 857 1900 tingens

75 1913 170 1955 suffitibus
185 1925 219 1954 eas
235 1918 256 1954 et
270 1912 385 1954 adoratione
401 1920 518 1969 prosecutus
533 1919 572 1954 est.

132 1978 270 2035 Corinthiaci,
287 1980 330 2026 sive
342 1979 486 2036 Merinthiani‚
508 1997 519 2025 a
533 1981 631 2027 Cerintho
643 1983 675 2027 vel
686 1981 802 2037 Merintho,
823 1981 857 2027 lu-

76 2052 126 2096 daici
134 2053 215 2110 generis
227 2053 346 2107 extiterunt,
362 2053 396 2109 qui
407 2052 579 2096 circumcisionem
590 2068 637 2111 prae
648 2069 670 2096 se
682 2054 780 2097 ferebant.
796 2052 858 2097 Mun-

76 2124 121 2165 dum
136 2124 160 2166 ab
171 2122 248 2179 angelis
262 2121 392 2174 fabricatum,
414 2121 481 2165 lesum
493 2124 517 2165 ad
529 2121 605 2166 Christi
618 2123 734 2179 dignitatem
749 2138 785 2181 per
796 2124 858 2167 virtu-

76 2199 116 2234 tum
131 2191 255 2234 incrementa
270 2191 387 2246 pervenisse
402 2192 505 2235 dixerunt.

132 2260 236 2302 Nazareni
252 2260 279 2301 ita
289 2257 356 2301 lesum
369 2273 414 2302 esse
427 2258 541 2312 Christum,
561 2260 631 2316 deique
643 2260 703 2302 lilium
718 2270 857 2315 asseruerunt,

77 2335 98 2369 ut
111 2326 177 2370 Mosis
192 2328 257 2382 legem
272 2328 353 2369 omnino
368 2327 422 2370 vitae
437 2329 461 2369 ad
476 2329 587 2370 institutum
602 2329 731 2370 adsciverint.

134 2394 283 2445 Cerinthianis,
305 2409 328 2436 ac
342 2393 567 2447 Nazarenissimillimi
583 2403 630 2437 sunt
645 2395 764 2447 Ebionitae‚
788 2396 859 2452 quihus

78 2474 121 2503 curn
133 2461 249 2518 Sampsaeis
259 2468 280 2503 et
291 2460 393 2504 Elcesaeis
403 2462 469 2519 aliqua
478 2477 506 2505 ex
516 2469 573 2520 parte
584 2464 685 2505 convenit.
716 2462 744 2505 Hi
756 2461 859 2508 Christum

78 2530 98 2571 in
109 2532 165 2573 coelo
177 2537 277 2579 creatum,
294 2531 378 2587 eiusque
389 2538 478 2574 sanetum
489 2531 579 2589 spiritum
591 2524 696 2575 affirmant.
726 2531 784 2576 lllum
796 2534 860 2593 ipsum

78 2597 98 2642 in
111 2600 208 2645 Adamum
220 2614 266 2644 sese
276 2599 375 2645 infudisse
390 2601 464 2660 primo,
487 2618 510 2647 ac
522 2603 592 2647 deinde
605 2603 686 2648 exuisse
700 2613 796 2660 narrant3
819 2614 860 2650 tum

79 2671 163 2715 snhiisse
179 2672 255 2724 denuo,
276 2671 335 2728 idque
352 2674 475 2717 commodum
493 2674 577 2728 fecisse,
598 2689 643 2717 eum
658 2675 680 2718 in
694 2684 760 2720 terras
775 2691 860 2734 corpore

79 2741 308 2785 circumfususadvenit.
338 2741 567 2795 Aclicetludaeisint,
589 2745 716 2801 evangelium
732 2746 860 2789 nihilominus

79 2809 179 2854 adhihent.
209 2808 305 2853 Carnium
317 2824 373 2852 esum
387 2811 523 2865 detestantur,
544 2826 614 2868 aquam
626 2828 662 2870 pro
676 2815 713 2857 deo
724 2822 859 2867 venerantur3

81 2873 181 2922 Christum
197 2880 217 2921 in
233 2878 328 2931 sacillo,
349 2878 379 2920 uti
391 2880 489 2935 diximus,
512 2882 598 2925 adventu
613 2882 714 2925 hominem
730 2884 819 2926 induisse
831 2885 861 2926 di-

81 2953 134 2988 eunt.
164 2946 256 3004 Denique
269 2946 325 3003 aquis
336 2960 359 2988 sc
373 2945 480 2992 identidem
490 2957 529 2993 tam
543 2950 614 3006 hyeme
627 2965 684 3006 quam
696 2958 771 2994 aestate
782 2952 859 3005 lavant,

105 3102 131 3136 to.
143 3102 176 3148 γὰρ
188 3106 250 3138 camnis
259 3106 320 3139 notovit
331 3106 410 3139 Pedanius.

116 3157 176 3197 corpus
185 3157 322 3190 trasimennus.
