1988 3392
161 219 203 261 530
447 223 531 258 ειιιιαιι
542 223 658 257 τειειιιαιι

161 308 259 361 κλαγγῆς,
273 308 311 359 τῆς
320 306 418 360 κυριακῆς
430 300 590 355 ἔπιφωσκούσης.
619 298 747 357 Ἀγρυπνίαις
757 299 780 342 δὲ
789 301 899 344 διατελοῦσι
910 300 945 353 τάς

162 375 188 425 ἕξ.
220 372 286 417 Πάλιν
297 373 319 415 δέ
329 370 419 422 συνάξεις
429 373 540 414 ἐπιτελοῦσι
552 368 587 419 τάς
598 368 661 419 αῦτάς
671 371 705 421 ἓξ,
726 369 760 411 καὶ
770 366 819 423 ὅλην
831 367 867 423 τὴν
877 383 944 413 τεσσα-

161 441 261 499 ρακοστήν
276 439 316 483 άπό
331 439 403 494 ε’νάτης
417 441 456 489 ἕως
472 439 561 495 ἑσπέρας.
585 435 624 480 ’Ἐν
634 451 673 481 τισι
689 437 710 480 δέ
720 436 792 487 τόποις
802 436 839 492 την
851 437 899 492 μετά
909 437 945 493 τὴν

162 511 256 565 πέμπτην
273 509 421 565 άγρυπνοῦσιν,
442 507 599 561 ἕπιφοέσκουσαν
615 508 643 557 εἰς
655 504 677 548 τό
692 504 843 562 προσάββατον,
863 507 897 548 καὶ
909 505 946 561 την

161 578 261 636 κυριακην
271 576 339 633 μόνοις.
352 575 390 619 Ἔν
402 591 440 619 τισι
453 576 475 619 δέ
485 575 555 626 τόποις
568 577 662 632 5λατρεία
673 576 789 630 οἰκονομίας
799 576 820 617 έν
830 578 855 634 τῇ
865 575 945 636 πέμπτη

161 650 236 704 γίνεται
247 646 291 704 σ’ίρμ
305 645 388 704 6ἐνάτη.
419 646 460 687 Καὶ
472 643 537 694 σύτως
548 642 632 686 άπολύει
642 642 742 698 μενόντων
756 644 777 686 έν
786 648 812 702 τῇ
827 639 877 701 αύτῇ
889 645 946 699 ξηρο·

162 718 231 773 φαγίηι.
259 713 294 757 Ἐν
304 712 371 764 άλλοις
383 713 405 756 δὲ
416 711 487 762 τόποις
498 711 523 755 ού
535 715 608 769 γίνεται
619 714 698 768 λατρεία
709 716 745 767 τῆς
756 712 873 766 οἰκονομίας
884 709 899 765 ἢ
911 710 947 766 μό-

161 800 197 827 νον
209 783 364 837 έπιφωσκούσης
376 785 413 835 τῆς
423 785 530 838 κυριακης,
545 780 578 824 ότε
588 777 671 822 άπολύει
684 782 730 837 περὶ
743 778 779 834 την
790 784 830 822 τῶν
841 777 946 836 άλεκτρυό-

161 868 203 895 νων
212 849 310 907 κλαγγάν,
326 852 348 893 έν
359 853 383 907 τῇ
394 847 521 907 άναστασίμῳ
533 846 599 906 ἡμέρᾳ
609 850 644 891 καὶ
656 847 768 905 πανηγύρει
779 847 866 905 μεγάλη,
881 845 946 907 ἡμέρᾳ
967 858 968 861 ’

70 941 105 972 pag.
115 933 154 964 11⁰5.
164 909 200 963 τοῦ
218 918 301 974 Πάσχα,
322 916 350 968 οίς
366 918 512 974 προςτέτακται.
546 915 575 959 Τά
591 914 609 958 δ’
623 915 672 959 άλλα
688 917 787 973 μυστήρια
801 917 847 974 περὶ
861 921 947 973 λουτροῦ

163 988 252 1031 καὶτῶν
266 988 352 1030 ἔνδοθεν
364 989 489 1042 μυστηρίων,
510 982 538 1034 ιδς
549 987 588 1039 έχει
601 983 615 1039 ἡ
630 984 742 1041 παράδοσις
753 988 789 1027 τοῦ
800 1002 820 1027 τε
832 984 947 1041 εῦαγγελίον

162 1056 198 1100 καὶ
212 1060 252 1098 τοῖν
266 1052 396 1106 άποστόλων,
411 1053 476 1103 οὕτως
491 1054 612 1096 ἐπιτελεῖται.

69 1278 156 1326 must,
220 1258 267 1303 Ἐπὶ
280 1259 302 1302 δέ
312 1264 352 1302 τοῖν
362 1258 529 1313 τελευτησάντων,
551 1259 571 1308 ἐξ
582 1255 681 1312 ύνόματος
692 1256 727 1308 τάς
739 1257 819 1313 μνήμας
833 1262 946 1311 ποιοῦνται,

161 1328 273 1385 προςευχάς
291 1333 418 1380 1τελοῦντες,
437 1328 471 1370 καὶ
488 1329 588 1383 λατρείας,
609 1328 644 1369 καὶ
661 1328 781 1381 οἰκονομίας.
815 1325 912 1375 Ἐωθινοί
927 1343 947 1369 τε

161 1397 222 1453 ύμνοι
233 1399 255 1441 ἐν
265 1394 316 1456 αῦτη
326 1401 351 1455 τῇ
365 1393 411 1454 άγίιγ
424 1397 517 1454 ἐκκλησία
528 1398 626 1450 διηνεκεῖς
635 1399 733 1453 γίνονται,
749 1397 784 1439 καλ
794 1396 901 1452 προςευχαὶ
911 1396 947 1438 ἕω-

162 1467 232 1519 θιναὶ,
252 1468 342 1520 λοχνικοί
353 1455 376 1508 τε
387 1463 430 1519 άμα
442 1465 519 1519 ψαλμοὶ
531 1466 566 1507 καὶ
582 1467 693 1521 προςευχαί.
726 1464 782 1515 Τινὲς
794 1465 816 1507 δέ
831 1468 871 1507 τῶν
886 1481 947 1519 μονα-

163 1533 237 1587 ζόντων
250 1533 312 1589 αὐτῆς
321 1538 439 1577 κατοικοῦσι
449 1531 485 1583 τάς
495 1533 572 1584 πόλεις,
587 1533 638 1584 τινές
649 1533 715 1576 δὲκαὶ
726 1535 747 1576 έν
759 1535 897 1589 μοναστηρίοις
911 1551 946 1576 κα-

160 1604 268 1657 θέζονται,
282 1604 322 1646 ’καὶ
335 1600 376 1646 άπό
393 1602 482 1657 μηκοθεν
499 1600 642 1659 άναχωροῦσιν.
665 1600 737 1659 ’Ἠρεσε
752 1602 774 1644 δέ
785 1617 825 1645 τισι
835 1602 871 1646 καὶ
882 1601 948 1657 κόμας

163 1675 215 1729 ἔχειν
225 1676 307 1730 τριχῶν,
323 1673 388 1715 ἕνεκεν
400 1673 464 1726 δῆθεν
474 1674 583 1724 πολιτείας,
599 1669 633 1714 ἄπ’
644 1673 697 1714 ἰδίου
708 1670 768 1724 νοός,
788 1671 812 1714 οῦ
822 1675 858 1715 τοῦ
869 1671 948 1728 εῦαγγε·

163 1744 208 1786 λίου
220 1740 374 1798 προςτάξαντος,
390 1738 414 1784 οῦ
424 1745 464 1784 τοῖν
476 1740 595 1784 ἀποστόλων
604 1741 721 1797 δεξαμένων.
750 1738 773 1783 ‘0
782 1739 820 1798 γάρ
830 1739 886 1798 άγιος
898 1739 948 1785 άπό-

163 1815 232 1861 στολος
245 1814 328 1860 Παῦλος
345 1808 439 1863 άπέκοψε
454 1814 514 1853 τοῦτο
531 1808 553 1853 τό
569 1814 639 1864 σχῆμα.
669 1811 717 1852 Εἰσὶ
731 1810 752 1853 δέ
763 1814 859 1853 πολιτεῖαι
871 1813 882 1839 ²
892 1808 948 1853 άλλαι

163 1882 259 1936 ἐξαίρετοι
276 1880 297 1922 έν
310 1883 335 1938 τῇ
347 1878 398 1937 αὐτῇ
409 1882 510 1938 καθολικῇ
527 1879 621 1937 ἐκκλησία
636 1878 791 1934 φυλαττόμενοι,
813 1879 866 1934 φημὶ
878 1878 900 1922 δέ
911 1882 948 1922 τοῦ

162 1948 273 2004 ἀπέχεσθαι
282 1952 347 2004 κρεῶν
357 1946 444 2001 πάντων,
460 1947 587 2003 τετραπόδων
597 1964 618 1991 τε
628 1948 663 1991 καὶ
673 1946 749 2006 ὀρνέων
760 1948 794 1991 καί
805 1947 889 2003 ἰχθύων,
905 1947 948 1992 ολοῦ

161 2035 183 2061 τε
193 2018 228 2060 καὶ
242 2021 315 2074 τυροῦ,
336 2017 371 2059 καλ
388 2017 452 2072 έτεραι
466 2015 562 2074 διάφοροι
578 2022 684 2070 πολιτεῖαι,
706 2016 737 2061 ότι
751 2018 834 2068 ἕκαστος
849 2015 899 2060 κατά
912 2016 948 2061 τόν

162 2088 217 2130 ἴδιον
226 2084 317 2141 κάματον
327 2083 402 2140 μισθόν
412 2085 503 2141 λήψεται.
534 2086 575 2128 Καὶ
584 2086 649 2141 οἱμὲν
659 2084 765 2141 άπέχονται
775 2085 856 2131 πάντων
864 2085 947 2139 τούτων,

163 2157 184 2199 οἱ
194 2154 216 2197 δέ
227 2153 354 2212 τετραπόδων
367 2153 444 2210 μόνων,
465 2153 588 2209 λαμβάνουσι
604 2155 626 2198 δὲ
640 2153 725 2212 ὀρνέων,
745 2156 781 2199 καὶ
796 2154 821 2200 τά
838 2156 945 2211 μετέπειτα.

156 2223 238 2281 Ἕτεροι
253 2224 325 2267 δὲκαὶ
340 2221 415 2278 ὀρνέων
433 2220 551 2278 άπέχονται,
572 2224 697 2279 λαμβάνουσι
714 2225 736 2268 δὲ
755 2222 801 2268 ω’ῦν
816 2227 849 2268 καλ
863 2224 947 2280 ἰχθύων.

156 2292 237 2349 Ἕτεροι
248 2293 271 2335 δὲ
285 2290 332 2335 οῦδὲ
345 2290 391 2335 ωὀλν
401 2291 543 2349 λαμβάνουσιν.
566 2290 634 2337 ’Ἆλλοι
645 2294 667 2337 δέ
678 2295 756 2348 ἰχθύων
769 2293 863 2348 3μόνων,
885 2295 947 2351 ἕτεροι

165 2361 200 2403 4δὲ
210 2362 245 2403 καὶ
256 2360 334 2416 ι’χθύων
344 2359 458 2415 ἀπέχονται,
467 2366 529 2418 τυροῦ
538 2362 560 2405 δὲ
569 2360 715 2417 λαμβάνουσιν·
724 2363 786 2419 ἕτεροι
795 2362 817 2406 δέ
827 2362 876 2406 οῦδὲ
884 2365 948 2420 τυροῦ

163 2428 305 2484 λαμβάνουσιν.
319 2427 373 2484 Ἤδη
384 2430 448 2473 δὲκαὶ
459 2427 513 2473 άλλοι
523 2428 585 2487 άρτου
595 2431 708 2487 ἀπέχονται.
720 2430 801 2489 Ἕτερον
810 2432 832 2475 δέ
841 2432 876 2475 καὶ
888 2429 946 2488 άκρο-

164 2497 231 2554 δρύων
248 2499 283 2542 καὶ
298 2497 413 2553 ἑψημάτων.
445 2500 520 2542 Πολλοὶ
535 2500 606 2543 δὲκαὶ
623 2505 760 2556 χαμευνοῦσιν.
784 2498 853 2545 ’Ἁλλοι
867 2500 889 2543 δέ
900 2498 948 2544 οῦδὲ

163 2565 315 2611 ύποδέννυνται.
339 2566 408 2611 ’Ἄλλοι
418 2569 440 2611 δὲ
456 2566 532 2611 σάκκον
540 2573 627 2625 φοροῦσι
638 2571 785 2627 κεκρυμμένον,
804 2572 825 2613 οἱ
834 2573 900 2619 καλῶς
910 2587 948 2623 φο·

164 2639 247 2692 ροῦντες
254 2634 278 2679 δι’
287 2635 359 2694 ἀρετὴν
368 2639 402 2680 καὶ
411 2636 526 2693 μετάνοιαν·
537 2636 626 2695 άπρεπές
634 2637 671 2696 γάρ
681 2640 734 2682 ἔστιν
741 2640 763 2683 έν
771 2644 873 2696 προφανεῐ
879 2636 947 2698 σάκκῳ

163 2705 266 2759 προϊέναι,
281 2704 310 2756 όές
320 2724 371 2757 τινες
385 2706 438 2750 ούτω
450 2704 582 2762 πράττουσιν,
597 2704 684 2763 άπρεπὲς
695 2708 723 2762 δέ,
738 2705 766 2758 ιός
779 2709 864 2763 ἔφημεν,
879 2709 913 2751 καὶ
924 2703 946 2750 τό

164 2778 241 2824 κλοιοῖς
256 2775 357 2830 προϊέναι,
379 2774 407 2825 ῦίς
421 2790 472 2818 τισιν
482 2775 555 2826 ἔδοξεν.
587 2778 614 2818 Oi
623 2778 702 2827 πλείους
714 2777 736 2819 δέ
746 2779 851 2832 βαλανείου
865 2774 948 2832 άπέχον·

163 2860 204 2885 ται·
225 2845 260 2907 καί
275 2860 327 2894 τινες
343 2843 464 2896 άπετάξαντο
483 2848 512 2903 τρῖ
526 2847 574 2905 βίω,
596 2846 665 2900 τέχνας
679 2844 752 2897 λεπτάς
766 2847 800 2889 καὶ
815 2843 947 2903 ἀπράγμονας

187 2936 203 2968 5.
217 2937 235 2969 V.
247 2938 311 2970 Ρττανιϊ
321 2941 379 2971 annuet.
591 2938 608 2972 2.
620 2940 665 2973 Libri
676 2941 724 2981 ναλςο
735 2934 787 2974 ἄλλοι

187 2980 203 3015 6.
215 2980 278 3026 ἐνάτης
288 2984 334 3016 codd.
346 2993 384 3017 mss.
396 2987 411 3016 τι
424 2985 461 3017 edit.
471 2985 522 3024 prino.
591 2984 608 3017 3.
617 2987 668 3018 Verba
677 2981 739 3028 μόνον,
753 2983 806 3028 ἕτεροι
815 2983 873 3020 δὲκαὶ
883 2981 947 3030 ἰχθύων

188 3027 293 3062 (ΣιαΧΧΙΙ.
301 3047 322 3055 -
341 3029 355 3063 1.
367 3028 453 3070 ποιοῦντες
463 3030 497 3063 σου.
504 3030 544 3062 Rhe·
567 3030 677 3064 desiderantur
686 3032 703 3064 in
714 3032 751 3064 edit.
762 3032 817 3065 Ριιου.
827 3032 880 3065 Colum
887 3033 934 3073 repet.

165 3075 197 3115 αι’ς.
589 3075 605 3109 4.
618 3074 638 3112 δὲ
649 3078 701 3110 omiss.
713 3078 730 3110 ιἰι
742 3077 776 3111 cod.
788 3078 855 3119 Βλιτλῖς.
