1988 3392
147 217 189 260 496
433 224 517 259 SANGTI
527 225 645 259 EPIPHANII

55 325 134 371 Κεφις,
207 296 274 344 Αὗται
289 296 326 345 σύν
340 303 389 344 εἰσιν
405 300 529 359 ὀγδοήκοντα
547 304 676 354 παλλακίδες,
697 296 725 345 οἷν
740 299 752 344 o‘
768 298 858 358 άριθμδς
872 293 932 352 οὗτος

148 371 264 425 ἐμφέρεται,
283 370 374 412 κάκεῖναι
391 371 413 411 αἱ
426 371 538 424 βασίλισσαι
554 371 576 411 αἱ
590 369 641 412 κατά
654 368 690 419 τάς
702 368 771 424 γενεάς
785 368 932 423 αίριθμηθεῖσαι

148 438 222 491 ψυχαὶ,
238 438 339 480 τουτέστιν
350 436 421 493 ἅνδρες
430 438 465 479 καὶ
477 435 600 493 πατριάρχαι.
632 436 730 486 Νεάνιδες
742 436 775 487 δὲ,
792 431 820 479 οἷν
830 434 868 479 οὐκ
879 436 932 479 ἔστιν

148 504 247 561 οἰριθμδς,
263 507 285 548 ἐν
294 510 337 555 ταῖς
346 503 419 547 λοιπδν
428 504 479 548 κατά
490 504 556 548 πάντα
568 503 645 560 κόσμον
656 506 791 559 φιλοσοφίαις,
806 504 839 547 καὶ
849 503 932 560 ἑκάστης

148 578 215 632 ψυχῆς
225 576 338 630 πολιτείαις,
353 579 389 632 τῆς
399 575 435 631 μέν
446 573 508 631 ούσης
518 576 629 632 ἒτιαινετῆς,
644 580 680 631 τῆς
691 576 713 620 δὲ
727 573 758 620 ού.
787 577 822 627 Τίς
837 572 875 634 γάρ
890 574 933 634 άρν

148 645 233 702 θμησειε
241 649 278 689 τοῦ
287 645 365 702 κόσμου
375 645 449 690 τούτου
459 645 496 702 την
506 646 618 703 διαφοράν;
636 645 703 690 Πόσαι
714 645 751 703 γάρ
763 644 818 689 άλλαι
831 645 875 703 παρ’
885 644 933 688 Ἕλ-

148 721 192 770 λησι
209 714 257 770 μετά
272 714 308 765 τάς
323 717 470 772 προειρημένας
485 717 578 772 τέτταρας
593 715 734 773 φανερωτάτας
744 713 782 758 ούκ
796 716 884 768 έφυσαν,
899 715 934 757 καὶ

149 786 177 826 έτι
188 781 236 839 μετά
246 782 281 834 τάς
292 785 376 840 αἱρέσεις
387 786 464 833 ἐκείνας
473 785 507 826 καὶ
518 783 553 833 τάς
565 784 668 838 μετέπειτα
679 782 729 826 κατά
740 782 776 837 την
785 782 869 826 ἑκάστου
882 781 933 839 γνοί-

149 870 188 906 μηυ
203 854 225 894 έν
242 850 323 906 δοκήσει
334 851 459 906 νεανιάτητος
470 851 518 895 καθ’
534 851 606 901 ἑαυτάς
616 851 720 908 γινόμεναι
732 854 797 906 ψυχαί
807 852 871 894 τεκαὶ
884 855 934 907 γνοῖ-

149 937 195 973 μαι,Ι
223 918 259 970 Ὡς
273 919 390 974 Πυρρύνιοι
403 923 511 962 καλοῦνταί
527 936 578 969 τινες
593 921 627 961 καὶ
638 918 693 961 άλλοι
704 921 794 971 πλείους,
815 914 843 961 σδν
853 917 878 961 τά
888 918 934 961 δνό-

151 1005 202 1041 ματα
214 989 248 1030 καὶ
259 987 294 1036 τάς
305 987 365 1038 δόξας
376 987 424 1029 καθ’
438 985 507 1043 είρμδν
518 985 621 1038 ύποτάξω,
642 991 721 1029 πολλῶν
735 987 771 1041 μὲν
780 985 844 1030 άντων
854 991 894 1028 τῶν
907 987 935 1035 είς

150 1060 223 1112 γνῶσιν
234 1053 291 1110 ἡμῶν
305 1054 442 1110 ἐληλυθότων,
458 1053 627 1112 πολλοστημόριόν
638 1072 658 1097 τε
669 1059 709 1097 τῶν
720 1056 742 1098 ἐν
753 1055 822 1114 κύσμφ
835 1053 935 1113 ύτταρχάν-

151 1143 196 1169 των.
228 1128 269 1169 Καί
280 1126 318 1169 είσι
328 1124 363 1181 μὲν
375 1127 397 1168 αἱ
407 1126 427 1178 έξ
437 1123 534 1181 Ἑλλήνων
546 1126 600 1178 αἵδε,
622 1118 651 1169 σδν
662 1124 745 1184 πρωτην
754 1124 833 1183 τάξαιμι
844 1124 936 1183 άπαρχῆς

151 1194 188 1251 την
204 1198 272 1240 Θαλοῦ
286 1200 323 1240 τού
337 1198 440 1250 Μιλησίου
454 1195 536 1252 γνοίμην
550 1212 571 1238 τε
585 1195 620 1239 καὶ
635 1194 701 1247 δόξαν.

210 1467 279 1519 Αύτδς
293 1467 331 1525 γάρ
345 1472 411 1523 Θαλῆς
426 1467 560 1522 ύΜιλύσιος,
581 1467 610 1518 εἷς
621 1467 650 1511 τίν
660 1473 700 1511 τῶν
715 1467 765 1510 έπτά
777 1472 858 1521 σοφῶν,
880 1468 937 1524 άρχέ-

154 1554 214 1594 γονον
224 1536 307 1595 πάντων
321 1535 439 1591 ἀπεφήνατο
450 1535 473 1579 τδ
486 1535 548 1593 ύδοιρ.
575 1536 610 1587 Ἐξ
623 1535 697 1586 ι’ίδατος
711 1536 749 1592 γάρ
765 1551 814 1591 φησι
830 1535 855 1579 τά
871 1535 937 1579 πάντα

155 1603 211 1656 εἶναι,
227 1606 261 1648 καί
276 1607 304 1656 είς
317 1604 374 1663 ύδτιρ
388 1605 448 1648 πάλιν
462 1603 591 1648 ἀναλύεσθαι.

210 1675 373 1734 Ἀναξίμανδρος,
390 1672 402 1719 0‘
414 1680 450 1718 τοῦ
463 1674 591 1732 Πραξιάδου,
606 1676 640 1719 καὶ
651 1673 713 1727 αύτδς
723 1674 832 1731 Μιλήσιος,
847 1674 869 1720 τύ
882 1673 938 1720 άπει-

156 1764 192 1805 ρον
208 1745 270 1803 άρχην
281 1743 376 1789 ἁπάντων
392 1746 466 1801 έφησεν
483 1743 542 1799 εἶναι,
563 1748 585 1790 έκ
595 1744 669 1790 τούτου
680 1744 717 1804 γάρ
730 1744 755 1788 τά
768 1745 835 1790 πάντα
845 1748 938 1803 γίνεσθαι

156 1818 190 1860 καὶ
205 1818 233 1866 εἰς
248 1814 297 1858 αύτδ
312 1814 337 1857 τά
352 1814 418 1857 πάντα
433 1812 570 1860 άναλύεσθαι..

210 1884 340 1938 Ἀναξιμένης
356 1882 368 1925 δ
380 1888 417 1925 τοῦ
432 1882 591 1939 1Εύρυστιίτου,
606 1884 641 1925 καὶ
653 1881 831 1937 αύτδςΜιλησιος,
845 1882 880 1926 τόν
890 1882 939 1941 άέρα

154 1957 192 1994 τοῦ
206 1950 281 2000 παντδς
296 1949 358 2006 οίρχήν
373 1949 424 1992 εἶναι
437 1951 498 2006 λέγει,
513 1951 548 1992 καὶ
563 1952 585 1993 έκ
599 1950 672 1993 τούτου
686 1949 711 1992 τά
725 1950 797 1993 πάντα.

208 2017 351 2075 Ἀναξαγόρας,
366 2015 378 2060 o‘
388 2023 426 2061 τοῦ
435 2016 579 2074 Ἡγησιβούλου
589 2015 602 2061 ὅ
611 2019 751 2072 Κλαζομένιος,
767 2016 828 2076 άρχάς
838 2022 879 2061 τῶν
889 2017 940 2061 πάν-

156 2104 196 2129 των
210 2085 247 2136 τάς
262 2084 391 2143 δμοιομερίας
405 2087 478 2141 έφησεν
493 2084 550 2129 εἶναι.

61 2181 96 2212 pag.
105 2170 145 2202 ιοοῐ.
215 2155 335 2213 2Ἀρχέλαος
345 2152 357 2199 o‘
363 2154 527 2214 Ἀπολλοδώρου,
541 2154 593 2200 κατά
601 2156 623 2200 δέ
633 2173 688 2208 τινας
699 2160 817 2211 Μίλτοινος,
829 2155 941 2213 Ἀθηναῖος

158 2220 227 2283 δὲῆν,
242 2224 340 2281 φυσικάς,
360 2228 383 2271 έκ
393 2231 431 2285 γῆς
441 2225 466 2269 τά
483 2226 548 2270 πάντα
564 2227 615 2285 λέγει
629 2232 754 2285 γεγενῆσθαι.
783 2227 841 2283 Αύτη
855 2226 892 2285 γάρ
904 2226 940 2286 άρ-

157 2296 182 2352 χη
196 2302 237 2340 τῶν
251 2295 302 2339 ὅλων
317 2297 381 2349 ἐστὶν,
397 2296 425 2346 ύίς
439 2312 495 2350 φησι.

215 2363 326 2422 Σωκράτης
337 2363 349 2408 δ
359 2370 395 2408 τοῦ
410 2364 543 2421 3’λ’ἶλβάγλοο,
564 2363 578 2420 ἢ
588 2368 747 2422 Σωφρονίσκου,
770 2367 805 2409 καὶ
817 2368 941 2424 Φαιναρέτης

157 2439 193 2487 τῆς
203 2437 272 2488 μαίας,
288 2431 398 2487 δηθικδς,
418 2432 443 2476 τά
455 2433 503 2476 καθ’
516 2432 596 2486 έαυτύν,
617 2435 681 2490 ἔλεγε,
701 2433 765 2488 μόνον
776 2438 809 2477 δεῖ
819 2435 940 2492 περιεργάζε-

158 2508 208 2543 σθαι
223 2500 258 2543 τδν
273 2499 395 2556 άνθρωπον,
410 2504 490 2543 πλείονα
505 2502 527 2543 δέ
541 2500 574 2555 μή.

218 2568 334 2624 Φερεκύδης
348 2570 383 2611 καλ
397 2567 459 2618 αύτδς
473 2573 511 2624 γῆν
525 2583 575 2621 φησι
590 2566 629 2624 πρά
645 2567 727 2611 πάντων
741 2573 867 2625 γεγενῆσθαι.

219 2635 344 2692 Πυθαγόρας
354 2635 367 2680 δ
375 2635 463 2691 Σάμιος,
479 2635 606 2693 Μνησάρχου
616 2635 671 2690 νίδς,
686 2635 738 2679 θεδν
748 2638 787 2692 ἔφη
798 2635 894 2693 εἶναιτὴν
905 2655 941 2693 μο-

159 2704 223 2760 νάδα,
243 2706 276 2750 καὶ
293 2707 337 2761 δίχα
352 2705 425 2763 ταύτης
442 2704 503 2763 μηδὲν
520 2710 645 2764 γεγενῆσθαι.
669 2704 738 2764 Ἔλεγε
752 2707 774 2751 δέ
786 2705 814 2764 μη
826 2709 868 2752 δεῖν
881 2705 942 2753 θύειν

159 2783 202 2828 τοῖς
213 2782 271 2828 θεοῖς
280 2781 331 2830 ζῶα,
353 2778 403 2833 μηδὲ
420 2776 460 2833 μὴν
477 2779 553 2821 ἐσθίειν
563 2795 581 2821 τι
593 2783 632 2821 τῶν
648 2776 756 2833 ἐμψύχων,
780 2777 829 2834 μήτε
842 2778 941 2835 κυάμους,

160 2848 209 2903 μήτε
220 2844 276 2891 οἶνον
289 2849 353 2890 πίνειν
363 2846 410 2898 τούς
421 2846 505 2902 σοφούς.
528 2845 597 2904 Ἔλεγε
609 2848 630 2891 δὲ
645 2845 669 2890 τά
681 2845 723 2891 άπδ
738 2846 821 2903 σελήνης
834 2847 888 2892 κάτω
904 2866 941 2892 πα-

159 2915 214 2972 θητά
225 2914 277 2959 εἶναι
291 2914 367 2969 πάντα,
389 2914 414 2959 τά
424 2917 446 2959 δὲ
460 2914 553 2973 ύπεράνω
568 2922 603 2971 τῆς
615 2917 699 2972 σελήνης
709 2916 783 2971 άπαθη
794 2914 850 2960 εἶναι.
874 2917 943 2975 Ἔλεγε

185 3021 225 3053 (λιν.
236 3021 267 3054 IX.
280 3039 302 3046 -
327 3023 340 3054 1.
353 3023 398 3063 Πίος.
409 3023 462 3055 Laert.
470 3023 491 3062 Π,
499 3021 516 3063 Q,
525 3022 539 3055 λ.
585 3021 601 3055 3.
614 3019 698 3065 ἐλμάγλου
709 3023 806 3059 κοσκίνια,
818 3024 884 3064 Ηλειλίρ.
890 3046 895 3063 ,
908 3024 942 3056 Ρο-

160 3063 288 3110 Εύρυοτράτου.
562 3069 589 3099 ris.
607 3067 685 3109 (Elmagli
701 3069 757 3107 λοφιλιιν
772 3070 820 3099 κίονι
835 3070 852 3099 in
869 3069 943 3100 Ceruarii

183 3115 199 3145 2.
212 3108 541 3156 οἱρχαίλαοςοοιλτλαιεο.ελεάῐλφιλαο.
563 3113 633 3144 versione
645 3112 716 3155 Latina.)
733 3108 816 3155 ἐλβοίγλον
832 3113 875 3145 editi.
904 3112 943 3144 Vide
