1988 3392
136 216 178 257 518
425 221 507 256 εινοτι
518 212 634 255 νοιειιιαιι

144 299 175 315 ΗΙ

137 318 232 357 οαρτος,
252 319 271 362 η
260 299 299 344 ’δὲ
311 299 414 355 δνναμις
405 318 427 343 εν
437 318 491 343 αυτω
504 302 532 351 εις
542 298 673 363 ζωογονησιν,
694 318 729 343 και
741 298 777 356 ούχ
787 303 822 344 ινα
833 318 855 343 το
849 298 922 357 ὕδωρ

136 367 190 454 ημμῖς
202 361 317 429 καθοίρη
297 368 370 424 μόνον,
367 366 448 411 ’ἇἼλ”
439 362 475 411 ινα
480 360 508 412 ἐν
515 374 539 428 τῇ
552 366 606 424 ισχόϊ
615 374 652 411 τοῦ
666 368 740 419 ύδατος
751 367 819 412 δια
794 387 830 426 τνς
839 371 924 419 πιστεως

137 439 172 481 καὶ
184 440 283 523 ἕχργείας
298 438 332 480 καὶ
346 438 426 487 ἐλπίδος
441 439 477 481 καὶ
489 441 681 502 Q&
591 434 745 508 ντέλειιίσεως,
765 439 800 481 καί
813 438 923 494 ὀνομασίας

137 510 173 561 τής
189 504 303 563 ἇγιαστείας
319 507 399 590 χένηται
414 504 483 569 ήμῖν
481 509 526 576 είς
524 509 622 549 τελειωσιν
626 503 740 592 σωτηρίας
768 505 892 551 Ἀνελθοίν’
882 506 924 551 απδ

137 580 175 618 τοῦ
186 574 300 661 Ἰορδάνου,
321 573 403 617 ίικούων
419 575 491 630 φωνήν
505 566 593 632 πατρός,
613 570 649 625 είς
657 573 722 630 όκοήν
738 574 844 632 παρόντων
857 582 923 630 μαθη-

139 661 189 696 των,
205 646 238 693 εἰς
244 662 265 686 το
261 642 413 694 ύποδεῑξαι’
394 661 425 694 τις
438 642 451 687 δ
464 642 638 700 μαρτυρούμενος,
653 662 687 686 και
680 644 754 687 4τού
765 643 878 700 πνεύματος
887 648 925 688 τοῦ

139 710 197 768 οίγίου
207 713 228 754 ἒν
238 714 288 754 είδει
298 717 414 767 περιστερᾶς
425 713 580 768 κατερχομένον,
595 710 690 768 καθάπερ
702 713 723 755 έν
734 718 816 763 πολλαῖς
826 714 925 769 αἷρέσεσιν

140 780 256 836 εἰρήκαμεν,
271 782 305 822 ίνα
316 779 343 835 μή
358 780 474 836 5συναλιφή
483 779 497 836 ή
506 780 562 838 τριὰς
573 783 691 836 νομισθείη,
712 782 925 836 σχηματοποιουμένου

140 854 177 891 τού
192 848 304 903 πνεύματος
316 852 337 892 ἐν
348 850 389 907 ίδίμ
400 847 519 901 ύποστόσει,
540 851 710 904 ἒπικαθεζομένου
721 850 743 893 δὲ
752 854 789 893 τοῦ
804 850 925 905 πνεύματος,

139 919 175 960 καὶ
186 917 292 973 ἐρχομένου
304 914 333 960 ἐπ’
344 916 414 969 αύτδν,
429 920 463 961 ἵνα
475 916 534 978 όφθή
545 915 556 961 ό
567 917 736 974 μαρτυρούμενος,
751 920 786 962 ἵνα
796 918 845 975 σδρξ
855 917 868 974 ή
879 916 927 975 τίγία

141 989 189 1040 φίλη
202 981 253 1028 οὖσα
266 987 300 1028 καὶ
312 984 446 1041 εύδοκουμὲνη
462 985 503 1029 ύπό
516 991 552 1028 τοῦ
570 984 646 1043 πατρός
658 987 740 1030 καὶτοῦ
751 986 866 1041 πνεύματος
877 1006 925 1045 μαρ-

141 1057 250 1110 τυρηθείη,
272 1056 305 1096 ίνα
320 1052 332 1097 ό
344 1053 410 1110 πατήρ
425 1054 535 1109 εύδοκητής
549 1057 660 1111 κηρυχθείη
672 1060 707 1110 τῆς
721 1061 758 1099 τοῦ
769 1058 817 1099 υίοῦ
828 1055 927 1111 ε’νσοίρκον

142 1126 265 1180 παρουσίας,
280 1125 314 1165 ‘iva
327 1121 340 1165 δ
351 1121 396 1172 νίός
408 1121 505 1177 όληθινός
518 1121 604 1207 όφθείη,
625 1124 660 1166 καὶ
671 1123 766 1206 πληρηίση
779 1123 802 1168 τό
814 1125 927 1181 εἰρημένον,

143 1193 185 1234 Καὶ
196 1190 244 1244 μεταλ
255 1208 317 1232 ταντα
330 1193 364 1233 ἐπὶ
366 1196 411 1245 τῆς
422 1208 459 1246 γης
471 1189 545 1244 τ’ίφθη,
560 1192 595 1233 καί
607 1190 656 1244 μετοί
668 1196 708 1234 τῶν
718 1190 835 1248 οίνθριόπων
846 1206 928 1235 συνανε-

142 1258 231 1316 στροίφη·
253 1257 344 1301 α’νελθοίν
355 1256 396 1300 οίπό
407 1276 450 1300 του
434 1256 569 1313 Ἰορδάνου,
591 1260 625 1301 καὶ
639 1264 709 1311 σαφως
721 1261 755 1302 καί
768 1258 899 1314 ἀληθινως’
886 1259 927 1303 απδ

142 1344 179 1369 του
170 1324 288 1382 διαβόλου
304 1327 444 1381 πειρασθείς’
435 1343 455 1368 εν
465 1330 490 1383 τή
502 1324 581 1408 ἐρήμῳ,
602 1326 636 1368 καί
647 1325 744 1377 πεινήσας
755 1326 838 1384 ύστερον
848 1327 915 1370 διό
891 1346 929 1382 την

143 1395 279 1446 οἰκολουθίαν,
299 1411 334 1437 και
346 1393 444 1448 αληθειαν
454 1412 490 1448 της
505 1393 604 1461 ἒνσοίρκου
616 1398 735 1479 ηαρουσίας.
765 1395 928 1451 Καίέπιλεξοίμε-

143 1480 179 1513 νος
191 1462 296 1517 μαθητής,
316 1464 350 1505 καὶ
363 1462 452 1518 κηρύξας
469 1460 576 1515 ἀλήθειαν,
596 1480 631 1504 και
648 1462 788 1517 ίασοίμενοςτδ
802 1462 872 1517 πύθη,
893 1482 929 1507 κα-

144 1532 259 1585 θευδήσας,
274 1529 381 1580 πεινήσας,
398 1528 543 1586 ὁδοιπορήσας,
560 1532 700 1585 θεοσημείας’
691 1529 830 1587 εργασιίμενος,
845 1531 930 1588 νεκρούς

145 1601 231 1655 ἐγείρας,
246 1604 329 1651 τυφλοῖς
342 1597 364 1640 τό
377 1599 456 1652 βλέπειν
468 1596 630 1653 παρασχόμενος,
644 1597 722 1652 χωλούς
732 1599 766 1641 καί
779 1598 929 1655 παραλυτικούς

51 1692 86 1722 ρος.
96 1683 135 1714 Ιιιιι.
146 1666 310 1724 ἰσχνροποιήσας·
332 1665 360 1717 τίς
376 1665 458 1724 ἐκήρυξε
473 1664 495 1708 τό
508 1663 622 1723 εύαγγέλιον
642 1670 694 1721 6τῆς
710 1665 807 1722 ιἰληθείας
822 1666 858 1723 τήν
874 1670 930 1724 βασι-

145 1739 199 1780 λείαν
215 1742 255 1779 τῶν
271 1735 364 1792 ούρανῶν
379 1734 416 1790 τήν
429 1733 507 1778 γαύτοῦ
520 1738 687 1790 φιλανθρωπίαν,
708 1737 794 1779 καὶτοῦ
807 1736 883 1793 πατρός
896 1739 930 1780 καί

145 1810 182 1848 τοῦ
196 1802 254 1862 ολγίον
270 1802 407 1859 θπνεύματος
428 1801 440 1846 ό
456 1802 506 1859 ὑπὲρ
521 1801 579 1857 ήμῶν
595 1801 618 1846 τό
635 1803 705 1854 πόθος
717 1801 829 1859 ύπομείνας
845 1801 931 1865 οίληθείρι

146 1875 168 1917 ἓν
179 1875 238 1931 σαρκὶ
249 1874 283 1916 καί
294 1874 315 1916 ἒν
327 1878 351 1931 τῇ
365 1875 427 1931 τελείᾳ
442 1871 604 1928 ε’νανθρωπήσει,
626 1871 701 1915 παθτίν
713 1874 735 1916 έν
746 1873 833 1933 ἀληθείᾳ
846 1875 880 1918 έπί
894 1879 931 1918 τοῦ

146 1947 233 2000 σταυροῦ
237 1977 243 1995 ,
259 1942 360 1997 συνούσης
372 1941 426 2000 αύτῷ
439 1946 474 1997 τής
484 1939 595 1996 θεότητος,
614 1939 654 1984 ἀλλ’
666 1940 691 1985 ού
704 1946 811 1999 τραπείσης
821 1944 849 1994 είς
858 1942 880 1987 τδ
894 1943 932 1987 ποί-

146 2027 210 2068 σχειν,
231 2009 293 2066 οόσης
307 2011 329 2054 δὲ
345 2011 452 2065 ἀπαθοῦς,
476 2011 510 2053 καί
522 2008 633 2067 ότρὲπτον·
653 2016 695 2062 τῶν
707 2010 744 2055 δύο
758 2009 933 2057 όκολουθιοῖνσα-

147 2086 192 2136 φῶς
201 2081 380 2135 κατανοουμὲνων,
397 2084 487 2139 Χριστοῦ
498 2071 609 2135 πάσχοντος
620 2077 670 2137 ύπὲρ
681 2078 740 2136 ήμῶν
751 2084 820 2139 σαρκί,
836 2082 943 2133 ἀπαθοῦς,

147 2152 169 2194 δὲ
181 2151 276 2206 μένοντος
287 2152 309 2194 έν
320 2149 411 2205 θεότητι·
427 2150 452 2192 οό
464 2154 500 2192 τοῦ
511 2147 624 2205 οἰνθροίπου
637 2148 679 2193 κατ’
691 2152 744 2193 ἰδίαν
757 2149 827 2204 όντος,
849 2153 884 2195 καὶ
896 2156 933 2206 τής

146 2219 245 2275 θεότητος
255 2218 298 2262 κατ’
312 2221 375 2272 ἰδίαν,
391 2217 439 2262 οίλλοί
450 2216 550 2272 συνούσης
560 2222 595 2273 τής
606 2217 714 2273 θεότητος,
735 2218 763 2274 μή
774 2220 891 2275 πασχούσης
903 2221 932 2273 δὲ,

147 2287 182 2332 διαί
193 2288 216 2331 τό
228 2288 337 2344 ἀκραιφνὲς
349 2289 385 2330 καὶ
397 2286 517 2344 οἷσύγκριτον
529 2291 564 2342 τῆς
576 2288 657 2337 οὐσίας·
677 2286 788 2343 πάσχοντος
800 2289 822 2332 δὲ
834 2290 855 2332 έν
866 2290 931 2346 σαρκί,

147 2358 183 2400 καί
195 2358 351 2412 θανατουμένου
367 2358 388 2398 ἒν
399 2356 469 2412 σαρκί,
490 2360 563 2406 ζῶντος
575 2356 597 2398 δὲ
608 2354 639 2398 οίεί
653 2357 674 2398 ἐν
686 2355 781 2411 θεότητι,
802 2359 836 2400 καί
848 2359 932 2414 ἐγείρον-

147 2444 182 2476 τος
196 2424 244 2476 τοιίς
259 2424 354 2482 νεκρούς·
376 2428 412 2467 τοῦ
429 2422 521 2478 σώματος
537 2425 635 2478 ταφέντος
650 2425 671 2467 έν
687 2424 784 2483 ιἰληθείμ,
804 2426 839 2468 καί
851 2424 933 2482 ύψύχον

149 2497 252 2549 μείναντος
261 2493 284 2537 τό
294 2493 411 2551 τριήμερον,
433 2491 500 2535 όίπνου
507 2509 534 2535 ’τε
543 2494 577 2536 καί
589 2492 699 2548 ίικινήτου,
719 2494 856 2549 ἒνειληθέντος
867 2494 889 2537 δὲ
900 2493 933 2538 διαί

148 2563 298 2619 τήςσινδόνος,
319 2564 464 2611 κατατεθέντος
481 2563 502 2604 ἐν
515 2566 543 2619 τῷ
557 2561 655 2617 μνήματι,
676 2564 840 2619 συγκλεισθέντος
851 2561 885 2606 διαί
896 2567 933 2606 τοῦ

148 2635 219 2685 λίθου,
239 2634 274 2675 καί
285 2634 402 2688 σφραγίδων
413 2630 557 2674 ἓντιτεθέντων*
579 2629 624 2685 ου’χί
638 2635 674 2685 τής
685 2631 783 2686 θεότητος
799 2634 933 2689 συγκλεισθεί-

149 2716 196 2757 σης,
217 2699 242 2744 ού
251 2706 286 2757 τής
296 2701 393 2756 θεότητος
402 2702 508 2753 ταφείσης,
528 2699 702 2755 συγκατελθούσης
714 2700 771 2759 δὲτή
781 2699 875 2760 ψυχήτή
885 2698 933 2759 τίγίᾳ

149 2773 177 2821 είς
187 2769 213 2813 τοί
223 2769 355 2825 καταχθόνια,
370 2768 454 2823 έλούσης
464 2770 543 2811 ε’κεῖθεν
552 2767 589 2823 τήν
599 2774 639 2811 τῶν
648 2773 721 2823 ψυχαῖν
732 2771 873 2824 αἰχμαλωσίαν,
887 2774 933 2812 κλα-

172 2931 188 2968 4
208 2946 238 2969 τον
256 2931 351 2977 πνεύματος
370 2933 400 2967 τοῦ
417 2929 466 2976 οἱχίου
483 2931 529 2964 codd
554 2929 647 2975 συναλοιφή
659 2933 702 2964 editi.

149 2990 186 3014 mss.
214 2980 244 3014 τοῦ
261 2980 298 3024 (τοῦ
314 2990 343 3013 τον
361 2979 384 3011 ιθ.
402 2977 462 3020 μνίου)
481 2973 529 3020 οἱχίον
575 2977 591 3011 6.
603 2978 636 3021 τῆς
647 2974 787 3021 οἱληθείαςοοδδ.
795 2986 833 3010 mss.
849 2973 934 3022 τήνοῖλή

149 3025 244 3081 πιξῦμαῑῦς
255 3028 297 3058 2444
554 3023 707 3063 δειανιιίίίίίίοκί,
719 3024 778 3056 vitiose.

173 3074 188 3108 5.
206 3069 288 3116 σνναλιφή
305 3071 351 3104 codd,
369 3080 418 3114 mss„
437 3071 529 3103 constanter
579 3080 661 3104 αιαον
673 3069 719 3101 τοδί.
731 3078 768 3103 mss.
781 3072 849 3112 aterque.
