1988 3392
166 211 207 254 124
451 220 534 255 ειαοτι
545 219 662 253 τυιειιιαιι

159 303 190 342 λοι
202 299 254 350 τινὲς
265 297 312 343 άλλο
323 298 388 356 τάγμα
397 300 432 342 καί
443 294 498 341 οὗτοι
510 296 613 354 γεγόνασι,
634 298 669 340 καί
680 291 707 352 ἦν
718 295 741 340 τό
753 299 795 340 πάν
804 299 886 352 κυβείας
898 301 948 356 ὗέμ.

161 373 226 411 πλεαν
236 366 259 411 ιδ
269 369 337 424 ἔργον·
353 366 413 424 άγάρ
425 369 507 415 ἕκαστος
516 363 609 422 ἐφρόνει,
624 370 687 409 ταῦτα
700 366 733 408 καί
745 363 757 409 ό
767 366 834 422 ἕτερος
843 363 906 421 εἶχεν,
920 369 948 419 είς

162 438 257 491 σχίσματα
271 437 293 479 δὲ
306 436 431 495 διῃρέθησαν
442 432 494 491 πρός
505 433 613 489 ἀλλήλους,
634 433 648 490 ἢ
658 437 710 489 μίσει
721 434 760 477 τινί
773 437 818 492 θτῷ
830 433 882 491 πρός
891 433 948 493 άλλή-

160 508 218 556 λονς,
239 503 274 547 διά
284 503 307 547 τό
320 504 418 560 Κάριλλον
426 500 461 545 τάν
471 500 628 559 Ἱεροσολυμίτην
644 502 696 559 πρὸς
705 500 805 558 Εάτάχιον
817 503 867 558 ἐχειν
882 507 948 559 μῆνιν,

161 575 197 616 καί
208 572 327 629 7Εάτάχιον
337 571 388 630 πρός
397 570 502 629 Κάμιλλον,
517 569 567 615 εἶναι
578 573 600 616 δέ
610 571 645 616 τάν
654 571 753 628 Κάμιλλον
763 568 806 627 ἅμα
813 574 909 631 Βασιλείιμ
920 578 949 633 τῷ

162 641 254 703 Γαλάτη,
269 645 303 687 καί
313 641 397 702 Ἀνιανῷ
408 646 436 701 τῷ
447 642 593 685 κατασταθέντι
603 642 637 686 ἐπί
647 646 684 697 τῆς
690 639 821 697 Ἀντιοχείας,
836 642 871 685 καί
883 646 948 701 Γεοιρ-

162 715 198 772 γίμ
211 717 239 773 τῷ
253 715 381 763 Λαοδικείας.
415 713 438 755 Τί
454 712 476 756 δέ
491 714 636 769 κατατρίβομαι
651 709 687 763 τάς
703 710 768 763 τάξεις
784 713 867 769 διαιρῶν
881 714 948 757 τεκαὶ

78 794 114 825 11³ss-
122 788 153 818 ew.
162 784 234 841 λε’γωνς
255 780 357 837 ἐλεύσομαι
373 782 395 825 δέ
411 783 439 832 είς
453 780 489 832 τάς
500 779 576 826 τούτων
591 781 713 834 ἀντιθέσεις,
734 782 770 825 καί
786 780 902 840 ἀνατροπὴν
913 787 950 839 τῆς

162 851 247 896 ἑκάστου
261 850 337 894 τούτων
353 849 472 906 δολιότητος.
503 856 541 894 Δεῖ
554 852 577 895 δέ
591 868 615 907 με
624 855 705 908 πρῶτον
715 852 761 908 περὶ
771 855 812 894 τῶν
823 850 908 908 ὕστερον
917 868 948 909 γε·

161 919 249 977 γονάτων
263 921 331 978 λέγειν.
362 921 482 977 Σνμβέβηκε
493 919 531 978 γάρ
542 922 603 965 τοῦτο’
617 934 669 964 τισιν
683 922 712 972 είς
726 919 855 978 άγαθότητα,
877 921 950 965 τισίδέ

162 992 190 1041 είς
205 992 309 1047 πονηρίαν.

219 1060 318 1110 Μελέτιος
333 1060 369 1114 μὲν
385 1058 423 1117 γάρ
440 1057 452 1103 ό
468 1061 489 1103 ἐν
503 1057 611 1118 Ἀντιοχείᾳ
630 1060 777 1109 1κατασταθείς
790 1057 832 1102 άτιό
846 1062 887 1101 τῶν
903 1059 949 1115 περὶ

161 1127 255 1172 Ἀκάκιον
270 1130 372 1178 (ἐντεῦθεν
386 1127 424 1185 γάρ
440 1129 521 1185 γε’γονεν
535 1132 572 1171 τοῦ
582 1128 681 1171 Ἀκακίου
696 1129 786 1178 ἔνστασις
801 1125 852 1183 άτιέρ
862 1131 899 1170 τοῦ
911 1125 950 1170 κάν

162 1197 229 1252 ὀλίγον
242 1215 260 1239 τι
272 1195 408 1252 άποστρέψειν
424 1200 460 1250 τῆς
474 1195 587 1247 κακοδόξου
602 1194 669 1239 αὐτῶν
684 1195 775 1252 γνοίμης,
795 1197 830 1238 καί
843 1193 949 1248 ίάποφαί·

162 1282 203 1308 νειν
215 1263 286 1308 ἑαυτόν
297 1267 361 1318 δῆθεν
371 1265 393 1307 ἐν
404 1262 535 1320 όρθοδόξοις,
557 1263 590 1306 διά
601 1262 623 1307 τό
634 1266 745 1318 βεβαιῶσαι
758 1262 794 1306 τόν
804 1264 950 1320 προειρημένον

162 1334 262 1376 Μελέτιον
277 1334 298 1376 ἐν
312 1336 337 1391 τῇ
351 1333 487 1383 καταστάσει)’
508 1333 642 1382 κατασταθείς
658 1331 695 1388 γάρ
712 1330 833 1382 όΜελέτιος
844 1326 905 1382 οὗτος
915 1330 949 1375 ὕπ’

162 1399 228 1444 αάτοῑν
239 1405 280 1444 τοῖν
291 1402 337 1457 περὶ
346 1399 451 1451 Ἄκάκιον,
473 1402 572 1455 ἐνομίζετο
584 1398 631 1457 παρ’
644 1400 712 1443 αὐτῶν
728 1398 780 1443 εἶναι
789 1405 825 1456 τῆς
837 1398 904 1444 αὐτῶν
916 1398 949 1443 δό-

162 1472 205 1523 ξης·
227 1467 266 1511 ἄλλ’
281 1467 318 1524 οὐχ
334 1466 420 1524 εὑρέθη,
443 1466 470 1519 οἷς
485 1470 554 1512 πολλοὶ
569 1469 616 1525 περὶ
631 1467 704 1512 τούτου
721 1467 871 1525 ἀπαγγέλλουσι.
902 1472 950 1510 Νῦν

162 1538 198 1591 μὲν
214 1535 253 1594 γάρ
269 1539 290 1580 οί
302 1534 356 1595 αὐτῷ
369 1538 557 1593 3προςκεκλιμένοι,
577 1536 612 1579 καί
626 1540 654 1594 τῷ
666 1535 730 1579 αὐτοῦ
741 1536 835 1593 τάγματι,
860 1533 900 1583 άπά
912 1539 950 1579 τοι]

162 1607 238 1649 ἐκεῖνον
254 1605 290 1659 μέν
306 1606 414 1660 δεδιοῖχθαι
431 1606 466 1648 καί
483 1606 617 1660 ἐκβεβλῆσθαι
633 1603 673 1647 άπδ
690 1609 727 1647 τοῦ
742 1606 796 1648 ἰδίου
811 1603 901 1661 θρόνου,
923 1609 952 1663 τῷ

162 1672 228 1732 χρόνῳ
240 1674 275 1716 καί
285 1678 309 1733 τῇ
320 1678 411 1732 παρολκῇ
422 1678 458 1716 τοῦ
468 1676 576 1728 δεδιῶχθαι
587 1676 742 1729 προςβαίνοντες
752 1675 787 1716 καί
796 1674 952 1730 προςτιθέμενοι

163 1740 197 1785 διά
207 1740 243 1785 τόν
254 1739 304 1784 θεόν
315 1739 467 1798 όρθοδοξοῦσιν.
491 1736 556 1784 Ἦσαν
572 1742 608 1797 μέν
623 1740 662 1798 γάρ
675 1743 696 1785 οἱ
706 1743 752 1784 λαοί
764 1745 845 1793 πλείους
856 1747 893 1785 τοῦ
906 1741 951 1800 τάγ-

164 1825 225 1865 ματος
243 1808 317 1854 τοάτον
327 1815 364 1855 τοῦ
375 1815 411 1865 τῆς
422 1810 511 1855 συνόδου
528 1814 550 1854 οἳ
565 1810 689 1862 ἐπισκόπους
700 1812 797 1862 4ἑαυτοῖς
808 1802 952 1865 κατατάξαντες

164 1878 286 1938 όμολογοῦσι
298 1882 345 1937 περὶ
355 1883 401 1925 υἱοῦ
412 1885 546 1936 θαυμαστῶς,
561 1882 595 1924 καί
607 1879 629 1925 τό
642 1878 753 1936 όμοοόσιον
764 1879 802 1926 οόκ
814 1881 951 1938 ἐκβάλλουσιν,

164 1948 291 1994 άλλάκαίέν
306 1952 390 2010 ἕτοίμμ,
413 1950 459 2002 5τ’)’ς
471 1965 530 2005 φασι,
552 1955 613 1994 τοῦτο
627 1952 687 2007 ἐχειν,
710 1953 728 1995 εί
739 1952 814 2008 γε’νοιτο
826 1951 911 2003 σύνοδος
923 1968 952 1995 τε·

162 2022 216 2073 λεία,
231 2018 345 2077 ὁμολογεῖν,
361 2022 395 2063 καὶ
405 2019 433 2075 μή
445 2018 555 2076 άρνεῐσθαι.
585 2021 707 2076 Συμβέβηκε
717 2019 755 2079 γάρ
767 2019 829 2065 αὐτόν
839 2019 875 2065 τόν
884 2038 952 2079 προει-

163 2090 250 2146 ρημένον
266 2088 385 2144 τιμιώτατον
403 2091 521 2133 6Μελέτιον
539 2087 580 2132 άπό
597 2094 638 2133 τῶν
656 2088 764 2146 Ἀρειανῶν
780 2095 820 2134 τῶν
834 2091 881 2147 περὶ
894 2088 952 2134 ’And-

161 2175 207 2201 κιον
217 2160 368 2202 κατασταθέντα
381 2159 452 2217 προίτη
467 2160 586 2216 προςομιλίμ
597 2156 625 2208 νίς
636 2156 728 2215 άπαρχήν
745 2160 779 2202 ἐπὶ
790 2164 825 2214 τῆς
837 2158 953 2215 Ἀντιοχέων

162 2226 300 2283 ἐξηγήσασθαι
316 2228 366 2271 7ἐπί
380 2232 417 2282 τῆς
431 2229 547 2281 ἐκκλησίας,
562 2228 597 2269 καί
611 2224 639 2277 τίς
650 2228 686 2281 μὲν
699 2230 721 2271 οί
734 2230 814 2278 πλείους
829 2229 902 2281 φασίν,
918 2227 951 2284 ὀρ-

163 2295 262 2347 θοδόξως.
301 2295 343 2351 Τήν
366 2297 388 2339 δὲ
409 2294 472 2338 αὐτοῦ
494 2293 587 2351 ἐξήγησιν
609 2297 699 2339 ἐνταῦθα
721 2295 874 2353 παραθήσομαι.
911 2297 953 2340 Καὶ

164 2365 217 2407 ἐστιν
231 2363 273 2419 ήδε.

352 2502 510 2538 ΑΝΤΙΓΡΑΦΟΝ
522 2502 626 2537 ΟΜΙΔΙΑΣ
638 2503 773 2539 ΜΕΔΕΤΙΟΥ.

67 2577 112 2623 quo.
123 2576 158 2613 κδ’·
224 2579 247 2623 ‘0
257 2581 293 2635 μὲν
302 2580 418 2634 σοφώτατος
429 2580 570 2635 ἐκκλησιαστής
584 2595 634 2634 φησι
643 2579 724 2636 άγαθήν
735 2582 818 2638 ἐσχάτην
829 2581 890 2638 λόγου
901 2579 953 2637 άτιέρ

164 2647 228 2704 άρχήν
238 2647 312 2701 αὐτοῦ,
333 2648 374 2707 όσμ
384 2649 473 2704 κρεῖττόν
484 2649 568 2691 ἐστικαὶ
579 2647 724 2704 ἀσφαλέστερον
738 2649 842 2693 παύεσθαι
855 2655 891 2705 τῆς
907 2651 953 2705 περὶ

162 2716 185 2760 τό
201 2719 263 2774 λέγειν
279 2715 375 2772 άγωνίας,
396 2716 410 2770 ή
425 2716 527 2772 άρχεσθαι.
557 2715 650 2759 Μάλισθ’
665 2717 699 2761 ὅτε
712 2717 796 2768 όαάτός
811 2716 953 2772 ἐκκλησιαστής

164 2800 224 2839 φησι,
246 2783 305 2839 Αίίτη
317 2783 332 2839 ή
342 2788 404 2837 σοφία
415 2789 451 2828 τοῦ
465 2785 551 2839 πένητος
567 2785 726 2841 ἐξονθενημένη,
746 2788 781 2830 καί
793 2788 815 2830 ον’
824 2786 880 2843 λόγοι
890 2786 954 2830 αὐτοῦ

186 2903 202 2935 5.
215 2901 273 2937 ἔπλεον
285 2903 320 2935 cod.
332 2902 399 2943 Βίιιιίὶρ.
593 2902 632 2936 Cn.
643 2903 727 2937 xxvln.
740 2922 762 2928 —
780 2904 794 2936 1.
806 2902 888 2943 καταθεὶς
896 2905 954 2937 vitium

186 2947 203 2980 6.
214 2948 240 2991 τῷ
252 2959 282 2980 nm.
296 2949 331 2981 cod.
341 2948 407 2988 Βλιιίὶμ.
569 2951 592 2979 est
603 2950 627 2980 ed.
639 2951 694 2982 Ρειαν.
707 2951 760 2982 σοίοιι.
768 2952 816 2990 repet.

152 2999 154 3001 '
185 2992 201 3026 7.
220 2990 296 3041 εάτύχιος
305 2994 352 3027 τοία.
358 3003 396 3027 mss.
406 2997 475 3037 uterque,
487 2997 502 3026 ct
510 2994 548 3027 edit.
594 2993 610 3026 2.
623 2991 713 3039 διαφαίνει
725 2996 770 3027 codd.
782 3003 820 3028 mss.
832 2998 901 3037 uterque.

162 3041 214 3082 princ.
595 3039 727 3074 Mannum.
750 3042 796 3074 Libri
811 3041 869 3074 λιοοτιιλ
884 3050 954 3086 προςκε·

573 3086 658 3131 κλημέιοι,
