1988 3392
28 868 63 898 pag.
71 859 103 888 883.

20 1142 61 1187 Κεφ
74 1139 104 1178 λε’.

107 207 148 251 136
398 216 604 254 οιαοαιεεινειεαιι

107 298 155 348 μίαν
167 293 250 348 ούσίαν,
272 300 320 352 μίαν
336 297 432 351 θεότητα·
451 294 523 346 καθώς
539 298 592 339 ἐστιν
604 294 618 351 ή
628 294 717 350 άληθινή
728 298 805 348 πίστις,
826 294 840 350 ή
850 294 892 340 άπδ

107 368 147 405 τῶν
156 363 268 416 ἀνέκαθεν,
283 364 400 420 προφητική
410 381 430 406 τε
441 364 474 405 καί
487 361 602 420 εύαγγελική
613 365 648 406 καὶ
659 362 790 417 άποστολική,
805 363 832 418 ήν
841 362 894 418 ω’μο·

107 430 194 486 λόγησαν
203 433 225 473 οἱ
233 432 363 481 συνελθόντες
372 432 455 484 πατέρες
466 429 525 485 ήμῶν
534 433 569 474 καί
580 434 686 475 ἐπίσκοποι
697 432 718 475 ἐν
728 436 753 491 πή
761 433 838 489 Νικαίμ
847 445 894 474 σνν-

109 498 161 556 όδφ,
182 501 216 542 ἐπὶ
233 502 385 543 Κωνσταντίνου
401 503 437 541 τοῦ
454 499 551 556 μεγάλου,
570 500 605 543 καί
626 498 777 557 μακαριωτάτου
792 499 907 556 βασιλέως(

109 572 129 612 Γ
127 569 190 614 ε’νοιτο
205 569 226 614 δὲ
241 571 276 615 καί
287 567 348 614 αότόν
363 567 398 614 τόν
408 568 528 626 τιμιιότατον
540 571 639 615 Μελέτιον
652 569 717 623 ούτως
728 568 831 630 ὁμολογεῖν
843 568 895 615 κατά

109 638 157 690 τούς
171 639 205 683 ὑπ’
215 640 276 685 αὐτόν
286 640 346 692 όντας
358 643 380 685 ἕν
391 645 416 701 τῇ
430 639 536 700 Ἀντιοχείᾳ
547 642 582 685 καλ
592 642 614 685 ε’ν
625 640 689 692 άλλοις
698 642 738 685 τισὶ
748 640 819 693 τόποις
829 640 895 693 οὕτως

110 708 264 766 όμολογοῦντας.
294 711 341 752 Εἰσὶ
357 709 394 766 γάρ
410 713 444 753 καί
461 727 513 760 τινες
527 715 568 752 τῶν
584 709 699 753 δοκούντων
714 708 769 769 αύτῷ
783 716 895 762 κοινωνεῖν,

110 780 144 820 καί
159 784 185 836 τῇ
198 777 240 820 κατ’
251 777 313 820 αὐτόν
327 777 417 835 συνόδῳ,
433 780 598 832 βλασφημοῦντες
612 776 634 820 τό
649 782 730 832 πνεῦμα
743 777 767 820 τό
779 776 846 832 άγιον,
861 778 896 819 καί

112 846 158 899 περὶ
174 845 210 898 μὲν
219 847 266 887 υἷοῦ
275 849 341 894 καλῶς
350 845 447 899 λέγοντες,
467 843 490 887 τό
503 845 525 887 δὲ
539 849 618 899 πνεῦμα
630 844 709 888 κτιστύν
721 842 841 901 ἡγούμενοι,
861 845 897 887 καί

110 910 213 967 άλλόιριον
223 916 275 956 θεοῦ
288 910 408 956 παντάπασι.
439 914 490 970 Περὶ
504 907 533 956 οἷν
542 911 625 970 ὕστερον
637 914 658 956 ἐν
669 918 694 974 τῇ
705 912 748 957 κατ’
760 911 835 964 αύτούς
850 910 897 956 dva-

111 986 176 1045 τροπή
191 986 227 1040 τῆς
242 982 336 1043 αἱρέσεως
350 980 375 1028 τά
390 980 456 1028 πάντα
470 982 561 1043 ἀκριβῶς
575 981 626 1029 κατά
638 983 725 1041 δύναμιν
738 984 825 1042 λέξομεν.

173 1126 243 1179 Τίμιος
254 1119 291 1167 οὗν
302 1122 315 1168 δ
324 1121 375 1180 άνήρ
386 1122 445 1179 ἡμῖν,
460 1122 488 1175 τίς
497 1126 561 1179 ἔφην,
576 1124 611 1168 διά
621 1123 657 1175 τάς
668 1124 762 1176 τοιαύτας
776 1125 822 1181 περὶ
835 1123 898 1168 αύτοῦ

113 1192 184 1246 φήμας
195 1191 283 1246 ὑπάρχει,
313 1194 355 1235 Καὶ
366 1191 404 1248 γάρ
417 1194 452 1234 καί
461 1191 521 1234 τάλλα
533 1191 596 1234 αὐτοῦ
608 1195 653 1246 βίος
665 1192 747 1246 σεμνός,
767 1191 843 1248 τρόπος
852 1190 899 1247 σίγα-

113 1260 164 1307 θός·
179 1261 207 1308 εἰς
217 1258 282 1300 πάντα
291 1266 333 1308 τοῖς
344 1264 400 1308 λαοῖς
411 1258 539 1312 ε’πιπόθητος
549 1258 582 1300 διά
593 1258 629 1301 τόν
640 1261 685 1313 βίον
697 1259 762 1302 αύτοῦ
771 1256 827 1314 παρά
838 1263 899 1301 πᾶσιν

116 1326 290 1380 1ε’κθειαζόμενον.
322 1326 378 1376 Τινὲς
394 1327 415 1369 δὲ
432 1327 467 1369 καί
486 1328 533 1383 περί
548 1325 622 1370 τούτου
634 1325 672 1369 ούκ
688 1324 735 1370 οἶδα
748 1327 811 1383 λέγειν
824 1325 838 1382 ή
848 1329 900 1382 μίσει

114 1394 233 1453 φερόμενοι,
253 1392 267 1451 ή
284 1394 370 1456 φθόνῳ,
391 1392 405 1452 ή
420 1393 445 1440 τά
460 1395 555 1440 ίέαυτοῖν
571 1393 688 1455 μεγαλύνειν
703 1395 832 1455 βουλόμενοι,
854 1394 900 1441 τινά

114 1464 257 1525 ύφηγήσαντο,
278 1464 305 1519 οἷς
315 1466 347 1511 ότι
358 1465 394 1524 οὐχ
406 1468 472 1512 ἕνεκεν
481 1465 604 1525 όρθοδοξίας
617 1466 629 1524 ή
640 1465 683 1512 κατ’
694 1466 757 1512 αὐτοῦ
765 1469 834 1526 γε’γονε
845 1470 899 1523 κίνη-

115 1552 157 1589 σις,
179 1533 305 1589 αλλ’ίνεκεν,
329 1539 407 1591 3φασί,
427 1542 540 1581 κανονικοῖν
554 1537 688 1594 πραγμάτων,
706 1536 902 1592 καίτήςάναμίσον

116 1604 180 1649 αύτοῦ
189 1606 224 1648 καί
234 1610 272 1648 τοῦ
282 1604 346 1648 αύτοῦ
358 1608 456 1662 ἱερατείαν
467 1608 585 1662 ἒρεσχελίας,
599 1607 634 1649 καὶ
647 1606 678 1649 ότι
688 1604 745 1656 τινάς
755 1607 847 1658 ἐδέξατο,
865 1605 903 1656 οὓς

117 1674 178 1715 πάλαι
194 1672 303 1728 άπεβάλετο
319 1674 354 1715 καί
371 1672 518 1727 άνεθεμάτισεν.
547 1670 596 1714 Ἀλλ’
612 1673 637 1715 ού
648 1672 703 1715 πάνυ
713 1677 776 1715 ταῦτα
788 1672 840 1715 κατά
853 1677 903 1715 νοῦν

118 1740 229 1794 ἐθήκαμεν,
251 1738 284 1781 διά
300 1739 323 1781 ιδ
339 1738 422 1794 μάλιστα
438 1739 542 1796 ἒςύστερον
556 1741 578 1782 ἐν
594 1744 618 1799 τῇ
635 1738 678 1782 κατ’
689 1737 751 1783 αύιδν
765 1739 844 1798 συνόδῳ
855 1737 902 1794 ὅση·
957 1779 958 1782 ,

117 1809 174 1864 με’ραι
192 1807 330 1865 διορθούμενα
348 1808 383 1851 καὶ
396 1807 544 1866 όμολογούμενα
554 1808 575 1851 ἐν
586 1811 610 1868 τῇ
622 1809 696 1862 πίστει,
712 1805 740 1859 τίς
753 1806 795 1853 άνω
807 1825 843 1866 μοι
854 1825 903 1867 προ-

118 1877 232 1935 δεδήλωται.
266 1882 305 1922 Δεῖ
319 1876 358 1938 γάρ
375 1877 427 1924 κατά
445 1877 468 1924 τό
485 1879 546 1938 μέρος
563 1882 623 1923 τοῦτο
641 1876 748 1936 όληθεύειν
765 1879 804 1937 ὅση
818 1878 904 1937 δύναμις

118 1949 169 1995 κατά
185 1948 208 1993 τό
225 1947 309 2000 άσθενὲς
327 1947 349 1993 τό
365 1947 461 2007 ήμὲτερον
479 1951 501 1994 ἐν
517 1955 574 1993 πάσι.
605 1950 672 2000 Θέλεις
688 1949 738 2008 γάρ,
760 1955 852 2007 παρῆλθε
869 1949 904 1994 ιδν

119 2018 184 2076 άνδρα
199 2020 221 2062 ἒν
233 2024 261 2076 τῷ
275 2020 352 2077 4ρὀίζφ
364 2024 400 2074 τῆς
410 2024 451 2062 τῶν
462 2017 527 2076 λόγων
542 2017 663 2075 ἐξηγήσεως,
683 2016 721 2062 ούκ
733 2021 770 2074 ἔχω
783 2020 854 2076 λέγειν’
869 2020 904 2062 θέ-

118 2093 165 2139 λεις,
177 2086 228 2130 κατά
238 2085 332 2140 άφὲλειαν
343 2084 377 2129 άπ’
388 2086 453 2130 αύτού
463 2085 542 2143 όλόγος
554 2086 657 2143 παρήχθη,
673 2091 716 2145 θεῷ
728 2089 829 2144 ἔγνωσται.
846 2085 905 2141 Πλήν

119 2157 140 2198 ἓν
155 2157 185 2197 ἓνλ
197 2156 251 2209 με’ρει
263 2153 381 2206 ε’πιλήψιμοι
393 2153 431 2196 δύο
446 2153 461 2208 ἢ
471 2160 523 2209 τρεῖς
532 2154 588 2208 λόγοι
600 2156 621 2196 ἕν
632 2159 657 2211 τῇ
673 2152 739 2211 ὒαύτῇ
750 2154 841 2210 ἐξηγήσει
851 2153 904 2209 εύρί-

119 2236 211 2272 σκονται,
232 2222 253 2263 ἒν
264 2225 292 2277 τῷ
307 2219 359 2269 ὅλως
368 2222 415 2277 περὶ
424 2224 532 2275 κτίσματος
548 2221 611 2277 θπερὶ
622 2222 670 2263 υἱοῦ
684 2224 721 2263 τοῦ
734 2224 786 2264 θεοῦ
797 2219 905 2275 λαμβάνειν

120 2292 141 2334 ἐν
151 2294 176 2351 τή
188 2289 251 2333 αὐτοῦ
263 2287 351 2345 θεότητι,
367 2286 406 2333 κάν
415 2290 453 2342 ἕως
463 2288 570 2347 ὀνόματος,
584 2290 620 2335 καί
632 2290 670 2335 Τέυ
680 2293 708 2351 τῷ
720 2290 783 2335 εἰπεῖν
793 2287 830 2346 ότι,
844 2286 905 2350 Ὑπὲρ

121 2363 206 2417 σοφίαν,
220 2361 255 2405 καλ
271 2361 290 2404 εί
302 2378 321 2405 τι
335 2361 407 2419 ἕτερον.

180 2636 247 2691 Ὀλίγα
257 2637 278 2678 δὲ
287 2635 338 2690 πρός
348 2635 372 2678 τά
382 2634 416 2679 ὕπ’
426 2633 494 2677 αὐτῶν
505 2633 648 2689 ύποβληθὲντα
658 2637 801 2691 διηγησάμενοι
810 2637 846 2678 καί
857 2635 904 2678 ταύ-

121 2723 159 2759 την
173 2701 336 2759 παρελευσόμεθα
351 2702 387 2756 τήν
401 2701 508 2757 ύφήγησιν.
538 2704 612 2758 Λέγετε
624 2701 683 2757 ήμῖν,
698 2698 794 2755 άούτοι,
809 2705 829 2745 τί
839 2701 906 2747 ἐλύπει

122 2775 184 2831 λέγειν
193 2770 216 2816 τό
231 2769 363 2826 1όμοιοόσιον
375 2769 494 2827 όμοούσιονς
517 2775 596 2826 Σαφῶς
607 2769 656 2827 ήμῐν
667 2769 810 2830 ὁμολογήσων,
825 2773 859 2816 ἵνα
870 2773 906 2817 καί

147 2918 187 2952 cst.
199 2917 276 2952 XXXV.
288 2935 312 2942 -
340 2917 355 2950 1.
373 2914 504 2962 ἐκθειαζίμενος
549 2915 566 2951 3.
579 2914 624 2962 φησλ
637 2917 683 2950 coda,
695 2926 732 2950 mss.
745 2919 813 2958 νκνηαι.

124 2967 158 2998 τοιλ.
173 2966 239 3006 Βλιιίὶη.
549 2960 565 2996 4.
574 2961 620 3006 ρίζω
632 2966 696 3005 vterque
707 2963 754 2996 coda.
766 2971 802 2996 mss.

146 3013 162 3043 ’λ-
175 3008 234 3045 ‘amau
248 3012 306 3045 vitium
317 3012 340 3043 est
350 3010 374 3043 ed.
390 3012 446 3044 Ριιον.
496 3026 497 3029 =
550 3009 567 3043 5.
579 3011 652 3043 Ἑστίαιαν
664 3004 723 3044 αότοῦ,
