1988 3392
168 222 210 266 364
454 231 665 266 ειαοτιτεινιιιαιι

168 310 260 365 φθαρτοὶ
275 307 300 352 τοί
315 310 397 365 στόματα
415 311 459 360 θείς
474 307 539 365 ήμᾶς,
563 308 667 368 όφθαρτοι
683 310 705 353 δέ
719 309 753 353 διδ
768 309 804 366 τήν
819 312 951 369 ἒνοικήσασιιν

168 378 238 429 αὐτοῖς
247 383 299 423 θεοῦ
311 378 378 431 δόξαν.
408 380 450 422 Καὶ
466 377 512 422 σκιαί
524 379 560 434 μὲν
574 381 653 436 Πέτρου
665 378 741 430 ποίντας
753 379 801 431 τούς
813 384 950 438 προςφερομέ-

168 465 217 498 νους
227 449 308 504 ἔχοντας
317 446 422 499 οἰσθενείας
430 450 484 492 ἰᾶτο·
499 449 534 492 καί
544 447 643 506 σουδάρια
654 450 688 492 καί
697 452 810 505 σιμικίνθια
817 454 857 494 τῶν
866 453 950 506 ἱματίων

171 516 256 561 Παύλου
271 517 365 573 δυνόμεις
380 512 500 575 ἒργόζονται.

75 668 156 715 Κεφ,ιη’,
227 657 267 698 Καὶ
285 660 328 706 πῶς
343 650 399 699 οὗτοι
414 654 464 700 θεόν
475 659 677 714 πολυπραγμονοῦσιν
692 655 774 712 αίσχρύς
788 673 843 708 τινας
853 655 950 711 ύπονοίας

168 723 319 779 τεκταινόμενοι,
335 726 393 782 ιπερὶ
405 720 434 768 οἷν
444 723 528 779 ούδεμία
539 727 594 781 χρεία
605 725 717 781 γεγέννηται
728 724 810 769 ποίποτε
821 724 873 783 πρός
885 729 950 771 διαλο-

168 793 215 850 γήν,
235 791 260 837 ού
273 793 379 854 προφήτῃ,
400 792 584 854 οἰκεύαγγελιστή,
604 792 770 853 ούκίιποστόλμ,
792 792 817 838 ού
829 802 963 853 συγγραφεῖ,-

161 862 214 905 ’Όσα
229 861 267 919 γοίρ
280 867 361 905 τοιαῦτα
377 865 433 906 οὑτοι
448 864 538 920 λέγουσι,
558 860 597 906 κίίν
611 864 671 919 μυρία
687 863 778 905 ἐπέκεινα
792 861 869 907 τούτων
883 870 951 916 κακῶς

167 929 317 985 ύπονοήσωσιν,
338 930 375 974 ούκ
393 930 528 987 οἰνατρέψουσι
542 931 579 988 τήν
595 929 695 988 πατρικήν
710 929 768 986 ήμῶν
783 933 859 985 πίστιν,
878 931 916 988 τήν
925 939 950 994 τῇ

168 997 255 1060 οἷληθείμ
269 998 358 1057 Χριστόν
371 1002 547 1058 καταγγέλλουσαν.
576 998 687 1058 Ἐγεννήθη
703 999 740 1057 γόρ
754 1000 841 1057 Χριστός
856 1003 876 1045 ἐν
891 1005 950 1060 σαρκί

168 1067 219 1112 κατα
236 1068 332 1124 ύλιήθειαν
346 1068 387 1112 ύπδ
401 1072 485 1125 Μαρίας
499 1075 535 1125 τῆς
553 1069 690 1126 ἆειπαρθένου
709 1067 743 1112 διαί
759 1067 870 1124 πνεύματος
885 1068 949 1128 ύγίου,

170 1140 205 1181 καὶ
215 1137 279 1188 εύθύς
290 1136 331 1181 αἰπό
340 1137 430 1192 κυήσεως
441 1137 569 1194 Ἐμμανουήλ
579 1143 675 1193 καλεῖται,
695 1137 708 1181 δ’
718 1139 758 1182 ἐστι
770 1137 819 1188 θεός
830 1137 875 1194 μεθ’
886 1137 949 1195 ήμῶν.

172 1206 243 1250 Ούκέτι
255 1206 348 1264 δεύτερον
356 1211 453 1264 γεννᾶται.
484 1209 524 1250 Καὶ
540 1206 617 1263 οἰπέδρα
628 1209 655 1257 εἰς
669 1204 706 1261 τήν
715 1209 821 1263 Αἴγυπτον
834 1206 857 1251 τό
868 1212 951 1253 παιδίον

169 1275 217 1330 μετιί
225 1275 301 1332 Ἰωσήφ
311 1277 345 1319 καὶ
357 1278 451 1333 Μαρίας,
467 1274 535 1330 ἐπειδή
547 1274 628 1330 ἐζήτουν
636 1273 672 1329 τήν
684 1273 752 1330 ψυχήν
763 1280 799 1318 τοῦ
809 1278 901 1330 παιδίου,
923 1275 951 1329 νίς

169 1346 283 1399 δυναμένου
292 1343 354 1387 αύτοῦ
365 1345 385 1387 ἐν
394 1345 454 1401 σαρκί
465 1345 626 1399 ἀποκτανθῆναι.
644 1342 701 1386 Ἀλλοί
709 1344 851 1400 προςεκννήθη
862 1344 902 1389 ύπό
910 1351 951 1390 τῶν

169 1412 250 1469 Μαίγων
261 1411 289 1464 οίς
299 1411 349 1464 θεός
359 1413 466 1468 ἀληθινός,
481 1415 502 1457 ἐν
513 1413 572 1469 σαρκὶ
581 1414 697 1469 γεννηθείς,
711 1413 746 1455 καὶ
757 1410 782 1456 ού
792 1412 878 1469 δοκήσει.
909 1417 950 1459 Καὶ

169 1479 260 1525 οίνελθαίν
275 1480 315 1525 αἶπό
327 1481 434 1539 Αἰγύπτου
447 1481 498 1525 κατιί
513 1481 579 1536 φόβον
588 1486 624 1525 τοῦ
637 1479 713 1535 Ἰωσήφ
725 1481 763 1524 ούκ
776 1483 868 1536 είςήλθεν
879 1484 907 1533 εἰς
917 1482 950 1526 Ἱε-

169 1549 284 1606 ρυνσαλήμ,
304 1548 330 1593 δι’
344 1549 457 1605 Ἀρχέλαον,
473 1547 500 1600 τίς
509 1551 622 1605 δυναμένου
633 1555 670 1592 τοῦ
682 1552 765 1593 παιδίου
777 1555 903 1607 κρατηθῆναι
915 1555 951 1595 καί

168 1618 208 1676 πρό
225 1623 262 1662 τοῦ
275 1623 347 1674 καιροῦ
363 1620 384 1661 ἐν
398 1619 457 1674 σαρκί
469 1624 545 1661 παθεῖν
559 1617 609 1675 ὅπερ
620 1619 685 1672 ἔμελλε
697 1616 785 1673 πύσχειν.
810 1617 870 1661 Ἀλλυί
881 1622 950 1663 διεκω-

168 1686 222 1741 λύθη
233 1685 274 1729 ύπδ
289 1684 393 1739 Ἷωόννου,
410 1685 541 1743 ἐπιγνωσθεὶς
557 1683 598 1729 ύπδ
615 1690 652 1729 τού
663 1685 737 1730 δούλου
752 1685 849 1742 δεσπότης
859 1686 891 1730 ότι
900 1687 950 1739 θεός

169 1750 196 1809 ήν
207 1754 365 1812 ἐνανθρωττήσας
381 1757 403 1798 ἐν
414 1755 505 1812 ἀληθεία.
537 1752 567 1797 Ου’
578 1755 694 1805 κατεδέξατο
708 1754 730 1798 δέ
739 1754 776 1809 τήν
787 1760 824 1798 τοῦ
838 1757 891 1799 ἰδίου
902 1755 950 1800 δού-

169 1828 204 1865 λου
222 1824 243 1865 ἐν
255 1828 279 1882 τῃ
292 1822 375 1881 τοιαύτῃ
393 1822 491 1866 ύποθέσει
500 1821 569 1877 τιμήν,
588 1824 622 1864 ‘iva
633 1820 728 1882 πληρώση
743 1827 811 1866 πᾶσαν
822 1823 951 1879 δικαιοσύνην

169 1893 191 1933 ἐν
201 1892 272 1948 σαρκὶ,
294 1893 315 1934 ἐν
326 1890 411 1949 αἰληθείρι
421 1892 456 1934 καί
467 1893 529 1948 τελεία
543 1889 704 1944 ἐνανθρωπήσει,
724 1889 759 1934 τόν
771 1889 904 1949 ύπογραμμόν
914 1898 951 1947 τῆς

168 1963 267 2015 σωτηρίας
276 1957 325 2014 ήμῐν
335 1958 486 2014 ύπολιμποίνων.
515 1956 572 2000 Ἀλλνί
583 1959 618 2001 καί
634 1959 733 2012 κέκμηκεν
749 1956 806 2002 2α’πδ
821 1965 857 2016 τής
868 1959 950 2005 ὁδοιπο-

168 2031 213 2084 ρίας
228 2030 249 2071 ἐν
263 2027 360 2086 αἰληθείγι,
375 2029 410 2071 καί
423 2027 459 2082 ούχ
470 2025 539 2077 υίπλῶς
549 2029 631 2081 ἐκαμεν,
647 2025 695 2069 ἄλλοί
705 2028 739 2069 καί
751 2029 862 2083 έκαθέσθη.
891 2030 951 2074 Διότι

75 2120 110 2149 pag.
117 2112 158 2142 ινιτ,
172 2096 300 2151 3αἷληθιναῖς,
316 2094 344 2146 νίς
355 2094 522 2152 ἐνηνθραίπησεν,
538 2094 587 2150 ἐβόα
595 2096 664 2151 λέγων,
680 2100 742 2137 Δεῦτε
752 2095 824 2146 πάντες
833 2099 855 2140 οἰ
863 2103 950 2142 κοπιοίν-

169 2182 200 2215 τες
217 2167 250 2208 καί
264 2166 430 2221 πεφορτισμένοι,
450 2163 505 2221 κᾶγοί
517 2161 628 2206 οἰναπαύσω
643 2161 705 2217 ὑμᾶς’
725 2166 758 2207 ἵνα
773 2167 826 2225 δείξῃ
839 2165 876 2220 τήν
888 2165 951 2210 αύτού

169 2233 256 2288 θεότητα
273 2233 345 2288 ἱκανήν
362 2229 426 2276 οὖσαν
441 2232 506 2275 πάντα
521 2231 545 2273 ταί
555 2231 624 2286 πλήθη
638 2237 674 2273 τοῦ
688 2230 765 2286 κόσμον
780 2232 805 2274 ταί
821 2233 873 2291 πρός
888 2233 951 2278 αὐτόν

170 2300 308 2356 ἐφικνούμενα
326 2302 447 2344 ἀναπαῦσαι,
479 2299 539 2342 Ἀλλδ
555 2301 590 2343 καί
606 2299 716 2355 ἐπειρόσθη
732 2298 772 2342 ύιιό
793 2306 829 2344 τοῦ
844 2302 949 2358 διαβόλου,

110 2424 113 2428 ,
170 2373 205 2412 καί
217 2372 279 2424 ἔμεινε
290 2368 437 2427 τεσσαράκοντα
448 2367 523 2425 ήμέρας
533 2369 582 2424 μήτε
592 2361 678 2421 ἐσθίων,
694 2368 742 2424 μήτε
756 2371 831 2422 πίνων,
851 2372 885 2413 ’ίνα
896 2373 950 2432 δείξῃ

170 2437 192 2482 τό
204 2437 292 2490 α’νενδεές
304 2444 340 2494 τής
351 2436 414 2482 αύτοῦ
424 2437 526 2493 θεότητος.
558 2436 588 2479 Οὐ
606 2435 643 2494 γύρ
655 2442 730 2481 πεινῶν
741 2436 858 2493 ὑπέμεινεν,
879 2437 907 2490 οἷς
917 2457 951 2494 φι-

169 2512 282 2561 λοσοφικῶς
291 2506 339 2551 καθ’
347 2506 400 2564 ήμᾶς
410 2505 582 2564 ἐγκρατευόμενος,
595 2506 630 2548 καί
638 2503 700 2559 αύτόν
709 2505 774 2563 ι’ίγχων
781 2508 815 2550 καί
825 2506 950 2562 βιαζόμενος,

170 2575 219 2619 αἰλλοί
231 2576 377 2634 οίνυστερήτως,
398 2575 431 2620 διαί
446 2575 483 2631 τήν
494 2572 593 2628 ιίληθινήν
607 2572 670 2617 αύτοῦ
685 2575 776 2631 θεότητα.
807 2575 950 2635 Καίίίστερον,

170 2646 220 2701 φησί
231 2643 245 2701 ή
255 2646 330 2702 γραφή,
346 2648 451 2689 ἐπείνασεν.
475 2643 520 2686 Ἵνα
529 2645 582 2703 δείξῃ
593 2643 630 2698 τήν
641 2642 741 2700 οίληθινήν
750 2645 905 2703 ἒνανθραίπησιν
916 2652 951 2703 της

170 2715 276 2770 θεότητος,
298 2716 414 2771 ἐνδιδούσης
426 2719 451 2775 τῇ
467 2713 556 2772 ἐνσόρκιμ
567 2716 667 2772 παρουσίᾳ
684 2719 724 2757 τῶν
735 2713 822 2770 εὐλόγων
833 2720 905 2772 χρειῶν
916 2717 951 2760 καί

169 2784 273 2840 ἀληθινῶν
290 2785 384 2839 μετέχειν,
407 2786 441 2827 ἵνα
458 2783 486 2838 μή
506 2780 529 2825 τό
549 2780 646 2837 ἆληθινδν
662 2787 698 2839 τῆς
715 2783 840 2834 ἀκολουθίας
857 2784 949 2845 ἀφανίσῃ

193 2890 210 2926 6.
222 2889 247 2930 οἷς
262 2888 316 2935 ἡμεῖς
331 2891 395 2922 coniecit
406 2891 487 2922 Ριίανίυο.
511 2890 549 2920 Cor·
594 2887 610 2922 3.
623 2884 714 2930 ἀληθινῶς,
727 2884 752 2927 αἱς
760 2886 896 2933 ἐνηνθροίτησεν,
909 2887 951 2936 ἐβέα

169 2940 275 2970 κτείνοντας
285 2938 330 2968 vertit
344 2935 460 2980 corruptibiles
473 2933 549 2978 corpori·
572 2934 591 2966 de
606 2936 695 2967 coniectura
711 2943 747 2966 mea
760 2936 833 2976 reposui;
850 2937 952 2969 librihabent

170 2982 201 3015 bus
213 2983 269 3026 quoad
279 2992 315 3014 nos.
572 2975 658 3023 ἀληθινῶς
673 2977 814 3022 ἐνηνὶοριόιτησεν,
833 2978 880 3026 ἐβόα.
903 2984 951 3015 Peta-

194 3028 233 3062 (λιν.
244 3029 308 3061 XVHI.
322 3045 341 3051 -
366 3026 380 3059 λ.
392 3025 420 3062 ἐπὶ
428 3028 485 3060 vitium
493 3029 515 3060 ιιλ
524 3027 549 3059 εδ.
572 3028 608 3058 νινε
614 3027 678 3066 putavit
686 3022 773 3069 ἁληῒεινῶς
781 3023 911 3071 ἐνηνδρώπησεν
921 3025 951 3062 καὶ

170 3075 226 3110 Ριίαυ.
238 3076 291 3107 Coton.
302 3076 350 3114 repes.
573 3069 616 3114 ἐβίω.
634 3073 719 3104 Carnarius
728 3073 775 3104 ντνίίί
784 3082 805 3104 το
814 3072 860 3115 quod
871 3083 911 3106 vere
919 3073 950 3106 ho·

193 3119 210 3155 2.
222 3116 254 3156 ὑπὸ
277 3121 312 3154 ωδ.
323 3119 389 3162 Βλιδῐρ.
573 3127 601 3150 1110
613 3116 668 3150 factus
680 3123 716 3150 erat
727 3122 745 3150 et
757 3116 839 3153 clamabat
849 3117 912 3154 dicens.
