1988 3392
137 218 180 260 390
427 226 510 260 σταται
522 226 638 260 ωειΡΗΛυιτ

140 302 234 359 Χριστόν.
272 303 300 346 Τό
320 305 342 347 δέ
355 304 481 352 Ἀπέστειλας
497 300 579 345 όίνωθεν
595 305 640 357 ἕχον
654 302 691 357 τήν
705 305 805 359 θεωρίαν,
827 302 867 346 ἀλλ’
886 304 925 347 οὐκ

138 368 195 420 ἐκτός
210 368 234 412 δν
248 374 290 413 τῶν
307 369 347 413 όπό
366 371 448 426 Πέτρου
463 372 572 426 εἰρημένων
588 369 631 422 ότι,
650 369 731 425 Ἰησοῦν
747 368 782 413 τόν
797 374 924 426 Ναζωραῖον,

138 437 204 495 δένδρα
216 438 384 496 ἀποδεδειγμένον
394 440 422 489 είς
431 437 484 494 όμιῖς
494 439 562 496 τέρασι
573 440 608 482 καὶ
619 440 715 494 σημείοις,
730 436 754 482 δν
764 439 840 495 έχρισεν
853 435 865 482 ό
875 437 926 491 θεός

141 506 241 565 πνεύματι
256 506 314 569 όγίγι·
330 508 364 552 καὶ
379 506 404 552 τό
418 507 498 561 τούτοις
512 507 580 566 όμοια.

48 584 134 630 Κιμληῖ
198 577 251 622 Εἶτα
266 580 287 622 δέ
303 578 363 622 πόλιν
381 581 403 622 οί
416 580 535 636 γλυκότατοι
550 576 608 634 ἡμῶν
624 576 718 633 ἇδελφοὶ,
739 577 859 635 βουλόμενοι
875 580 927 623 κατίι

141 647 207 692 πάντα
224 651 351 703 φιλονείκους
364 645 414 702 ἡμῖν
430 650 527 705 είςῳέρειν
541 651 640 699 διανοίας,
661 649 696 690 καὶ
711 646 748 703 τὴν
762 648 828 691 αὐτοῦ
838 647 927 704 θεότητα

46 723 129 759 vag-1⁰²⁶·
142 723 271 760 πεπονθυῖαν
283 716 321 758 οὐκ
332 714 447 770 ότολμητως
455 714 599 772 κηρύττουσιν,
615 717 637 758 ἐκ
646 721 683 758 τοῦ
694 718 756 771 ῥητοῦ
764 719 800 758 τοῦ
813 716 927 771 εἰρημένον,

144 786 171 826 Εἰ
185 783 222 840 γαρ
237 786 336 838 ἔγνωσαν,
358 781 396 826 οόκ
412 782 436 825 όν
451 782 487 825 τόν
496 781 568 839 κόριον
583 788 621 837 τῆς
632 781 693 836 δόξης
705 782 838 837 ἐσταύρωσαν.
872 783 928 832 Τινὲς

141 852 211 894 δέττῑυ
225 851 290 893 αὐτοῦ
301 852 379 893 παίδων
390 848 418 905 μὴ
428 855 523 901 νοοῦντες
532 855 592 894 τοῦτο
598 884 604 903 ,
626 848 732 905 τόςοίμαι,
752 848 800 904 μετό
812 854 853 892 τῶν
864 848 928 893 ι’ίλλων

141 917 298 977 προβαλλόμενοι
314 917 420 975 βούλονται
435 920 593 975 έπισοφίζεσθαι.
623 918 724 976 Θαυμόζω
737 917 775 978 γόρ
789 921 808 964 εί
820 916 881 972 αότός
893 918 928 964 οίι-

141 1008 180 1042 τως
191 987 270 1044 ωόσκει.
303 989 334 1033 Οό
351 988 470 1046 θαυμαστόν
486 988 524 1048 γόρ
540 988 575 1034 {dv
588 992 635 1051 είπη
648 989 662 1047 ἡ
673 993 720 1035 θεία
731 989 798 1049 γραφὴ
809 989 845 1034 τόν
857 990 929 1048 κόριον

142 1065 178 1114 τῆς
187 1061 247 1115 δόξης
259 1062 404 1117 ἐσταυρῶσθαι.
435 1061 477 1103 Καὶ
488 1059 526 1116 γδρ
537 1061 572 1103 καὶ
583 1059 654 1116 κόριον
671 1060 731 1115 δόξης
743 1058 879 1117 ὁμολογοῦμεν
893 1061 928 1102 καί

143 1127 208 1184 αὐτὴν
226 1128 263 1184 την
279 1131 377 1185 ένσαρκον
391 1131 515 1185 παρουσίαν·
538 1127 563 1171 οίι
574 1127 612 1185 γοδρ
625 1128 718 1188 διῄρηται
731 1127 774 1172 αἰπό
784 1134 820 1184 τῆς
832 1127 930 1182 θεότητος

142 1196 157 1251 ἡ
174 1199 271 1252 ένσαρκος
287 1201 399 1251 παρυυσία’
420 1202 457 1250 τῆς
474 1196 559 1249 ἑκάστης
575 1195 694 1245 όποθέσεως
709 1195 796 1252 εὐλόγως
811 1197 929 1250 νοουμένης,

143 1266 178 1306 καὶ
191 1265 223 1306 ἒπί
235 1263 257 1306 τό
271 1263 320 1305 αὐτό
331 1269 367 1317 τῆς
377 1262 444 1317 πόσης
458 1266 592 1319 πραγματείας
604 1266 632 1313 εἰς
643 1266 691 1316 μίαν
705 1265 823 1316 οἰκονομίαν
835 1264 871 1305 καὶ
882 1266 930 1316 μίαν

143 1329 255 1384 τελειότητα
271 1329 321 1385 ἡμῖν
337 1331 483 1384 συνηυωμένης.
514 1328 615 1385 Παθητός
630 1328 668 1387 γαρ
685 1328 734 1385 ἡμῖν
748 1329 864 1387 κηρύττεται
881 1335 930 1387 Χρι·

144 1397 190 1449 στός
201 1400 235 1442 καὶ
249 1397 372 1452 πιστεύεται,
391 1396 475 1442 οὔποθ’
491 1397 564 1443 ἑαυτόν
576 1397 663 1454 παθτδν,
683 1397 731 1444 οόδὲ
742 1397 773 1444 ὅτι
784 1397 842 1452 όίλλος
855 1398 931 1445 έστίνό

144 1468 255 1523 πεπονθός
271 1471 305 1514 καὶ
323 1467 381 1521 όλλος
398 1467 502 1528 όκόριος,
523 1468 571 1515 οὐδὲ
586 1469 617 1514 ότι
629 1468 643 1526 ἡ
656 1470 730 1526 θεότης
746 1471 861 1525 πέπονθεν,
882 1470 931 1516 omo}

145 1541 238 1584 πέπονθε
249 1541 285 1595 μὲν
297 1538 309 1583 δ
320 1538 390 1596 κύριος
401 1537 459 1594 ημῶν
468 1539 546 1594 Ἰησοῦς
556 1538 655 1597 Χριστός,
676 1544 713 1595 τῆς
724 1539 821 1595 θεότητος
831 1541 931 1598 αἰτρέπτου

145 1608 245 1664 μευοόσης
257 1610 322 1651 τεκαὶ
334 1606 441 1660 οἶπαθοῢς,
464 1607 579 1663 πασχοόσης
594 1609 616 1651 δέ
626 1610 648 1651 ἒν
659 1614 684 1667 τῇ
700 1610 770 1665 σαρκὶ,
792 1611 827 1652 καὶ
836 1607 932 1660 ἀπαθοῦς

146 1676 249 1731 μενούσης.
280 1678 309 1718 Εἰ
319 1675 356 1732 γόρ
367 1676 459 1718 αἰπέθανε
473 1675 560 1733 Χριστός
574 1674 625 1732 όπέρ
641 1674 710 1731 ἡμῶν,
730 1678 764 1718 καί
779 1674 843 1727 όνιως
854 1674 932 1720 ἀπέθα-

145 1761 188 1796 νεν,
209 1742 355 1798 οὕχῆθεότης
369 1741 483 1795 όπέθανεν,
505 1743 554 1786 ἄλλα
566 1742 673 1786 οἶπέθανεν·
686 1745 789 1799 ένσαριιί,
809 1743 861 1786 κατό
871 1743 893 1786 τό
905 1746 930 1785 εἰ·

146 1812 241 1866 ρημένον,
263 1811 393 1859 Θανατωθεὶς
410 1812 479 1865 σαρκὶ,
500 1812 633 1864 ζωοποιηθεὶς
648 1811 707 1869 δέτῷ
718 1810 827 1864 πυεόματι,
847 1809 932 1853 καὶπολ-

145 1883 186 1929 λιν,
205 1882 296 1935 Χριστοῦ
308 1877 411 1928 παθόντος
425 1876 475 1934 όπδρ
489 1876 548 1934 ἡμῶν
560 1881 625 1935 σαρκί.
657 1881 782 1934 Θαυμασιῶς
792 1876 841 1935 ἡμῖν
854 1877 930 1935 οδμολό·

145 1966 204 2007 γηται
217 1946 328 2001 πεπονθτδς
338 1950 359 1993 έν
370 1946 455 2008 όληθείμ
465 1950 499 1993 καὶ
510 1947 594 2005 ίιπαθης
605 1949 626 1993 έν
636 1947 733 2010 ίιληθείμ,
748 1954 784 2006 τῆς
796 1951 894 2007 θεότητος
903 1950 931 2008 μη

145 2018 264 2075 παθοόσης,
286 2019 320 2064 διό
338 2019 360 2064 τό
380 2020 477 2104 όίτρεπτον
493 2020 528 2063 καὶ
544 2018 626 2070 ἀπαθές
642 2021 677 2063 καὶ
694 2018 802 2075 όμοοόσιον
820 2038 848 2079 τρι
865 2025 931 2104 πμτρί.

146 2089 261 2144 Παθοόσης
273 2090 329 2131 δέ
304 2108 340 2144 της
351 2089 436 2175 σαργός,
458 2107 493 2131 και
508 2107 533 2132 ου
546 2092 673 2144 μερισθείσης
685 2106 721 2143 της
732 2089 856 2142 θεότητος’
844 2088 886 2132 αιτό
896 2108 931 2145 της

145 2157 244 2214 ε’νσόρκου
259 2160 371 2214 παρουσίας
385 2160 406 2201 έν
418 2162 446 2215 τῷ
464 2156 534 2200 πόθει.
564 2161 634 2211 Συνην
650 2155 688 2241 γμίρ
705 2158 739 2200 καὶ
757 2156 855 2212 ηθεότης
871 2147 931 2214 καλη

145 2225 313 2280 έναυθροίπησις,
331 2225 400 2268 1ότε’
391 2243 424 2267 επι
435 2243 464 2267 τω
464 2230 553 2282 σταυρῷ
563 2226 635 2279 έπασχε
647 2225 683 2278 μὲν
696 2224 783 2280 Χριστός
794 2227 864 2279 σαρκὶ,
879 2225 931 2268 ἄπα-

145 2293 186 2347 θης
197 2294 219 2335 δὲ
231 2295 295 2345 έμεινε
303 2291 395 2345 θεότητι·
416 2294 448 2333 ἵνα
459 2291 495 2345 την
508 2295 611 2334 δικαίωσιν
623 2293 692 2345 μηκέτι
705 2294 727 2333 έν
738 2292 798 2346 σαρκὶ
808 2291 872 2344 μόνον
883 2294 930 2346 ἔγω·

146 2376 192 2413 μεν,
209 2358 258 2401 ιἰλλό
267 2360 289 2401 έν
302 2364 326 2418 τῇ
338 2357 430 2412 θεότητι,
445 2360 479 2401 καὶ
493 2360 527 2401 ἵνα
540 2360 561 2401 ἐν
572 2362 597 2418 τῇ
607 2357 689 2413 θεότηιι
700 2359 734 2401 καὶ
745 2359 767 2403 ἒν
778 2362 802 2417 τῇ
817 2360 875 2414 σαρκί
888 2358 931 2403 κατ’

146 2426 224 2481 ἀμφοῖν
234 2425 283 2482 ἡμῖν
294 2431 381 2485 σωτηρία
391 2428 476 2485 γένηται.
508 2424 540 2471 Οιί
550 2425 588 2486 γδρ
599 2425 660 2483 ψιλός
671 2424 720 2484 ημῖν
732 2424 866 2486 όνθρωκοςό
881 2432 930 2488 Χρι-

146 2495 202 2551 στός,
219 2496 285 2542 2οἷδλό
296 2497 355 2557 λόγος
365 2498 511 2552 ἐνυπόστατος,
525 2500 633 2557 έυσαρκος,
648 2501 683 2544 καί
694 2499 744 2551 θεός
754 2497 867 2555 ἅνθρωπος
876 2518 931 2559 γεγο-

145 2568 187 2619 νοδς
198 2571 219 2612 ἐν
231 2569 327 2628 ἇληθείμ,
349 2568 407 2624 ἡμῶν
421 2569 449 2625 μὴ
466 2568 552 2624 ἐχόντων
567 2568 604 2624 τήν
616 2572 686 2613 ε’λττίδα
703 2568 733 2614 ἐπ’
747 2568 869 2627 όίνθρωπον,
890 2569 930 2614 ἄλλ’

147 2641 205 2698 ἒντῇ
216 2637 309 2693 θεότητι,
330 2639 364 2682 καὶ
377 2637 435 2694 ἡμῶν
451 2637 479 2693 μη
491 2636 576 2693 ἐχόντων
593 2637 642 2682 θεόν
660 2638 773 2694 πόσγοντα,
794 2637 835 2682 ἀλλ’
849 2639 930 2699 αἰπαθῇ,

170 2755 209 2787 (λιιι.
217 2754 334 2786 xxxm...
358 2751 390 2787 1.
385 2766 412 2789 οτι
421 2755 497 2788 mendum
506 2757 529 2787 ιιι
539 2755 563 2787 ιδ
575 2756 631 2788 Ριλαυ
645 2757 698 2789 σολοιι
709 2759 758 2798 repet.

168 2800 185 2834 2
198 2795 235 2834 ἀλλ’
247 2797 298 2842 λόγος
309 2801 334 2832 ιδ
346 2802 401 2833 Ριλαυ
