1988 3392
200 232 294 266 rnnanu
304 233 348 266 ure.
358 234 388 266 ru.
397 234 484 267 romu.
495 234 574 267 uaros.
586 232 630 265 aru.
642 231 740 266 cernon.
820 223 861 264 511

78 292 215 360 tractationem
229 327 252 355 ao
264 312 462 370 comprehensionem
473 313 610 370 imperfectam
622 326 707 354 necesse
718 310 757 354 erit
767 311 861 367 relinqui.

79 382 178 439 Scriptum
195 389 226 423 est
243 383 307 433 enim,
329 384 490 424 Adolescentclue
505 398 586 437 quarum
602 397 640 424 non
655 389 685 421 est
700 396 796 422 munieras.
830 380 861 421 Ad

78 465 125 511 quas
140 464 198 493 sacra
210 450 244 492 illa
261 451 361 507 pertinent
378 464 428 506 quae
442 452 462 493 in
476 452 546 508 oppido
558 451 593 496 Sai
605 459 625 495 et
635 449 725 503 Pelusii,
747 449 830 494 Bubasti
842 457 862 492 et

78 520 144 580 Abydi
154 527 263 576 geruntur,
280 534 317 562 nec
329 535 368 562 non
380 528 400 562 et
413 520 496 562 Antinoi
510 521 603 574 delubra,
625 535 669 563 cum
681 520 793 578 mysteriis,
811 535 861 577 quae

77 593 117 636 illic
128 590 242 655 obeuntum
263 585 316 641 'ltem
328 597 409 647 atquae
421 589 528 644 Pbarbeti,
545 598 579 633 aut
591 591 661 648 quibus
674 591 742 634 hircus
754 606 765 633 a
777 588 863 633 Mende-

78 662 113 705 siis
127 659 211 711 colitur,
232 666 254 701 et
269 674 320 716 quae
341 660 363 702 in
381 659 495 702 Busiritana
511 662 649 718 praefectura,
673 658 814 713 Sebennitica,
838 675 861 701 ac

78 728 215 785 Diospolitana
233 728 368 771 celebrantur.
400 727 441 772 Sed
457 737 477 771 et
489 729 561 772 alicubi
572 728 593 771 in
605 730 701 772 bonorem
717 729 780 782 Seth,
803 742 861 785 quem

79 799 223 856 Typhoneum,
240 804 317 853 putant,
334 799 391 840 asino
404 798 454 840 ritus
465 813 489 840 ae
499 798 623 841 ceremonias
635 806 739 854 peragunt.
770 797 812 840 Alii
825 796 862 839 Ti-

79 866 201 919 thramboni,
222 880 280 922 quam
297 866 454 923 interpretantur
464 866 568 920 Hecaten,
590 866 623 908 alii
635 864 730 923 Nepthy,
752 866 784 908 alii
796 865 862 908 Ther-

79 936 138 988 muti,
162 935 194 977 alii
212 933 260 977 lsidi
277 934 389 977 initiantur.
427 933 543 977 Cuiusmodi
560 935 636 976 infinita
657 935 695 978 alia
711 935 749 977 dici
770 943 860 992 possunt,

78 1016 128 1062 quae
137 1002 239 1061 speciatim
250 1011 270 1046 ut
281 1011 426 1046 recenseantur
435 1004 530 1060 temporis
540 1003 644 1059 plurimum
654 1004 775 1046 desiderent.
806 1002 862 1059 Quo—

78 1075 130 1116 circa
146 1074 258 1115 summatim
276 1073 308 1115 his
327 1072 395 1115 verbis
415 1073 505 1115 concludi
523 1079 588 1129 potest
603 1073 679 1114 oratio:
703 1075 863 1114 Adolesceatolce
875 1080 966 1117 cancer.

78 1157 158 1198 paurum
172 1157 211 1183 non
221 1150 252 1183 est
259 1156 356 1197 numerus.
389 1140 441 1184 Sunt
455 1141 509 1183 euim
522 1141 561 1183 alia
575 1155 634 1197 porro
650 1141 747 1198 mysteria
761 1141 863 1197 quamplu-

77 1212 139 1263 rima,
157 1218 177 1252 et
188 1218 287 1253 sectarum
300 1225 324 1252 ac
334 1210 461 1252 schismatum
472 1210 587 1261 architecti,
604 1210 660 1252 velut
670 1210 721 1266 apud
733 1207 806 1252 Persas
818 1208 862 1251 Ma-

78 1279 159 1335 gusaci,
182 1280 233 1336 apud
245 1278 358 1335 Aegyptios
374 1279 493 1335 prophetae,
516 1279 621 1335 adytorum
633 1285 654 1320 et
666 1292 769 1320 sacrorum
785 1279 864 1319 antisti·

79 1356 117 1390 tes.
149 1346 199 1389 ltem
215 1350 264 1404 apud
281 1344 404 1403 Babylonios
421 1346 454 1402 qui
472 1345 574 1389 Gazareni
593 1354 703 1398 vocamur,
725 1347 827 1402 sapientes
844 1354 864 1388 et

78 1416 221 1458 incantatores.
252 1413 331 1471 Quibus
348 1423 368 1456 et
380 1413 474 1457 ludorum
488 1413 554 1457 Evilei
570 1429 593 1455 ac
605 1413 741 1456 Bracbnranes
757 1415 861 1464 accedunt,

78 1490 98 1524 et
109 1482 233 1525 Graecorum
243 1482 386 1539 hierophantae
398 1490 419 1524 et
429 1483 511 1525 aeditui.
541 1482 587 1524 Nec
600 1497 640 1524 non
652 1484 735 1539 cynioae
746 1490 826 1533 sectae,
842 1489 863 1524 et

79 1552 162 1594 aliarum
177 1552 319 1607 propemodum
334 1550 455 1592 infinitarum
472 1558 565 1593 auctores
580 1550 700 1607 philosophi.

134 1619 194 1676 Apud
206 1617 281 1661 Persas
293 1619 354 1675 igitur
364 1617 482 1674 Magusaei‚
500 1626 520 1660 ut
530 1619 584 1671 dixi,
609 1633 654 1660 cnm
663 1618 716 1661 idola
728 1619 861 1671 detestentur,
871 1625 912 1671 cap.
918 1626 967 1660 XIII.

79 1688 147 1730 eadem
164 1695 229 1729 tamen
244 1687 277 1729 illa
294 1694 428 1739 venerantur,
450 1687 516 1742 ignem
532 1687 638 1739 videlicet,
664 1687 730 1729 lunam
748 1701 772 1728 ac
791 1688 861 1729 solem.

79 1755 120 1797 Alii
135 1763 239 1813 praeterea
255 1763 302 1797 sunt
321 1756 353 1810 qui
372 1756 392 1797 in
411 1754 497 1797 Graecia
513 1753 569 1811 Mysi
590 1763 611 1796 et
627 1755 674 1796 Abii
694 1762 804 1808 vocantur,
830 1756 863 1811 qui

79 1823 151 1880 equino
161 1824 212 1866 lacte
224 1823 327 1876 victitant,
351 1831 371 1865 et
385 1830 484 1881 agrestem
500 1831 559 1880 atque
575 1822 670 1865 incultam
685 1823 744 1880 plane
760 1824 863 1880 regionem

79 1892 174 1935 habitant.
205 1891 270 1947 Quam
286 1893 347 1935 multa
364 1892 388 1934 ab
401 1893 491 1934 humanis
501 1892 588 1947 ingeniis
600 1892 666 1947 colligi
682 1900 778 1948 possunt,
800 1894 825 1934 de
836 1893 862 1934 iis

79 1961 112 2017 qni
124 1961 173 2003 tanti
185 1976 209 2004 ac
220 1969 259 2003 tam
273 1961 397 2004 excellentes
413 1961 523 2014 habentur,
545 1968 613 2016 etqua
625 1961 649 2002 ad
661 1960 787 2003 laudabilium
798 1963 863 2002 adole-

78 2034 207 2073 scentularum
217 2045 280 2088 genus
292 2029 377 2074 adscribi
390 2030 475 2083 debent,
497 2044 578 2085 quaram
590 2045 629 2071 noc
640 2038 671 2071 est
680 2045 777 2072 numerus.
809 2028 862 2073 Nam

80 2100 129 2143 aliae
144 2101 311 2144 commendandae
329 2107 388 2154 suut,
410 2100 462 2143 aliae
475 2099 622 2157 vituperatione
638 2100 717 2155 dignae.
748 2099 802 2142 Nam
813 2115 863 2142 norr-

80 2170 128 2213 nulli
138 2171 265 2228 reperiuntur
274 2170 306 2227 qui
318 2184 344 2213 ex
353 2170 431 2228 privato
442 2170 523 2227 ingenio
532 2184 623 2213 severam
633 2170 730 2226 quandam
741 2170 794 2213 vitae
804 2169 863 2212 disci-

79 2239 152 2296 plinam
165 2256 189 2283 ac
202 2240 265 2297 legem
285 2239 413 2297 sibimetipsis
429 2239 572 2293 condiderunt,
594 2253 618 2282 ac
634 2239 743 2296 prolixiore
759 2255 816 2283 corna
828 2255 862 2297 pa-

79 2308 118 2351 lam
131 2310 182 2353 etin
195 2310 282 2352 omniurn
297 2310 360 2352 oculis
375 2311 493 2366 procedunt.
523 2309 564 2351 Alii
575 2323 625 2351 vero
638 2308 701 2351 sancti
716 2311 789 2352 fratres
801 2309 822 2352 in
835 2310 863 2352 ci-

80 2376 125 2420 licio
136 2386 156 2421 et
165 2379 233 2422 cinere
247 2379 299 2421 domi
316 2393 362 2421 sese
374 2379 488 2431 continent,
511 2378 545 2421 alii
561 2378 645 2434 denique
660 2379 769 2435 asperrimo
782 2379 864 2421 vivendi

80 2446 170 2490 instituto
188 2463 211 2504 ac
223 2448 334 2491 durissimis
352 2447 431 2490 ieiuniis
449 2455 469 2489 et
481 2448 582 2490 laboribus
595 2447 626 2489 dei
640 2461 710 2490 caussa
722 2449 821 2505 susceptis
832 2449 863 2490 iu-

80 2516 141 2558 venili
150 2518 233 2573 quadam
244 2517 359 2559 fortitudine
370 2524 390 2558 et
399 2518 488 2574 perlecta
502 2531 550 2574 erga
561 2530 656 2573 sponsum
666 2517 790 2559 conscientia
800 2518 864 2559 omni·

80 2582 117 2627 bus
130 2584 219 2628 numeris
230 2585 340 2628 absolutam
353 2586 414 2628 vitam
427 2587 549 2642 exprimunt.
580 2585 621 2626 Alii
634 2586 723 2638 demum,
740 2587 792 2641 quod
805 2586 863 2643 paulo

81 2660 126 2695 ante
138 2654 194 2708 dixi,
216 2669 256 2696 non
269 2654 360 2707 sineere,
383 2655 418 2696 sed
433 2654 566 2697 obstinatione
578 2654 662 2709 quadam
674 2653 745 2707 animi,
766 2655 863 2712 velutty-

80 2765 165 2790 sacrorum
184 2763 201 2790 et
217 2768 304 2800 magorum
323 2755 373 2789 duces
388 2760 463 2791 conuertit
507 2757 523 2791 2.
536 2757 585 2789 Vertit
592 2758 680 2790 Carnarius
688 2756 722 2789 Alii
731 2768 772 2790 vero
780 2765 819 2790 sunt
827 2769 864 2790 rur-

81 2801 174 2836 Cornurius.
483 2815 511 2836 sus
527 2802 544 2834 in
555 2801 626 2833 Graecia
640 2802 696 2844 Mysi,
711 2803 792 2846 appellati
805 2802 864 2835 abita

106 2846 132 2880 13.
151 2847 254 2893 Βραχμᾶνες
268 2843 357 2891 Ἑλλήνων
372 2849 461 2882 coniectura
484 2848 519 2881 vita
534 2846 617 2890 neglecta.
642 2848 666 2888 Cf.
683 2849 746 2880 Homer.
761 2850 780 2881 It.
792 2849 863 2888 xnus

80 2893 180 2926 estPetuuia'.
202 2896 234 2927 Nec
245 2903 264 2926 ao
275 2896 298 2927 cst
307 2895 422 2933 improbabilis.
483 2893 526 2927 etti.
549 2889 796 2938 Scribendnmfcrtussc''hsscct
810 2892 863 2936 γάλα-

105 2934 131 2970 14.
149 2939 271 2973 Rescribendcm
286 2940 358 2979 suspicor
373 2937 460 2983 νεωκόρον,
483 2938 511 2973 κτί
520 2948 539 2973 τε
547 2936 602 2971 ’ἵππων
612 2938 655 2979 aab,
668 2939 690 2971 ad
698 2939 864 2979 secernendoscIIp-

81 2980 111 3016 καὶ
121 2981 205 3019 Κυνικῶν.
228 2985 316 3017 conamus
324 2986 399 3017 amberta
408 2984 460 3018 Bare—
483 2986 505 3018 sis
517 2985 567 3017 Abios.

83 3036 116 3060 ma.
145 3029 195 3073 Apud
213 3029 287 3063 Graecos
303 3028 425 3073 hierophantae
444 3037 462 3063 et
506 3029 522 3064 3.
534 3027 565 3063 καὶ
574 3031 627 3061 omns.
636 3031 654 3062 in
662 3030 699 3062 edit.
709 3030 764 3062 Petne.
775 3030 829 3063 cctcn.
838 3039 863 3063 re-

81 3072 188 3107 sacerdotum
200 3074 300 3120 Cynicorum
311 3074 403 3108 multitudo
414 3079 447 3109 cell.
482 3079 514 3118 pet.

106 3117 145 3154 Gar.
154 3120 204 3170 IIIII.
215 3140 235 3147 -
260 3122 276 3155 I.
287 3122 362 3164 Suspicor
373 3119 398 3156 δὲ,
506 3120 523 3154 4.
534 3122 607 3155 Fortasse
617 3118 712 3165 νεανιότητί
722 3130 742 3155 τε
752 3120 775 3166 τῇ
787 3121 825 3155 κτλ.
