1988 3392
133 218 176 261 474
422 228 504 264 εευοτι
515 228 631 263 mmm

42 305 88 351 Κεφ·
102 304 122 348 ζ·
196 309 236 350 1Τί
251 306 273 349 δὲ
283 312 351 363 γεῐρου
366 308 400 350 καί
412 309 513 360 ἐναντίους
534 310 555 351 οί
565 308 601 363 μὲν
610 306 633 352 τό
644 307 719 365 γεύειον
734 306 771 363 νῦν
788 308 870 366 μορφήν
882 314 919 354 τοῦ

33 385 35 387 ’
136 375 210 431 ἀνδρός
225 373 371 431 ἀποτέμνουσι,
393 379 460 432 τρίχας
475 377 496 419 δὲ
508 382 544 432 τῆς
554 381 642 432 κεφαλῆς
653 376 749 428 πολλάκις
763 382 857 454 κομῦσι.ἶη
878 379 920 422 Καὶ

136 446 182 499 περί
195 445 230 500 μὲν
247 440 284 488 οῦν
298 449 335 488 τοῦ
350 448 427 501 γενείου
440 447 462 489 ἓν
472 442 517 497 ταῖς
528 445 652 498 62Λιοιτάξεσι
666 450 707 489 νῦν
718 444 835 490 ἀποστόλων
846 447 920 501 φάσκει

136 513 216 566 όθεῖος
232 512 291 570 λόγος
304 514 338 556 καί
351 532 364 569 η
358 511 503 567 διδασκαλία,
527 514 555 571 μὴ
570 517 673 571 φθείρειν,
694 515 785 598 τουτέστι
788 514 826 599 μή
843 516 920 587 τέμνειν

136 588 203 641 τρίχας
218 585 304 653 γενείου,
325 583 400 637 μηδὲ’
391 588 499 643 εταιρισμῷ
516 589 701 638 3ιιατακομεῐσθαι,
708 573 774 639 μητε
780 588 921 642 υπερηφανιας

136 642 250 710 ύπόδειγμόι
264 645 392 706 δικαιοσύνης
408 651 445 707 τήν
459 653 612 708 προςὲλευσιν”
601 670 656 708 εχειυ.
684 651 775 719 ’Ἑπρεπε
792 651 830 710 γάρ
850 658 921 706 Ναζω-

137 725 202 779 ραίοις
219 727 277 766 τοῦτο
294 721 358 777 μόνον
373 720 441 764 διά
420 739 455 765 τον
467 720 538 764 τόπου
570 721 632 781 Τῦπφ
643 720 681 779 γάρ
695 720 798 778 4ηγοῦντο
809 739 830 765 οι·
823 724 920 766 παλαιοί

136 795 173 833 τοῦ
185 792 288 845 μέλλοντος
298 792 391 842 ἔσεσθαι,
407 792 482 845 ἔχοντες
492 789 558 844 κόμην
570 791 603 833 ἐπὶ
616 767 652 845 ίῆς
661 796 750 846 κεφαλῆς
760 789 794 834 διά
805 791 845 845 την·
852 790 920 847 εῦχην,

136 861 174 910 ἕως
186 860 234 903 όταν
247 855 311 914 ἦλθεν
324 858 338 914 ἡ
352 857 399 914 εῦγη
411 858 447 901 τοῦ
460 858 538 914 κόσμου
550 859 584 901 καί
597 859 712 914 ἐτελειώθη,
735 858 811 915 κεφαλὴ
822 859 844 903 δὲ
855 860 920 914 πέφη-

135 945 169 971 νεν
180 926 192 971 ό
205 926 292 986 Χριστός
302 926 314 970 ό
324 926 433 984 μονογενὴς
448 926 494 978 νίδς
508 932 545 970 τοῦ
557 931 619 979 θεοῦ,
639 928 673 970 καὶ
685 928 779 984 ἐγνώσθη
789 932 818 987 τῷ
829 927 898 986 κόσμῳ
909 926 922 971 0‘

136 996 165 1041 σίν
177 997 209 1040 ἀεὶ
225 997 260 1040 καί
277 996 305 1052 μη
324 994 472 1052 γινωσκόμενος
488 994 544 1050 παρά
559 1000 584 1056 τῇ
601 994 656 1056 πάση
673 995 817 1054 ἀνθρωπότητι
831 994 921 1051 ἢμόνον

136 1068 197 1115 ἐνίοις
208 1071 250 1116 τοῖς
261 1067 290 1116 εἰς
304 1063 367 1108 αὐτόν
376 1064 537 1109 πεπιστευκόσιν·
552 1063 578 1108 ἵν’
590 1063 638 1108 ὅταν
647 1070 724 1122 γνῶμεν
733 1064 770 1120 τὴν
780 1065 877 1121 κεφαλὴν,
893 1067 922 1122 μὴ

44 1152 79 1181 μς.
88 1144 127 1174 mu.
137 1134 298 1189 καταισχύνωμεν
309 1132 346 1188 την
358 1132 453 1187 κεφαλήν.
486 1132 516 1177 Οῦ
530 1133 567 1190 γάρ
579 1134 646 1176 ἕνεκεν
656 1139 692 1188 τῆς
702 1135 755 1185 ίδίας
765 1138 854 1189 κεφαλῆς
863 1135 921 1190 λε’γει,

136 1202 177 1246 ἀλλ’
186 1201 227 1246 ἀπό
238 1207 273 1256 τῆς
285 1204 337 1251 ἰδίας
345 1203 373 1251 εἰς
386 1200 474 1258 Χριστόν
487 1201 592 1256 ἐνσκήπτει
602 1201 624 1245 τό
636 1207 672 1257 τῆς
682 1202 751 1258 χλεύης
761 1204 830 1260 ἔργον·
845 1198 859 1262 ᾗ
871 1216 922 1258 φησι

137 1269 149 1315 ό
161 1271 284 1322 ἀπόστολος,
306 1269 364 1325 Αῦτή
378 1268 391 1324 ἡ
403 1269 465 1323 φύσις
478 1269 503 1313 οὐ
521 1270 612 1313 διδάσκει
624 1268 677 1324 ἡμᾶς
688 1270 720 1314 ὅτι
731 1270 782 1325 ἀνὴρ
794 1272 829 1326 μὲν
841 1270 877 1315 ἐάν
888 1289 921 1315 κο-

137 1344 166 1400 μᾷ
176 1340 245 1393 ἀτιμία
256 1337 309 1397 αύτῷ
321 1340 372 1389 ἕσας
403 1337 461 1393 Αῦτη
477 1339 498 1381 δὲ
510 1337 524 1393 ἡ
535 1336 602 1393 ἀτιμία
613 1338 652 1382 οῦκ
666 1338 758 1394 ἐπαινετὴ
770 1338 798 1390 νίς
813 1342 877 1395 ε’κείνη
891 1340 922 1383 λε’-

139 1422 203 1465 γουσα
215 1406 257 1459 ότι,
272 1407 373 1462 Αἰσχύνης
385 1406 544 1462 καταφρονήσας.
576 1405 607 1449 Οιί
618 1407 655 1464 γάρ
668 1407 702 1451 δαί
713 1407 763 1451 θεόν
772 1406 787 1463 η
796 1407 867 1464 ἀρετὴ,
881 1406 922 1453 κάν

138 1494 158 1520 τε
169 1475 203 1520 διό
214 1475 265 1519 θεόν
278 1474 419 1531 ὑποληφθείη,
440 1475 488 1519 ἀλλά
499 1475 533 1518 διά
543 1479 666 1529 φιλονεικίαν
677 1473 689 1520 ό
699 1475 774 1532 τρόπος
784 1477 922 1533 παρελθόντος

137 1544 235 1588 τοῦκατά
250 1545 313 1599 νόμον
331 1544 408 1598 τύπου,
427 1546 462 1587 καὶ
477 1543 576 1598 ἐλθούσης
589 1549 625 1599 της
638 1543 741 1599 ἀληθείας.
770 1546 830 1602 Λέγει
840 1546 872 1599 δὲ,
893 1548 924 1590 Εί

137 1632 167 1664 τις
178 1617 235 1656 δοκεῖ
245 1613 359 1666 φιλόνεικος
370 1611 427 1665 εἶναι,
442 1611 500 1666 ἡμεῖς
509 1612 604 1667 τοιαύτην
613 1613 724 1668 συνήθειαν
733 1613 771 1656 ούκ
781 1615 850 1668 ἔχομεν
854 1647 860 1667 ,
875 1612 921 1658 οῦτε

139 1685 162 1725 αἱ
170 1683 270 1736 ἐκκλησίαι
282 1687 318 1724 τοῦ
331 1686 388 1724 θεοῦ.
420 1682 558 1738 Παρεξὲβαλεν
572 1675 610 1723 οῦν
621 1680 669 1732 τούς
677 1680 706 1724 ’τά
718 1687 801 1725 τοιαῦτα
817 1683 921 1739 ἐργαζομέ-

138 1768 188 1800 νους
196 1752 231 1792 καί
241 1755 359 1802 ποιοῦντας,
380 1751 401 1793 ἒν
413 1753 525 1807 φιλονεικίᾳ
538 1765 559 1791 τε
569 1747 639 1801 ὄντας,
658 1748 701 1793 ἀπό
711 1766 732 1793 τε
743 1754 779 1793 τοῦ
792 1755 871 1806 θεσμοῦ
881 1754 922 1794 νῦν

138 1817 266 1871 ἀποστόλων,
286 1820 320 1862 καί
336 1817 377 1862 ἀπό
390 1823 425 1872 τῆς
438 1823 473 1861 τοῦ
488 1822 540 1861 θεοῦ
552 1818 661 1872 ἐκκλησίας.
690 1815 747 1861 Ἀλλά
760 1822 823 1861 ταῦτα
835 1817 923 1876 ἠυαγκά-

138 1895 217 1971 σθημεν
227 1888 290 1944 λέγειν
300 1886 334 1930 διά
345 1885 383 1940 την
393 1885 496 1942 πρόφασιν
506 1890 547 1929 νῦν
555 1886 705 1970 προειρημένων
717 1890 877 1947 Μασσαλιανῦυ,
892 1887 923 1931 ότι

137 1975 172 2000 και
185 1956 243 1999 οῦτοι
260 1954 354 2010 λαβόντες
370 1957 448 1998 ἐκεῖθεν
466 1959 503 1998 τοῦ
513 1972 643 2009 φρονηματος
660 1954 696 2010 τήν
709 1945 779 2007 νόσον,
801 1945 922 2013 καλᾞὲκτρα-

138 2027 207 2074 πεντες
218 2042 255 2078 την
269 2023 373 2075 διόυοιαυ,
394 2022 534 2074 ξωκειλαυ
509 2040 534 2081 τη
547 2022 659 2083 ἀληθείᾳ.
653 2025 710 2066 εΚαι
721 2025 804 2078 κατεστη
815 2025 891 2080 αιρεσις
901 2025 923 2067 ἓν

94 2074 262 2147 Ξδεινότητι
251 2095 323 2149 ἀργίας
337 2092 371 2135 καί
386 2096 426 2135 τῶν
441 2088 506 2135 ἀλλων
520 2095 594 2134 κακῶν

51 2447 97 2493 Κεφ
107 2445 130 2512 3¹.
203 2435 290 2479 Ταῦτά’
281 2448 333 2479 εστιν
343 2433 358 2479 δί
369 2436 415 2492 περὶ
426 2434 503 2479 τούτων
511 2435 544 2477 καί
555 2431 622 2478 αῦτων
632 2433 755 2489 ἀκηκοαμεν,
770 2438 810 2478 τόν
820 2436 848 2486 εις
854 2434 925 2491 χλευηυ

113 2506 116 2549 ί
114 2511 167 2575 τῷ
177 2506 248 2564 κόσμῳ
260 2504 412 2555 καταστάντων,
427 2523 463 2547 και
455 2504 609 2570 συρφετοίδη
606 2508 656 2546 νοῦν
667 2505 702 2546 καὶ
714 2503 786 2561 λόγους
796 2504 925 2559 ἒξεμούντων,

140 2573 257 2618 ασυστατων
269 2572 320 2617 δε
308 2591 382 2627 οντων,
402 2591 437 2617 και
454 2560 586 2625 ἀνελπίστων,
607 2574 643 2616 καί
657 2590 693 2629 της
704 2590 740 2616 κου
754 2578 805 2617 θεον
817 2575 927 2631 οινοδομης

141 2644 311 2699 ἐξ.ωβεβηκότων
336 2643 401 2686 Ὅθεν
416 2643 507 2699 καὶπερὶ
522 2640 599 2686 τούτων
617 2640 673 2699 α’λίγα
686 2643 813 2698 διαλαβόντες
824 2638 886 2694 αῦθις
898 2646 927 2695 εἰς

140 2663 257 2771 ῦυατροπην
273 2711 340 2756 αῦτεῦν
350 2712 482 2770 ἐργασόμεθα.
513 2712 554 2754 Καὶ
564 2715 645 2768 πρῶτον
660 2711 697 2767 μὲν
708 2710 739 2754 ότι
754 2716 866 2768 1γυναῖκας
877 2712 927 2768 μετά

163 2854 204 2887 Gna
215 2854 252 2886 VH
265 2872 287 2878 -
312 2854 327 2886 1
344 2855 372 2886 Pe
372 2863 419 2886 συιαε
433 2853 523 2893 suspicatus
545 2850 562 2887 τί
573 2861 632 2885 rasura
648 2854 719 2886 duarum
734 2853 759 2885 vel
775 2854 824 2886 trium
838 2855 928 2888 litterarum

140 2905 163 2934 est
169 2896 334 2956 “Οδ“εγεῖρουνελ’
334 2894 473 2955 ’τΕιδὲχεῐρφι
486 2898 523 2930 Ma
546 2900 631 2961 ορυεμὶιυα
645 2902 678 2939 εει,
695 2902 710 2930 ιι
724 2901 773 2931 restat
788 2900 840 2932 αδλιιιι
854 2903 928 2933 accentus

141 2946 165 2991 gis
181 2945 256 2990 placeret
266 2940 368 2990 ’Ὄτιδὲγ
379 2957 396 2979 κ.
407 2943 490 2983 ἐναντίου,
508 2944 523 2978 οἱ
547 2939 574 2987 ί)
591 2946 664 2977 vocabuli
678 2946 725 2977 erasi
749 2945 800 2977 Verba
809 2944 826 2979 τί
841 2943 861 2980 δε
872 2949 927 2990 χεῖρον

141 2991 171 3037 μὲν
181 3004 202 3026 κε
203 2994 218 3026 λ.
242 2993 329 3025 Carnarius
343 2993 440 3032 εωίμλιινααι
450 2991 487 3022 libri
497 2999 523 3022 αιι
546 2993 582 3024 sunt
592 3000 603 3022 ιι
612 3000 662 3023 manu
673 2991 748 3032 εειναιλιι,
760 3001 801 3032 quae
809 2994 861 3025 λαιαια
872 2993 927 3025 eadem

141 3042 202 3072 secutus
219 3040 265 3071 ναιλλ
285 3037 330 3078 Quid
348 3048 388 3069 vero
405 3036 424 3069 fit
440 3035 487 3080 peius
505 3042 523 3068 et
546 3041 589 3078 arat,
600 3037 669 3069 adiecta.

141 3083 256 3119 contrarium?
281 3085 299 3118 In
314 3084 348 3119 cod
362 3084 427 3126 Βλαδίμ
441 3085 522 3116 ααίινυι
569 3083 584 3118 2.
603 3083 628 3125 ογ.
645 3084 697 3115 Grabe
712 3083 786 3125 δμιιιλις.
796 3084 815 3125 1,
824 3083 893 3127 μαμθθ
903 3092 928 3127 ες.
