1988 3392
186 242 280 276 ruuanu
292 242 470 277 muneremur.
488 244 570 277 nxros.
582 243 627 275 uro.
640 243 737 276 ceruos.
811 234 853 275 497

126 322 171 364 Hae
181 329 228 364 suut
237 321 298 377 igitur
306 319 393 363 LXXX
403 323 538 374 concubinae,
560 337 644 378 quarum
654 336 749 363 numerus
759 321 855 377 exprimi·
867 320 908 364 Gap.
919 320 950 352 Π(-

69 402 114 443 tur,
135 389 218 444 reginae
230 402 308 443 quoque
319 389 365 430 illae
375 388 430 442 ipsae
440 397 498 441 suut,
520 392 564 432 sive
577 391 668 440 animae,
685 403 736 444 quae
747 403 783 443 per
792 402 855 442 gene-

69 459 157 502 rationes
169 464 312 506 recensemur,
334 456 371 497 boe
382 464 413 497 est
424 456 461 498 viri
473 465 531 513 atque
543 458 677 513 patriarchae.
708 457 854 498 Adulescentu-

70 529 101 571 lae
112 539 183 584 porro,
205 538 287 582 quarum
298 523 344 566 iniri
356 528 450 567 numerus
463 540 502 568 uon
514 533 592 583 potest,
613 526 680 571 varias
692 525 854 584 philosophorum

70 605 147 649 sectas,
164 610 215 653 quae
226 594 246 638 in
258 593 351 638 muudum
359 596 485 640 introductae
496 604 553 651 sunt,
574 612 597 641 ac
608 598 689 641 diversa
699 597 855 653 uniuscuiusque

71 666 149 713 vivendi
160 666 252 708 instituta
260 666 382 722 significant,
399 682 482 723 quorum
493 668 551 709 laude
562 667 620 723 digna
632 668 671 710 alia
683 674 737 719 suut,
755 667 794 708 alia
804 666 856 708 ritu-

71 736 165 793 peranda.
196 733 272 788 Ecquis
283 735 336 776 enim
347 736 413 776 mundi
426 736 484 777 huius
499 736 616 778 varietatem
629 737 759 792 percenseat?
790 733 857 789 Quam

71 805 143 847 multae
154 803 205 860 apud
215 803 300 857 gentiles
310 803 361 845 aliae
372 810 439 845 sectae
450 810 495 859 post
506 804 680 847 manifestissimas
691 804 736 845 illas
748 804 772 845 de
785 802 856 858 quibus

71 873 148 929 egimus
164 878 248 926 quatuor
262 871 396 925 pullularunt?
425 870 539 926 Quinetiam
556 879 601 927 post
616 872 661 913 illas
676 872 772 913 haereses
787 885 811 911 ae
824 884 857 912 se·

71 947 155 996 quentes
170 938 244 980 diversi
261 938 361 980 hominum
378 939 439 980 animi
457 947 477 980 et
491 939 595 993 opiniones
610 940 694 980 iuvenili
707 940 791 993 quodam
805 939 858 979 fastu

72 1007 224 1062 arrogantisque
239 999 327 1062 privates
345 1014 411 1048 sectas
426 1020 462 1060 pro
480 1020 516 1048 sua
531 1006 603 1062 quique
619 1006 700 1048 libidine
717 1006 856 1048 condiderunt.

71 1074 145 1132 Utputa
158 1072 267 1131 Pyrrhonii
281 1074 359 1130 quidam
374 1073 509 1131 appellantur,
531 1075 604 1132 aliique
620 1075 732 1133 complures
746 1082 793 1117 snut
809 1089 858 1131 quo·

72 1160 115 1189 rum
130 1144 210 1187 nornine
226 1159 250 1187 ac
262 1144 343 1187 decreta
359 1144 474 1203 singillatim
491 1154 511 1188 et
523 1147 593 1189 ordine
606 1147 702 1189 referam.
733 1145 765 1188 Ao
776 1146 824 1188 lieet
834 1146 859 1188 de

73 1215 139 1259 multis
149 1215 245 1257 haetenus
255 1215 393 1270 cognoverim,
410 1222 470 1271 quota
483 1230 529 1271 pars
540 1223 608 1258 tamen
621 1231 689 1259 eorum
702 1223 741 1267 est,
754 1230 804 1272 quae
816 1222 859 1257 toto

74 1285 123 1327 orbe
136 1285 255 1327 versantur?
270 1282 304 1326 Ex
315 1283 341 1326 iis
353 1298 413 1340 porro
425 1285 486 1327 sectis
498 1284 601 1340 gentilium
612 1286 649 1326 hee
660 1285 753 1341 propriae
764 1285 858 1335 luerunt,

73 1354 126 1395 iuter
143 1366 192 1407 quas
207 1351 300 1393 Thaletis
314 1350 390 1394 Milesii
411 1351 524 1407 opinionem
545 1367 569 1394 ac
584 1355 655 1408 dogma
670 1354 737 1408 priore
752 1353 797 1393 loco
813 1367 860 1408 pro-

73 1434 153 1477 ponam.

132 1486 208 1529 Thales
218 1487 286 1542 itaque
293 1484 386 1528 Milesius
398 1501 450 1528 unus
460 1501 471 1528 e
483 1485 523 1528 Vll
533 1486 656 1542 sapientibus
666 1487 783 1543 principium
793 1500 860 1528 rerum

74 1555 160 1597 omnium
173 1569 245 1610 aquam
256 1568 301 1597 esse
314 1554 372 1596 dixit.
403 1553 457 1596 Nam
468 1569 495 1596 ex
507 1568 558 1611 aqua
568 1554 617 1596 oriri
628 1554 706 1607 omnia,
728 1555 779 1597 etin
790 1568 861 1612 aqunm

75 1623 141 1666 omnia
156 1623 238 1668 resolvi.

131 1694 292 1747 Anaximander,
307 1692 421 1737 Praxindse
432 1694 491 1747 lilius,
507 1687 601 1738 Milesius
613 1695 687 1752 etipse
698 1695 796 1738 infinitum
808 1695 862 1753 priu-

77 1765 148 1821 cipium
165 1765 251 1807 omnium
270 1764 379 1807 constituit.
411 1763 446 1807 Ex
462 1779 487 1807 eo
502 1766 554 1807 enim
570 1765 638 1806 omnia
654 1764 723 1817 nasei,
747 1772 768 1807 et
782 1766 803 1806 iu
815 1765 863 1807 illud

76 1847 139 1890 aeque
154 1834 244 1876 dissolvi.

133 1901 285 1951 Anaximenes,
301 1899 405 1956 Eurystati
417 1901 481 1953 lilius,
496 1899 601 1952 Milesius,
623 1905 690 1942 aerem
703 1900 819 1956 principium
830 1914 863 1941 re·

78 1984 120 2011 rum
136 1983 182 2010 esse
197 1968 275 2019 definit,
292 1968 316 2008 ab
332 1982 395 2021 eoque
412 1968 505 2010 universa
522 1982 610 2010 manare.

134 2037 278 2092 Anaxagoras,
295 2034 418 2090 Hegesebuli
428 2036 488 2087 lilius,
505 2033 655 2086 Clazomenius,
668 2034 808 2077 similitudines
819 2049 864 2091 par-

80 2104 126 2146 tium
142 2104 259 2162 principium
274 2117 341 2145 rerum
356 2103 443 2145 omnium
460 2118 505 2146 esse
520 2104 597 2146 statuit.

42 2171 43 2174 ¹
138 2173 251 2227 Archelao,
274 2173 405 2230 Apollodori,
429 2174 472 2218 sive
494 2181 516 2217 ut
535 2174 579 2217 aliis
601 2174 679 2232 placet,
700 2171 793 2217 Miltonis
807 2174 863 2231 hdie,

81 2245 202 2288 Atheniensi
214 2259 237 2287 ae
248 2244 343 2302 physico,
359 2244 424 2302 placet
434 2245 459 2287 ab
471 2253 524 2288 terra
537 2245 603 2287 omnia
614 2244 726 2301 prolieisoi,
742 2245 801 2300 idque
815 2245 865 2288 adeo

80 2329 147 2357 rerum
163 2328 209 2357 esse
225 2313 350 2371 principium.

140 2381 248 2435 Socrates,
270 2381 361 2438 Elbagli,
384 2382 427 2424 sive
444 2381 575 2439 Sophronisei
588 2391 608 2424 et
619 2382 757 2425 Phaenaretae
772 2382 867 2424 obstetri-

82 2452 110 2493 cis
124 2452 188 2502 lilius,
210 2451 292 2492 moralis
306 2450 434 2506 philosophus
448 2465 499 2505 quae
516 2452 541 2492 ad
556 2465 601 2492 sese
613 2452 714 2507 pertinent
731 2451 774 2492 sola
791 2450 868 2492 homiui

81 2518 200 2574 inquirenda
214 2518 276 2569 dixit,
293 2531 358 2572 neque
374 2525 480 2573 praeterea
495 2518 608 2574 quicquam.
651 2537 655 2543 ’

140 2584 268 2642 Phereepdes
284 2599 362 2640 quoque
378 2592 451 2626 terram
467 2586 558 2627 omnibus
574 2585 661 2641 priorem
677 2599 723 2627 esse
739 2585 821 2628 deliniit.

141 2652 278 2711 Pythagoras,
296 2651 389 2706 Samius,
405 2652 523 2697 Mnesarchi
533 2654 585 2697 filius
595 2654 652 2697 deum
663 2669 709 2697 esse
721 2655 826 2697 monadem
836 2667 869 2697 as-

85 2724 159 2778 seruit,
181 2737 245 2781 neque
261 2722 365 2780 quicquam
382 2724 426 2767 siue
441 2724 485 2783 ipsa
502 2725 625 2784 productum.
657 2724 751 2783 Negabat
767 2725 805 2768 diis
824 2738 869 2768 esse

86 2795 179 2838 animalia
191 2794 333 2847 sacrificanda,
350 2801 385 2836 aut
396 2795 489 2838 animatis
499 2796 632 2847 vescendum,
649 2810 673 2838 ac
684 2811 710 2838 uc
724 2796 779 2838 lebas
791 2795 869 2851 quidem

87 2865 232 2916 comedendas,
255 2877 320 2919 neque
338 2863 379 2905 vini
398 2871 465 2920 potum
487 2864 609 2921 sapientibus
629 2865 759 2907 adhibendum
780 2864 868 2920 putabat.

88 2929 143 2975 idem
154 2948 205 2990 quae
217 2933 269 2975 iufra
280 2933 346 2973 lunam
358 2939 404 2974 sunt
415 2932 503 2989 patibilis
519 2947 564 2976 esse
577 2932 655 2975 dicebat
666 2934 743 2984 omnia,
766 2931 871 2988 superiora

88 3047 107 3079 cte
119 3057 136 3080 eo
145 3049 218 3088 nomine,
234 3048 277 3088 quod
288 3056 308 3079 ec
318 3044 427 3090 ἓρμαγλύφου
442 3050 469 3081 de·
493 3049 571 3081 Thesauro
581 3049 645 3088 vetit,
655 3057 694 3088 pap.
706 3045 744 3081 137.

89 3094 146 3124 tortum
158 3102 189 3125 esse
201 3094 275 3132 uidetur,
286 3092 348 3125 Ludoe.
364 3093 438 3132 Dtndorf.
454 3096 471 3126 ta

124 3145 185 3182 corpus
193 3144 285 3174 llaereseol.
290 3143 310 3173 11.
316 3144 330 3173 3,
665 3127 669 3129 ⁴
707 3148 735 3190 32
