1988 3392
130 221 132 225 ’
151 219 179 261 94
440 227 523 262 suacul
534 227 653 262 EPIPHANII

151 305 248 361 νεώτερον
265 306 286 348 δὲ
297 305 362 365 χρόνῳ
374 306 409 349 τάν
420 305 465 349 νίῦν
477 298 610 361 τοῦπατρὸς,
633 303 726 359 ἀνάθεμα
738 306 793 348 έστω.
825 307 866 348 Καὶ
878 308 898 349 εί
906 324 936 358 τις

151 373 174 417 τῦ
187 372 271 429 ἀχρυνον
288 380 325 429 τῆς
342 380 378 418 τοῦ
393 377 514 430 μονογενοῦς
525 377 615 431 Χριστοῦ
632 375 654 417 ἐκ
670 371 746 430 πατρῦς
760 371 888 424 ὑποστάσεως
903 376 935 419 έπί

152 441 189 496 τὴν
198 443 307 498 ἀγέννητον
316 448 353 486 τοῦ
364 447 414 486 θεοῦ
426 442 497 484 οὐσίαν
508 441 613 499 ἀναφέρει,
634 441 661 492 τίς
673 442 785 498 νίοπάτορα
794 443 867 499 λέγων,
888 441 936 486 ἀνά-

152 519 207 567 θεμα
224 514 279 555 ἔστω.
311 513 352 554 Καί
369 513 388 554 εί
401 528 431 562 τις
448 512 528 569 ἐξουσίᾳ
541 509 594 571 μόνη
610 509 646 555 τόν
657 512 733 568 πατέρα
742 512 796 569 λέγοι
807 515 843 555 τοῦ
855 529 937 569 μονογε-

152 586 201 630 νοῦς
212 584 271 632 υίοῦ,
291 582 326 623 καί
338 580 364 633 μή
377 582 456 637 ἐξουσίᾳ
470 578 522 632 ῦμοῦ
533 582 567 622 καὶ
580 579 639 637 οῦσίᾳ
655 579 731 636 πατρῦς
745 584 867 637 μονογενοῦς
881 582 936 633 υἱοῦ,

153 648 181 700 σῦς
198 648 262 705 μόνην
280 647 317 703 τὴν
334 650 424 700 ἐξουσίαν
440 647 557 703 λαμβάνων,
579 649 613 691 καὶ
629 653 751 692 αοινοποιῶν
767 647 830 693 ababa
846 647 898 706 πρῦς
912 647 937 693 τοί

152 720 212 762 λοιπά
225 718 336 773 ποιήματα,
352 719 386 760 καὶ
397 716 422 760 οῦ
434 719 497 774 λέγων
507 715 591 772 ἀληθοῦς
601 719 624 761 ἕν
633 717 710 774 πατρός
721 716 803 776 γνήσιον
814 717 872 772 υίῦν,
887 716 937 763 ἀνά-

152 796 206 845 θεμα
222 791 277 832 ἔσται,
307 789 348 830 Καὶ
365 789 384 830 εί
396 805 426 838 τις
439 788 519 845 ἐξουσίᾳ
535 787 570 830 ααὶ
585 785 643 846 ου’σίᾳ
660 789 722 845 λέγων
739 786 774 832 τάν
792 789 879 845 πατέρα,
900 806 937 831 πα-

70 878 105 909 pag.
114 870 145 900 σου.
154 860 201 915 τέρα
216 861 252 901 τοῦ
267 859 325 909 υίοῦ,
345 854 453 912 ῦμοοῦσιου
471 857 493 900 ἀὲ
502 855 516 912 ἢ
526 855 646 901 ταῦτοῦσιον
656 858 708 914 λέγοι
720 856 756 902 τάν
769 856 815 902 νίῦν
828 863 857 917 τῷ
869 861 937 915 πατρὶ,

154 925 247 981 ἀνάθεμα
262 927 317 969 ἔστω.

211 999 252 1039 Καί
267 998 316 1038 εἰσιν
332 997 354 1039 οί
365 993 521 1053 ῦπογράψαντες
536 999 649 1048 Βασίλειος,
670 994 799 1049 Εῦστάθιος,
817 995 937 1052 Ὗπερέγιος,

155 1067 272 1120 6Λητόϊος,
286 1063 398 1120 Ἑορτιιιῦς,
414 1064 537 1119 Γνμνοίσιος,
553 1064 680 1120 Μεμνόνιος,
696 1064 800 1121 Εῦτνχής,
821 1070 937 1122 Σευηρῖνος,

153 1132 263 1189 Εῦτῦγιος,
280 1132 427 1187 pullus-aribus,
444 1133 583 1188 Ἀλέξανδρος·
604 1132 657 1177 υῦτω
668 1135 766 1187 πιστεῦω,
789 1135 839 1178 8ιιαλ
849 1132 877 1185 οῦς
887 1131 935 1177 ῦπο·

153 1205 262 1261 γέγραπται
278 1201 320 1245 9ὃί
335 1199 458 1258 ὑπογραφῆς
472 1200 568 1259 ὁμολογῶ.

417 1296 426 1315 *
438 1295 455 1329 Ε
467 1295 486 1330 Π
498 1296 514 1330 Δ
526 1295 545 1330 Η
556 1295 571 1330 Ρ
583 1294 602 1329 Ω
614 1295 630 1330 Θ
642 1295 667 1330 Η.

171 1410 224 1447 ΤΩΝ
235 1411 297 1447 ΠΕΡΙ
308 1409 445 1446 ΒΑΣΙΛΕΙΟΝ
456 1410 498 1446 ΚΑΙ
511 1409 640 1445 ΓΕΩΡΓΙΟΝ
653 1411 668 1445 O
679 1409 926 1446 ΥΠΟΜΝΗΜΑΤΙΣΜΟΣ.

62 1492 142 1541 Κίρτης,
214 1477 242 1523 To*
258 1484 294 1533 τῆς
309 1477 379 1528 οῦσίας
389 1477 454 1533 ’ὄνομα
468 1482 549 1535 γυμνῦς
560 1478 596 1533 μέν
606 1480 627 1521 ἓν
636 1481 711 1538 παλαιᾷ
722 1480 756 1521 ναί
767 1482 827 1538 ααινη
839 1476 864 1521 οῦ
876 1483 938 1521 νεῖται

154 1553 234 1607 γραφη,
255 1546 267 1591 6
283 1552 331 1597 νοῦς
346 1548 368 1590 δὲ
382 1551 482 1602 πανταχοῦ
500 1547 586 1604 φέρεται.
617 1548 659 1591 Καὶ
675 1551 755 1604 πρῶτον
771 1546 806 1601 ἀφ’
822 1543 852 1591 οἷν
867 1545 880 1589 ῦ
889 1544 939 1597 θεῦς

155 1619 240 1671 πέμπων
251 1617 343 1660 Μωῦσέα
356 1617 444 1672 εἴρηκεν,
461 1614 531 1665 Οῦτως
542 1617 592 1671 ἐρεῖς
603 1622 645 1666 τοῖς
655 1618 708 1666 νίοῖς
717 1614 806 1672 Ἰσραὴλ,
821 1614 844 1658 ‘0
857 1613 896 1669 νίν,
912 1613 940 1667 νίς

156 1687 191 1729 ἐπὶ
205 1690 242 1729 τοῦ
258 1684 343 1742 πρώτως
355 1685 466 1738 νοουμένου
481 1682 567 1741 πατρὸς,
589 1686 610 1736 ἐξ
624 1680 650 1728 οῦ
666 1690 721 1728 πῦσα
739 1683 813 1741 πατριά
826 1686 848 1728 ἔν
859 1683 940 1743 οῦρανᾳῦ

156 1756 191 1797 ναὶ
204 1756 237 1798 ἐπὶ
245 1758 283 1810 γῆς
291 1753 414 1808 ὀνομάζεται,
424 1750 435 1795 6
449 1752 477 1807 μή
486 1770 506 1794 τε
515 1754 537 1795 έν
547 1770 602 1802 τινος
616 1752 652 1805 νίν,
662 1756 697 1797 καὶ
707 1760 749 1804 τοῖς
762 1748 819 1797 οῦσιν
830 1756 893 1804 οίτιος
904 1751 939 1797 σ’ίν.

153 1822 237 1877 Ἐπειδὴ
253 1822 323 1865 δὲκαὶ
341 1822 385 1871 υἱός
401 1823 453 1864 ἔστιν
470 1820 482 1864 6
501 1819 540 1874 νῦν,
559 1822 617 1875 έλαβε
634 1822 656 1864 δέ
671 1821 711 1865 ἀπό
727 1827 764 1865 τοῦ
780 1821 831 1865 κατά
844 1821 940 1877 Ἰωάννην

156 1891 281 1948 εὐαγγελίου,
295 1892 386 1948 λέγοντα,
403 1889 439 1931 Ἐν
450 1887 501 1948 ἀρχῇ
513 1885 540 1944 ἦν
551 1887 563 1932 6
575 1888 644 1946 λόγος,
665 1889 760 1947 ἀφορμὴν
771 1890 842 1948 εῦρατο
857 1895 940 1941 Παῦλος

157 1957 319 2014 ῦΣαμοσατεῦς,
340 1960 375 2001 ταί.
385 1958 513 2012 Μάρκελλος,
536 1956 603 2001 οῦιιέτι
617 1961 709 2009 θέλοντες
720 1960 784 2016 λέγειν
798 1958 833 2003 τῦν
845 1958 891 2003 νίῦν
902 1963 940 2003 τοῦ

155 2033 207 2071 θεοῦ
218 2027 263 2070 νίῦν
274 2027 367 2081 ἀληθοῦς,
383 2025 432 2069 ἀλλά
442 2025 483 2070 οἷπῦ
497 2031 535 2069 τοῦ
546 2025 605 2083 λόγος
617 2025 717 2082 ὀνόματος
729 2025 825 2085 ἀφορμὴν
836 2027 939 2083 λαβόντες,

155 2098 219 2152 φημί,
241 2098 263 2139 ἐκ
280 2095 378 2151 στόματος
392 2097 446 2150 ῥῆμα
463 2096 497 2138 καί
511 2096 595 2152 φθέγμα
609 2093 754 2151 ἠβουλήθησαν
771 2098 834 2139 εἰπεῖν
845 2094 881 2140 vlu
893 2091 939 2139 νίῦν

155 2170 192 2209 τοῦ
203 2169 264 2217 θεοῦ,
279 2163 438 2220 ἠναγκάσθησαν
449 2166 470 2208 οί
479 2165 574 2221 πατέρες,
590 2166 611 2206 οί
620 2167 722 2221 κρίναντες
734 2169 816 2208 Παῦλον
825 2164 860 2208 τάν
872 2170 940 2220 Σαμο-

156 2235 224 2286 σατέα,
244 2234 278 2276 ἐπὶ
289 2237 317 2290 τῷ
328 2232 411 2291 τοιοῦτον
425 2233 537 2290 έρωτισμᾳῖ,
558 2234 592 2275 ἵνα
603 2234 693 2283 δείξωσιν
705 2231 736 2276 lu
748 2230 761 2276 6
772 2232 818 2283 υίῦς
830 2231 940 2277 ἀπόστασιν

157 2304 205 2358 ἔχει,
225 2299 366 2355 ααὶῦπιίργων
379 2302 431 2353 ἐστὶ,
455 2302 505 2343 1παὶ
517 2299 609 2353 ν’ίνέστι,
630 2299 673 2356 οῦγί
687 2301 709 2344 δὲ
721 2300 775 2358 ῥῆμά
787 2303 849 2354 ἔστιν,
870 2299 939 2345 ον’σίαυ

157 2373 219 2413 εἰπεῖν
232 2371 267 2412 ναὶ
283 2368 318 2412 τάν
327 2368 384 2421 alda,
405 2369 441 2423 τήν
456 2367 557 2424 διαφορὰν
571 2374 608 2412 τοῦ
623 2386 644 2412 τε
660 2368 709 2412 καθ’
724 2368 796 2413 έαντῦν
808 2369 939 2427 ἀνυπάριιτου

156 2440 191 2481 καί
199 2443 236 2480 τοῦ
244 2436 368 2493 ἀπείργοντος
378 2441 406 2495 τῷ
414 2443 450 2491 της
460 2435 529 2486 οῦσίας
540 2436 624 2492 ῦνόματι
634 2437 785 2487 ἐπιδεικνύντες.
818 2436 845 2480 Tb
856 2438 892 2492 μέν
902 2436 939 2494 γάρ

157 2508 212 2562 ῥῆμα
229 2503 277 2548 καθ’
293 2504 351 2548 ἓνυτῦ
366 2503 493 2561 ἀνύπαρκτόν
509 2497 560 2557 ἔστι,
583 2507 617 2548 καί
630 2503 655 2548 οῦ
668 2504 752 2548 δῦναται
763 2503 814 2548 εἶναι
825 2505 870 2556 νίῦς
881 2510 939 2560 θεοῦ,

157 2576 199 2617 ἐπεὶ
217 2577 286 2616 πολλοί
302 2579 340 2629 ²7⁶
350 2573 415 2623 οῦτως
425 2575 504 2616 έσονται
514 2574 556 2615 υἷοί
568 2578 625 2615 θεοῦ.
656 2573 725 2616 Πολλοί
738 2572 776 2630 γάρ
788 2572 801 2616 6
812 2574 878 2630 πατὴρ
891 2572 939 2629 ῦμο-

156 2647 242 2699 λογεῖτατ
252 2646 317 2684 λαλοῦν
329 2646 358 2700 τῷ
368 2643 417 2701 υἱῷ,
438 2641 486 2685 ὅταν
498 2641 557 2700 λέγη,
572 2639 683 2696 Γενηθήτω
695 2643 805 2699 στερέωμα,
818 2641 939 2698 ,Γενηθήτω-

179 2803 195 2839 6.
210 2802 272 2844 λιτίῖος
284 2805 330 2838 acub.
339 2814 375 2837 mss.
389 2808 403 2838 el
414 2806 450 2838 edil.
461 2806 512 2846 μνίου.
559 2815 632 2847 γραπται
648 2807 733 2838 accrevisse
748 2809 796 2846 ναίει.
820 2805 886 2838 Verbum
898 2802 938 2839 ῦπα-

179 2850 195 2885 7.
208 2847 302 2894 ἀλκιμίδης
318 2851 363 2882 caula.
374 2860 410 2883 mss.
421 2854 439 2883 el.
450 2853 474 2883 cd.
484 2851 535 2890 princ.
559 2848 653 2893 γέγραπται
665 2852 776 2884 συννενέαται
787 2852 863 2883 Pelacius
871 2853 894 2883 ila
902 2854 940 2884 sual

179 2898 195 2929 ὅ.
207 2896 345 2938 καὶμανλιόυίανι
359 2897 537 2937 ῦιῑινάοιοίαάῐιανὶι,
558 2898 656 2936 ι’νλαμιαυίι·
674 2900 751 2938 tauquam
771 2898 843 2937 lealsscul
863 2893 887 2935 ῦς
903 2890 938 2931 ἀνω

156 2947 171 2976 el
183 2944 244 2976 uncinis
255 2945 320 2976 inclusit
333 2944 412 2975 Palaclus.
559 2940 662 2986 γέγραπται,
674 2946 702 2975 aul
714 2940 844 2986 προγέγραπται.
867 2944 890 2976 Aa
900 2952 939 2975 sanc

180 2988 196 3022 9.
208 2989 238 3023 καὶ
247 2985 269 3024 δι’
279 2986 380 3033 ἀπογραφήν
391 2990 447 3022 Ιιαντπι
458 2991 495 3022 λίνα·
503 2992 536 3022 lam
558 2989 639 3030 probabile
648 2992 670 3022 εει
678 2999 708 3030 μιν
717 2984 844 3032 ἀπογέγραπται
854 2990 939 3022 ττειτίίιιν-

156 3037 212 3076 scripu
221 3045 270 3077 cuam
279 3036 322 3069 ccllli.
336 3036 390 3068 Delear'
400 3038 496 3076 particulam
506 3033 537 3069 καὶ
559 3035 598 3068 dam
609 3045 641 3068 esse
652 3034 784 3079 προγέγραπται.

157 3092 206 3125 qaam
218 3091 238 3114 ιν
252 3083 315 3123 syllaba
329 3083 376 3124 finali
389 3084 462 3115 vocabuli
475 3078 537 3126 ῦπογέ-
582 3083 598 3124 ’)
617 3082 667 3123 λἀίςο
683 3085 727 3115 εαίαι
747 3082 836 3115 lacisllucle
856 3080 939 3117 ΕΠΛΗ-
