1988 3392
129 212 170 254 142
415 219 498 255 σκοτοτι
509 219 624 255 ΕΡΙΡΗΑΝΙΙ

125 301 160 343 καί
172 297 195 344 τό
206 298 263 357 άγιον
273 305 364 355 πνεῦμα,
382 301 416 343 καὶ
428 297 532 354 άλλότριον
545 298 663 343 παντάπασι
673 304 710 354 τῆς
723 304 760 343 τού
771 306 823 344 θεοῦ
836 300 912 359 ούσίας,

128 368 181 423 Περὶ
192 366 230 424 γάρ
245 373 301 411 2τῶν
312 369 358 424 περὶ
373 365 484 417 Εύδόξιον,
504 366 608 417 έξότου
586 384 609 410 το
620 369 675 418 τέλος
684 366 794 421 άπείληφεν
804 370 912 425 αἰσγρῶςύ

127 433 272 517 Γεηίργιρςέιί
286 435 446 490 Ἀλεξανδρείας,
469 451 504 476 και
519 433 544 476 τά
559 440 647 491 πρωτεῖα
662 436 752 486 ἐδέξατο,
772 437 808 478 καί
824 434 849 478 τά
863 440 912 489 φίλα

126 501 179 559 πρδς
190 501 227 557 την
241 502 281 546 κατ’
297 499 365 556 ἒξοχην
381 495 443 544 οὖσαν
457 503 555 552 ἐξουσίαν.
586 501 712 554 Εόδόξιος3
720 501 748 546 όίν
759 501 801 546 άπό
815 507 855 546 τοῖν
866 505 912 562 περὶ

124 568 221 615 ’Τπάτιον
238 573 272 615 καὶ
284 568 388 625 Εὐνόμιον
400 571 456 621 ἔδοξε
468 569 505 613 δια
519 587 563 613 τινα
576 573 680 623 θωπείαν,
701 588 729 623 ως
745 570 912 630 έλεγγόμενος’
887 590 912 617 ου

127 641 211 686 διέλειπε
221 639 245 685 τά
255 641 290 698 μὲν
301 638 460 696 τάνἈνομοίων
469 645 563 699 φρονῶν,
578 640 737 699 ἐπικρνβόμενος
748 642 780 696 δὲ,
795 641 833 695 οδς
843 642 911 702 ἐξόρι-

127 711 164 756 σάν
173 729 221 756 ποτε
230 710 264 755 διά
273 710 310 766 τήν
319 709 415 766 τοιαύτην
425 716 462 754 τοῦ
474 709 581 769 βαράθρου
591 710 683 767 ἐξήγησιν
694 711 756 763 αύτδς
766 714 795 763 είς
804 713 912 771 προκοπὴν

128 780 221 840 άγαγυίν,
243 779 373 835 Δημόφιλον,
392 777 498 833 Ὑπάτην,
519 778 633 835 Εύνόμιον,
653 779 701 832 τούς
716 779 794 826 Ἀετίου
809 782 911 839 μαθητάς,

128 856 165 895 τοῦ
176 851 314 907 έξορισθέντος
329 850 379 892 ποτὲ
391 851 420 900 είς
430 848 455 893 τά
471 854 508 893 τοῦ
523 848 605 906 Ταύρου
620 850 682 907 μέρη,
703 855 740 894 τοῦ
755 848 796 894 ύπδ
809 855 910 908 Γεωργίον

126 923 163 962 τοῦ
179 919 322 972 Ἀλεξανδρέως
337 919 496 967 κατασταθέντος
514 917 639 969 4διακόνου,
660 919 681 968 ἒξ
692 913 756 975 οὗπερ
772 917 841 973 ἧττόν
855 918 911 963 ’Avo-

126 989 190 1040 μοίων
201 985 254 1039 ἐφύη
265 987 317 1039 ῥίζα,
339 989 386 1039 μιᾶς
398 986 434 1038 μὲν
448 983 585 1034 ἀκανθώδους
598 984 662 1038 ούσης
675 984 735 1038 ύλης,
755 987 790 1029 καί
801 990 837 1040 τῆς
848 985 911 1041 αὐτῆς

127 1055 187 1109 ῥίζης.
217 1051 325 1109 Διαφόρης
340 1052 362 1095 δέ
374 1049 402 1101 τίς
413 1053 447 1095 ἐπὶ
457 1051 540 1106 ἑκάστης
549 1050 646 1102 ἀκάνθας
656 1051 680 1095 τά
690 1055 796 1108 σχίσματα,
811 1052 865 1097 ούτω
876 1055 910 1097 καί

126 1120 227 1179 ἡτοόταν
236 1120 345 1173 κακόνοια,
366 1118 429 1170 άλλως
438 1118 515 1172 άλλοτε,
535 1121 570 1164 καὶ
582 1117 651 1165 άλλοτε
662 1118 725 1172 άλλως
737 1119 762 1165 τά
774 1121 911 1180 παρερμηνεύ-

128 1210 180 1250 ματα
193 1196 229 1249 τῆς
242 1189 356 1243 κατοδόξου
373 1190 468 1248 αἱρέσεως
479 1191 513 1235 ἐπὶ
526 1188 550 1235 τό
561 1196 627 1249 χεῖρον
641 1190 783 1251 προκόπτοντα
798 1190 835 1249 τὴν
846 1190 911 1250 λύμην

127 1267 156 1324 τῷ
173 1266 210 1323 βίῳ
227 1261 318 1318 έξήμεσε,
338 1262 373 1305 καὶ
390 1258 418 1312 τός
433 1260 517 1317 ύστερον
534 1263 581 1319 περὶ
590 1261 664 1306 τούτου
680 1262 836 1319 τούἈνομοίου
851 1263 911 1309 πάλιν

129 1334 217 1390 ἐροῦμεν.
250 1329 279 1374 Τά
289 1332 311 1374 δὲ
321 1333 358 1374 νῦν
369 1331 407 1380 ἕως
416 1324 455 1374 τόδε
465 1335 530 1381 καλῶς
541 1332 592 1386 ἔχειν
600 1334 722 1386 νομίσαντες,
736 1333 772 1376 καὶ
780 1332 845 1390 όίςπερ
854 1334 912 1391 ἕρπε-

128 1400 164 1445 τόν
180 1398 245 1444 δεινόν
258 1398 416 1457 ἀνατρέψαντες,
438 1400 472 1443 καὶ
487 1398 638 1457 παρωσάμενοι,
659 1398 796 1458 άνετρέψυμεν
811 1402 856 1457 μέν,
875 1403 911 1446 καί

129 1469 253 1524 πατήσαντες
264 1473 364 1511 τεθνεῶτα
375 1470 537 1522 καταλείψομεν,
557 1470 592 1511 καί
602 1472 766 1525 παρεγκλίναντες
777 1471 810 1514 έπί
821 1469 857 1521 τάς
866 1471 911 1526 ἑξῆς

129 1536 259 1594 όρμήσονμεν,
280 1534 330 1579 θεύν
346 1533 497 1590 ἐπικαλούμενον
513 1538 617 1591 βοηθῆσαι
631 1534 681 1591 ἡμῖν
694 1534 788 1588 οδςαύτοις
799 1540 828 1588 είς
839 1537 862 1582 τό
873 1537 911 1593 τήν

129 1606 246 1660 ἐπαγγελίαν
260 1608 369 1659 πληρῶσαι.

283 1979 380 2026 ΚΑΤΑ
404 1979 756 2040 ΠΝΕΥΜΑΤΟΜΑΧΩΝ,

205 2057 345 2121 πεντηκοστὴ
362 2056 471 2123 τετάρτη,
489 2056 505 2118 ἢ
522 2059 564 2106 καὶ
581 2058 710 2119 έπτοικοστή
728 2057 833 2123 τετάρτη.

36 2171 83 2216 Κεφ
94 2167 116 2206 α’.
182 2156 235 2201 'Ano‘
245 2155 322 2200 τούτων
331 2160 371 2199 τῶν
377 2154 495 2210 Ἡμιαρείων
504 2156 539 2198 καὶ
549 2155 591 2198 άπο
585 2154 721 2211 όρθοδόξων
730 2156 787 2208 τινὲς,
802 2173 831 2207 τις
841 2158 911 2210 εἰπεῖν,

42 2255 77 2286 pag
86 2248 117 2276 εςη
131 2224 247 2281 1τερυίστισι
261 2225 391 2280 γεννηθέντες
404 2221 522 2277 άνθριοποτ,
542 2221 810 2275 διφυεῖςκαιημίπλαστοι,
826 2221 911 2274 ωςτούς

129 2290 268 2346 Κενταύρους,
287 2308 300 2343 η
291 2289 394 2339 Πᾶνας,
414 2287 548 2371 η’Σετρηνας,
568 2291 590 2330 οἱ
600 2285 754 2345 άναγράψαντες
768 2288 817 2339 τούς
831 2290 912 2344 μύθους

129 2355 289 2413 ἓπανὲστησαν’
276 2362 330 2413 ημῖν
362 2355 421 2399 Οί
399 2373 434 2410 μεν
445 2353 486 2399 άπο
480 2353 594 2410 Ἀρείου”
582 2373 648 2409 οντες,
662 2374 697 2400 και
690 2356 805 2412 δῆθεν
783 2375 818 2401 τον
828 2357 874 2403 νιόν
886 2356 912 2403 ου’

129 2430 202 2474 τέλειον
216 2425 294 2473 κτιστόν
303 2423 424 2484 ὁριζόμενοι,
446 2423 486 2470 ἄλλ’
501 2423 547 2471 υίόν
562 2423 650 2485 άγρόνας
661 2427 798 2486 γεγενημένον.
828 2427 911 2489 Χρόνον

129 2501 151 2545 δὲ
162 2502 183 2545 ἓν
195 2498 283 2559 ύπονοίιγ
292 2499 371 2556 λέγουσι
381 2497 417 2542 τόν
427 2495 461 2541 ἄττ’
474 2497 564 2555 ούρανοῦ
572 2498 606 2541 καὶ
617 2501 685 2555 δεῦρο,
700 2497 725 2543 ού
735 2497 776 2555 μὴν
788 2499 912 2558 άπηλλαγμέ·

129 2589 162 2615 νοι
180 2575 216 2625 τῆς
231 2571 252 2613 έν
263 2569 351 2625 πράτοις
368 2566 407 2612 άπδ
420 2566 497 2624 Ἀρείου
507 2568 632 2623 ε’ξεμεθείσης
644 2568 723 2621 λέξεως,
744 2573 781 2624 τῆς
793 2569 912 2626 φασκούσης

130 2637 182 2682 είναί
196 2655 244 2681 ποτε
260 2637 293 2680 ίίτε
309 2636 348 2680 ούκ
362 2632 393 2692 ἦν.
424 2635 470 2693 Πρό
481 2634 559 2692 χρόνων
573 2636 596 2678 δὲ
610 2634 691 2680 πάντων
707 2636 771 2681 αύτόν
783 2635 835 2681 εἶναι
849 2636 875 2682 δι’
885 2632 912 2682 ού

130 2705 155 2751 τά
166 2705 232 2750 πάντα
242 2707 311 2764 γέγονε
321 2706 408 2762 λέγοντες
418 2708 559 2761 βλασφημοῦσι
570 2702 593 2748 τύ
603 2709 682 2760 πνεῦμα
692 2704 715 2748 τό
726 2705 788 2763 δίγιον.
812 2705 880 2750 ’Ἄλλοι
889 2706 912 2750 δὲ

130 2774 191 2829 φύσει
207 2775 242 2817 καὶ
256 2775 304 2829 περὶ
319 2772 354 2816 τόν
369 2773 414 2817 υἱόν
428 2771 547 2830 όρθοδόξοις
561 2773 647 2826 ἔχοντες,
667 2771 698 2816 ότι
714 2768 740 2827 ἦν
751 2771 782 2816 dei
794 2772 832 2817 σύν
843 2776 911 2830 πατρὶ,

152 2934 170 2966 λ
181 2935 216 2989 τῶν1
232 2934 321 2966 emendatio
337 2934 398 2965 Ρτλανιῖ
414 2935 441 2965 est.
464 2932 509 2964 Libri
531 2927 627 2985 Εὐνόμιον,
646 2929 721 2971 ἔδοξεδ.
731 2941 745 2964 τ.
756 2930 774 2964 2.
785 2927 894 2978 οἱςέλεγγόμ
895 2942 911 2967 ε·

130 2980 187 3013 λαύτια
198 2976 232 3014 τὸν.
531 2986 558 3014 νας
550 2997 567 3019 ,
580 2988 599 3011 ου
594 2973 684 3012 ’διέλειπε
693 2978 727 3009 cett.

152 3024 169 3057 3.
180 3015 297 3081 &mutabant
307 3025 394 3056 comanus
406 3028 421 3056 ct
433 3024 510 3057 petavius
555 3022 571 3054 4.
584 3020 662 3061 διάκονος
672 3023 707 3054 coa.
719 3022 785 3063 θλιτδὶρ.

129 3081 159 3115 pro
176 3083 210 3116 ων,
225 3071 255 3106 hac
271 3072 370 3105 διελιυσλιοκτ
380 3072 476 3105 verborum
487 3088 510 3095 —
556 3069 595 3102 Cn.
608 3070 656 3104 I.-
680 3068 694 3103 1
707 3064 838 3114 τεράστιοιτςο.
861 3068 911 3117 τερά-
