1988 3392
148 235 190 280 388
436 244 646 281 οκαοοιουιειιιοιι

149 325 274 385 θροιπήσεας
291 324 325 383 (ού
342 325 377 370 τόν
389 331 467 381 φαῦλον
482 327 543 385 λέγω,
563 326 611 371 ἀλλά
622 326 657 372 τόν
669 329 703 372 ε’πί
713 332 738 387 τῇ
749 327 825 386 εύλόγφ
840 331 895 388 χρείᾳ
906 346 935 372 τε-

150 397 259 453 ταγμένον,
275 395 432 453 συμπρεπόντως
444 401 469 455 τῇ
479 395 580 453 θεότητι),
596 401 640 448 πῶς
651 395 739 451 ἠδύνατο
749 394 854 448 πεινοίσαι,
868 396 934 452 ήδια-

148 470 251 519 νοηθῆναι
261 471 332 508 πεῖναν
336 484 342 519 5
373 464 446 506 Πόθεν
456 465 478 507 δέ
490 464 603 520 λελύπηται,
618 467 661 521 λέγε
672 481 717 520 μοι,
733 468 801 519 ψυχῆς
812 461 841 518 μή
853 465 936 519 ἐχούσης

148 537 198 575 νοῦν
208 534 243 575 καὶ
255 531 278 576 τό
289 535 411 588 λογίζεσθαι,
432 531 506 588 ἀλόγου
521 533 589 587 ’ψυχῆς
605 532 677 586 ούσης,
697 532 711 587 ή
721 531 796 588 σαρκός
807 529 889 586 ἀψύχου
901 532 935 575 ού-

149 613 195 653 σηςς
212 599 258 642 ούτε
270 598 309 641 ύπδ
318 599 385 653 λύπην
395 595 520 651 ὑπέπιπτεν,
530 598 576 641 ούτε
588 602 616 649 εἰς
627 598 725 653 ἀθυμίαν.
755 600 797 641 Καί
808 597 871 642 πολλοί
882 601 936 642 ἐστιν

91 660 93 662 ’
149 666 163 709 ἃ
172 666 210 723 χρή
220 665 274 721 ήμᾶς
283 666 444 721 διανοουμένους
454 667 533 718 εἰδέναι,
549 664 580 709 ότι
589 664 614 708 τό
623 663 731 720 σοφιστικοὶ
743 663 825 723 περιττοὶ
836 663 935 723 τυγχιίνει,

149 736 185 778 καί
197 735 277 789 πλήττει
293 739 366 791 μᾶλλον
379 734 427 786 τούς
441 732 493 791 ύπέρ
505 732 528 777 τό
539 735 586 779 δέον
597 734 734 792 βουλομένους
745 736 881 790 διανοεῖσθαι,
901 736 936 779 καὶ

149 803 178 863 μή
191 810 268 864 μετρεῖν
282 803 367 857 έαυτούς
382 807 403 850 έν
418 810 446 866 τῷ
460 806 524 865 μέτρῳ
539 809 568 866 τῷ
579 803 628 863 ήμῖν
642 803 694 850 κατοί
707 809 825 864 παραίνεσιν
838 807 936 868 εἰρημένῳ

150 874 190 920 ἀπό
204 880 242 919 τοῦ
259 873 373 933 ύγιωτοίτου
391 875 505 920 ἀποστόλου
519 880 556 920 τοῦ
565 875 668 932 φήσαντος
678 875 706 933 μή
720 874 856 935 ὑπερφρονεῖν
865 874 912 935 παρ’
924 877 936 921 δ
958 912 960 914 .

149 947 181 988 δεῖ
194 951 283 1003 φρονεῖν.

213 1216 301 1273 Φέρουσι
313 1211 440 1268 δέήμῖνναὶ
452 1216 512 1267 λέξεις
526 1214 592 1268 τινας,
612 1214 654 1268 ὅτι,
678 1217 756 1270 ῑφησῖ,
775 1213 842 1272 Ἡμεῖς
853 1215 937 1259 δέ’νοῦν

133 1286 241 1344 ’Χριστοῦ
257 1285 335 1342 έχομεν·
356 1283 402 1339 καῖ,
424 1285 498 1341 φασὶν,
518 1282 582 1347 Ὁρᾷς
594 1284 624 1331 ὅτι
635 1289 672 1330 τοῦ
686 1283 859 1345 Χριστοῦόνοῦς
870 1286 936 1346 ἕτερος

150 1356 207 1415 παρά
215 1355 250 1401 τόν
261 1354 367 1414 ήμέτερονς
397 1358 438 1400 Καὶ
451 1351 468 1400 οἷ
479 1355 543 1414 πολλή
556 1355 587 1412 Ξή
597 1362 638 1401 τῶν
649 1356 767 1416 ἀνθρώπων
780 1356 889 1414 ἀφελότης,
905 1357 936 1402 ότι

150 1430 179 1479 είς
195 1426 207 1471 δ
224 1424 327 1483 έκάτερος·
332 1424 425 1481 βούλεται
441 1423 512 1480 κλίνει,
534 1428 570 1470 καὶ
585 1429 606 1470 έν
622 1422 638 1485 ᾧ
655 1430 712 1470 δοκεῖ
725 1429 845 1481 σοφίζεσθαι
862 1432 936 1482 μᾶλλον

151 1496 228 1551 ἰδιότης
241 1493 357 1552 εύρίσκεται.
386 1491 454 1549 Ὴμῶν
471 1494 508 1552 γαρ
521 1494 583 1539 όντων
601 1498 686 1538 ι’διωτοίν
699 1501 726 1555 τῷ
741 1496 803 1555 λόγῳ,
824 1495 865 1539 ἀλλ’
876 1495 902 1540 ού
911 1501 936 1555 τῇ

150 1564 232 1621 γνοίσει,
247 1562 298 1607 κατιί
309 1562 331 1605 τό
343 1564 458 1619 εἰρημένον,
474 1565 564 1619 βραχέσιν
575 1564 597 1606 δέ
606 1562 685 1620 σφόδρα
695 1563 769 1616 όντων,
791 1563 937 1618 θαυμαζόντων

151 1633 173 1673 δέ
188 1637 228 1673 τῶν
245 1630 343 1674 τοιούτων
363 1629 530 1686 ἀνθρώπωνκαὶ
551 1629 592 1672 ἀπό
610 1629 675 1686 λόγων
692 1630 813 1685 ὁρμωμένων
830 1629 866 1672 τόν
880 1635 936 1682 νοῦν,

151 1698 238 1753 ἀπορίας
253 1696 302 1752 ήμῖυ
317 1697 437 1746 κατάστασις
451 1698 496 1753 περὶ
507 1695 543 1751 τήν
558 1695 651 1739 διύνοιαν
662 1700 778 1756 συμβαίνει,
799 1696 830 1740 ότι
841 1696 864 1740 τό
875 1695 937 1755 ῥητόν

150 1772 210 1810 τοῦτο
227 1768 256 1819 εἰς
267 1764 391 1825 παράστασιν
405 1770 441 1821 τῆς
456 1765 551 1822 τοιαύτης
566 1764 632 1811 αὐτῶν
650 1764 719 1817 ἀτελῶς
736 1763 799 1826 ἀργῆς
815 1769 937 1822 φιλονεικίας

150 1836 287 1895 λαμβάνουσιν
297 1836 355 1892 ὅλως,
371 1842 408 1881 τοῦ
419 1835 535 1896 πρήγματος
546 1835 573 1894 μή
583 1839 662 1895 έχοντος
671 1839 758 1894 έμφασιν
767 1840 938 1884 ἒπικοινοινοῦοαν

150 1914 176 1969 τῇ
187 1908 269 1966 τοιαύτη
281 1911 349 1964 σχέσει.
379 1906 446 1963 Ἡμεῖς
457 1906 508 1965 γύρ,
529 1910 590 1963 φησί,
611 1913 661 1952 νοῦν
673 1913 762 1966 Χριστοῦ
773 1910 848 1965 ἔχομεν.
881 1912 905 1953 Τί
915 1910 937 1952 δέ

151 1977 191 2036 ἀρα
202 1980 232 2032 είη
244 1976 256 2022 ό
268 1977 365 2034 Χριστός,
380 1975 428 2034 παρ’
439 1975 508 2028 αὐτοῖς
518 1978 637 2033 έρωτητέον,
658 1977 673 2033 ή
683 1976 696 2021 ό
707 1983 756 2028 νοῦς
769 1982 858 2035 Χριστοῦ
868 1980 887 2020 τί
897 1976 937 2034 ἀρα
952 2025 954 2028 ,

150 2050 187 2102 εἷἠ.
214 2048 320 2089 Ἐνταῦθα
331 2047 353 2089 δέ
363 2044 513 2098 ἀποφαίνουσιν
525 2047 592 2102 ἕτερον
602 2044 638 2089 τόν
651 2044 740 2102 Χριστόν
752 2043 804 2089 εἶναι
814 2045 937 2100 νευοηκύτες,

149 2117 185 2158 καί
200 2116 268 2170 ἑτέραν
284 2113 321 2167 τήν
338 2113 403 2155 αύτοῦ
416 2113 509 2166 θεότητα.
539 2116 569 2154 Εἰ
580 2112 618 2169 γαίρ
635 2112 679 2156 ἀντὶ
694 2118 731 2155 τοῦ
746 2118 784 2156 νοῦ
799 2112 834 2155 τόν
848 2113 937 2169 Χριστόν

150 2180 330 2234 ύπολαμβοίνουσι,
353 2178 441 2235 Χριστόν
456 2181 478 2221 δέ
490 2178 526 2232 τήν
536 2181 632 2235 ένσαρκον
643 2180 707 2233 μόνην
719 2184 809 2235 Χριστοῦ
824 2183 937 2236 παρουσίαν

151 2247 295 2304 όνομύζουσι-ν,
317 2245 357 2304 ἀρα
377 2246 438 2290 πόλιν
457 2248 485 2297 εἰς
500 2247 569 2304 έτέραν
587 2247 666 2303 ζήτησιν
683 2246 738 2303 ήμᾶς
753 2246 809 2306 ῖίγειν
823 2253 936 2307 πειρῦνται,

152 2319 193 2363 Καί
203 2318 235 2364 ὅτι
245 2312 328 2376 μὲνοῦν
338 2315 379 2363 ιἰπό
391 2322 427 2375 τῆς
442 2316 540 2376 ένσοίρκου
551 2322 664 2378 παρουσίας
674 2317 724 2371 θεός
733 2317 791 2378 λόγος
801 2321 836 2364 καλ
845 2318 891 2372 υἱός
901 2325 937 2366 τοῦ

151 2394 203 2434 θεοῦ
219 2391 358 2447 ἑρμηνεύεται,
378 2392 445 2445 δῆλον.
481 2392 510 2433 Εἰ
524 2391 559 2433 καί
577 2395 668 2448 προῆγον
684 2392 729 2448 περὶ
746 2389 809 2435 αύτοῦ
823 2395 936 2451 μαρτυρίαι,

152 2459 187 2503 τόν
200 2460 287 2517 Χριστόν
300 2459 363 2503 αὐτόν
379 2465 483 2503 καλεῖσθαι
496 2461 530 2503 καί
548 2457 587 2516 πρό
602 2465 639 2515 τῆς
656 2460 754 2517 ένσύριιου
772 2464 902 2517 παρουσίας,
916 2463 937 2505 ἓν

152 2534 177 2588 τῇ
188 2533 289 2587 παρουσία
299 2527 449 2585 πεπλήρωνται,
472 2527 520 2582 μήτε
534 2533 570 2582 τής
582 2527 679 2583 θεότητος
695 2528 753 2578 έκτός
767 2533 857 2585 Χριστοῦ
872 2528 937 2585 ῦπαρ-

151 2596 227 2652 χούσης
239 2597 351 2652 ὀνόματος,
372 2596 421 2651 μήτε
435 2595 533 2650 ένσύριιου
547 2601 658 2651 παρουσίας
673 2598 708 2639 καὶ
724 2596 788 2640 αὐτοῦ
804 2597 937 2653 ἐνανθροιπή-

153 2679 214 2716 σεως,
230 2662 279 2706 ἀνευ
290 2670 326 2718 τῆς
336 2664 429 2717 τοιαύτης
441 2663 551 2715 ὀνομασίας
562 2662 715 2718 ὀνομαζομένης.
744 2662 780 2712 Ὡς
789 2664 840 2706 κατά
850 2663 872 2707 τό
884 2667 936 2720 εἰρη-

153 2734 224 2787 μένον,
240 2731 280 2787 Μή
290 2734 348 2791 ε’ίπης
359 2733 380 2775 έν
390 2736 414 2791 τῇ
425 2732 500 2789 καρδίην
512 2744 557 2784 σου,
575 2735 609 2784 Τίς
619 2730 741 2787 ἀναβήσεται
751 2733 779 2781 εἰς
789 2729 825 2774 τόν
836 2731 936 2789 οὐρανόν,

153 2803 241 2847 τουτέστι
262 2801 350 2860 Χριστόν
367 2806 496 2861 καταγαγεῖν,
519 2798 533 2857 ή
549 2804 577 2855 τίς
593 2801 727 2860 καταβήσεται
744 2803 772 2854 εἰς
785 2799 936 2865 τήνάβυσσονς

153 2876 241 2919 τουτέστι
252 2872 341 2933 Χριστόν
350 2873 458 2932 ἀναγαγεῖν
469 2875 491 2916 έν
501 2878 581 2931 νεκρῶν.
612 2876 654 2918 Καὶ
664 2874 723 2918 πόλιν
731 2871 744 2918 ό
752 2872 813 2924 αῦτός
821 2874 882 2932 λέγει,
890 2873 937 2918 Ἵνα

152 2945 266 3002 γινύσκασί
280 2959 302 2988 σε
314 2943 349 2988 τόν
365 2944 429 3000 μόνον
445 2941 544 2999 ἀληθινόν
559 2943 621 2998 θεόν,
641 2946 676 2988 καὶ
690 2945 714 2989 δν
728 2944 846 2995 ἀπέστειλας
858 2942 936 3000 Ἰησοῦν

177 3062 217 3094 cst,
226 3063 304 3094 XXXII.
317 3081 339 3086 —
364 3061 377 3094 1.
390 3064 463 3095 Fortasse
475 3059 524 3103 φασὶ.

176 3108 191 3140 ’2.
206 3106 219 3149 ’tf
231 3107 316 3140 articulum
330 3109 391 3140 restitui
404 3117 425 3139 ον
438 3107 484 3140 codd.
496 3115 534 3139 mss,
558 3110 603 3140 Abest
614 3110 656 3140 ιυιῗοι
667 3109 687 3139 ab
698 3108 748 3139 editis.
