1988 3392
56 428 102 473 Κτφ.
108 428 136 465 ια’.

148 194 176 235 92
436 202 519 237 SANGTI
530 201 646 236 EPIPHANH

148 286 185 335 τῆς
196 282 219 324 έκ
234 286 271 325 τοῦ
285 280 361 338 πατρῦς
372 281 514 339 γεγευνημένης
529 279 599 329 οῦσίας
613 280 736 335 νοουμένης,
756 277 790 332 τά,
814 278 885 330 Οῦτως
897 278 933 336 την

150 347 258 404 ὁμοιότητα
272 353 307 404 τῆς
322 347 457 405 ου’σίαςίτρύς
471 348 542 391 οῦσίαν
559 351 673 403 8σημαίνει.

209 420 251 459 Καὶ
262 420 282 460 εί
291 436 321 468 τις
334 416 369 470 τά,
379 416 460 459 ’Ἑκτισέ
471 432 505 470 με,
520 417 555 458 καὶ
565 415 598 468 τῦ,
614 418 679 473 Γεννᾷ
688 433 722 470 με,
737 413 784 472 παρ’
796 412 860 457 αῦτοῦ
870 414 933 459 ἆκοῦ-

151 503 179 529 ων
188 483 221 537 τῦ,
242 490 262 528 Γ
260 490 308 546 εννιγῖ
319 503 352 540 με,
373 484 400 540 μὴ
415 485 449 528 ε’πὶ
463 488 499 527 τοῦ
514 483 578 527 αὐτοῦ
595 485 629 528 καῖ
643 483 686 527 κατ’
701 482 772 528 ούσίαν
790 484 865 535 έννοεῖ,
886 481 934 529 άλλά

149 552 222 598 ταῦτῦν
238 555 291 611 λέγοι
307 554 337 607 τά,
352 558 416 612 Γεννγῖ
432 569 467 607 με,
487 558 522 612 τῷ,
537 552 618 596 Ἕκτισέ
630 569 665 608 με,
687 551 715 603 οἷς
730 552 757 608 μή
772 554 834 609 λέγων
844 550 879 596 τύν
889 552 935 597 υἷόν

149 621 185 666 τάν
196 620 283 674 άπαθιῦς
294 624 367 666 τέλειον
379 623 400 665 ἐκ
412 626 452 664 τῶν
464 621 501 665 δύο
515 620 631 676 άνομάτων,
647 626 692 674 τοῦ,
701 620 782 664 ’Ἑκτισέ
794 637 829 676 με,
844 622 879 663 καὶ
890 626 934 675 τοῦ,

152 695 218 751 Γενυᾷ
229 709 263 748 με,
278 694 350 747 κτίσμα
359 690 423 746 μόνον
433 689 546 748 ύμολογῦν,
561 691 596 734 καὶ
606 691 675 747 μηκέτι
688 688 741 744 υῖύν,
756 687 784 742 τίς
793 692 935 748 παραδέδωκεν

150 759 165 818 ἡ
175 764 237 816 σοφία
248 763 269 805 ἐκ
280 766 320 805 τοῖν
331 760 368 804 δύο
380 760 468 817 εὐσεβεῖς
479 759 515 817 την
525 762 616 814 έννοταν,
632 758 726 816 άνάθεμα
738 761 794 805 έστω.
825 762 866 805 Καὶ
878 762 897 805 εί
906 780 936 814 τις

151 835 188 875 τοῦ
199 833 245 875 υἱοῦ
256 830 292 886 τήν
303 831 339 887 μέν
350 829 392 875 κατ’
406 831 478 875 οῦσίαν
489 829 542 886 πρῦς
551 830 587 875 νῦν
599 832 671 875 ἑαυτοῦ
683 832 759 887 πατέρα
770 829 878 887 ῦμοτάτητα
887 829 936 887 ἡμῖν

151 899 328 951 ἀποκαλύπτοντας
340 898 365 944 δι’
379 895 408 944 οἷν
424 915 484 957 φησι,
498 900 576 958 Ὥςπερ
592 898 630 958 γάρ
642 898 655 944 ὅ
665 899 731 955 πατὴρ
743 899 795 956 ζωην
807 901 845 956 έγει
856 902 878 945 έν
890 901 936 944 ἒαν-
956 953 959 959 Ι

150 975 189 1029 τῷ,
211 969 276 1020 οῦτως
288 971 360 1030 καὶτῷ
373 972 412 1030 υἱῷ
424 972 485 1015 έῦωκε
498 970 727 1030 ζωηνέχεινένὲαυτῷ,
748 968 785 1025 τὴν
796 970 818 1014 δὲ
830 968 872 1013 κατ’
883 971 936 1027 ένέρ-

367 1038 372 1053 Ι
417 1038 428 1054 u

152 1056 208 1096 γειαν
221 1038 244 1082 δι’
258 1034 287 1083 οῦν
300 1042 401 1092 παιδενει,
423 1045 443 1082 A
460 1039 497 1096 γάρ
508 1039 534 1082 άν
547 1038 634 1095 ῦπατήρ
648 1042 707 1100 ποιῇ,
729 1045 791 1083 ταῦτα
808 1041 842 1082 καῖ
859 1036 871 1083 ῦ
884 1040 936 1092 υίὸς,

69 1132 104 1162 pag.
113 1124 143 1153 εοε.
153 1106 227 1163 ὁμοίως
237 1114 300 1161 ποιεῖ,
325 1114 330 1137 ¹
339 1107 404 1163 μόνην
416 1106 452 1162 τὴν
461 1107 503 1151 κατ’
514 1109 612 1165 ἐνέργειαν
623 1107 732 1164 ὁμοιότητα
748 1108 835 1159 2βτὸοῦς
846 1107 883 1164 τὴν
894 1107 936 1152 κατ’

152 1176 234 1229 οὐσίαν,
253 1176 267 1232 ἥ
280 1178 319 1220 έστι
334 1177 357 1221 τύ
372 1179 571 1230 κεφαλαιωδέστατον
582 1175 640 1231 ἡμῶν
653 1182 688 1232 τῆς
700 1181 795 1230 πίστεως,
816 1177 936 1234 άποστεροίη

139 1249 141 1252 ’
151 1250 188 1289 τοῦ
199 1248 256 1296 υἱοῦ,
277 1243 304 1296 οἷς
315 1244 387 1289 ἓαυτῦν
398 1246 515 1302 ἀποστερῶν
532 1251 568 1300 τῆς
584 1247 605 1288 έν
616 1246 688 1302 γνοίσει
698 1245 774 1302 πατράς
784 1248 820 1289 καὶ
831 1250 877 1290 υἱοῦ
888 1250 936 1291 αι’ω-

151 1317 196 1358 νίου
210 1318 272 1368 ζωῆς,
293 1312 385 1368 άνάθεμα
396 1315 451 1358 έστω.
482 1316 525 1357 Καὶ
537 1316 557 1357 εἰ’
565 1331 594 1364 τις
606 1316 634 1365 εἰς
646 1315 722 1371 πατέρα
734 1317 768 1358 καὶ
780 1314 826 1358 υἱῦν
838 1315 937 1360 πιστεύειν

152 1381 319 1439 ἐπαγγελλόμενος
332 1381 368 1426 τάν
384 1385 460 1438 πατέρα
476 1381 504 1438 μὴ
519 1380 589 1433 οῦσίας
605 1381 677 1438 ὁμοίας
692 1383 772 1427 3αῦτοῦ
786 1385 841 1441 λέγοι
853 1385 936 1440 πατέρα,

152 1450 200 1495 ἀλλὰ
214 1453 322 1507 ἐνεργείας,
343 1449 370 1501 οῦς
381 1451 479 1506 βεβήλους
494 1455 631 1504 καινοφωνίας
648 1450 698 1495 κατά
714 1458 749 1506 τῖγς
761 1452 831 1503 οὐσίας
844 1458 880 1496 τοῦ
890 1456 938 1497 υἷοῦ

152 1523 189 1563 τοῦ
203 1525 255 1563 θεοῦ
271 1521 400 1577 φθέγγεσθαι
418 1525 506 1574 τολμῶν,
528 1521 562 1562 καὶ
580 1518 669 1576 άναιρῶν
686 1519 709 1563 τῦ
723 1518 774 1563 εἶναι
790 1517 873 1575 άληθῶς
884 1521 937 1573 υἱὸν,

153 1587 248 1644 οἷυάθεμα
259 1590 315 1632 έστω.
346 1590 387 1631 Καὶ
398 1589 417 1630 εί
425 1606 455 1638 τις
466 1587 511 1631 υἱὸν
524 1587 595 1642 ὅμοιον
605 1587 648 1631 κατ’
660 1588 732 1631 οῦσίαν
747 1594 799 1632 νοῦν
809 1590 896 1641 ἐκείνου,
912 1585 937 1633 οῦ

152 1659 187 1701 καὶ
198 1664 273 1701 νοεῖται
282 1655 336 1709 υίύς,
358 1654 455 1710 ἢταῦτάν
464 1658 517 1712 λέγοι
528 1661 555 1715 τῷ
567 1657 628 1713 πατρὶ
638 1655 673 1699 τὸν
683 1655 738 1710 υἷάν,
759 1656 775 1711 ἢ
783 1659 844 1713 μέρος
853 1663 889 1701 τοῦ
900 1676 937 1701 πα-

152 1725 210 1782 τρὸς,
225 1724 239 1779 γ’γ’
249 1723 299 1767 κατά
310 1724 424 1780 άπόρρίοιαν
432 1725 467 1766 καὶ
479 1723 530 1767 κατά
541 1725 623 1777 πάθος,
639 1723 667 1775 τάς
679 1724 806 1780 σωματικοῦς
817 1725 887 1778 υἷούς,
902 1725 938 1769 τῦν

153 1796 175 1838 έκ
185 1798 223 1837 τοῦ
235 1791 343 1847 άσωμάτου
356 1791 432 1849 πατρὸς
443 1790 550 1847 άσοίματον
563 1791 609 1836 υἱῦν
625 1791 751 1846 ῦποστάντα,
770 1793 865 1849 τἰνάθεμα
881 1797 936 1839 έστω.

153 1864 195 1905 Καὶ
207 1865 226 1905 εί
236 1860 310 1911 τιςὸιά
321 1860 343 1904 τά
355 1860 390 1904 τάν
400 1863 476 1918 πατέρα
487 1860 515 1915 μή
526 1878 574 1904 ποτε
584 1859 630 1904 υίόν
641 1868 745 1914 νοεῖσθαι,
760 1862 841 1906 καὶτὸν
852 1862 898 1906 υίύν
910 1864 937 1920 μή

153 1948 202 1974 ποτε
214 1932 291 1987 πατέρα
301 1936 394 1973 νοεῖσθαι
403 1931 471 1986 ἕτερον
482 1930 543 1986 λέγων
553 1928 588 1972 τῦν
598 1928 644 1972 υῖύν
656 1929 711 1986 παρά
721 1928 756 1974 νῦν
767 1931 853 1987 πατέρα,
868 1930 902 1976 διά
914 1932 936 1976 τά

152 1999 188 2044 τόν
200 2001 276 2057 πατέρα
289 2000 356 2056 ἕτερον
367 1997 461 2042 εἶναικαὶ
472 1996 507 2041 τάν
520 1996 577 2052 υίάν,
597 1997 668 2050 καθείς
679 2001 767 2057 εἴρηται,
781 1999 852 2052 ’Ἁλλος
862 2002 915 2045 ἐστὶν
926 2000 939 2046 ὁ

153 2075 259 2128 μαρτυρῶν
271 2070 317 2126 περὶ
329 2070 389 2124 ἐμοῦ,
404 2070 447 2122 καὶ,
462 2073 571 2126 Μαρτυρεῖ
579 2067 624 2126 γάρ,
636 2071 698 2123 φησὶ,
714 2067 726 2113 ὁ
736 2071 820 2124 πέμψας
832 2087 855 2126 με
865 2071 938 2128 πατὴρ,

152 2138 187 2184 βιοῖ
196 2140 269 2196 ταύτην
278 2138 315 2195 την
328 2138 401 2194 εὐσεβῆ
414 2139 435 2181 ἓν
445 2142 470 2197 τῇ
484 2139 576 2196 ἐκκλησίᾳ
587 2140 699 2194 νοουμένην
709 2140 798 2195 ἰδιότητα
810 2145 850 2183 τοῖν
862 2140 939 2198 προςνέ-

153 2227 208 2264 πων,
228 2207 304 2266 πατρὸς
321 2208 356 2263 μέν
371 2209 406 2251 καὶ
418 2209 474 2260 υίοῦ,
494 2205 565 2257 ὄεῦιοίς
576 2206 605 2262 μή
619 2224 667 2251 ποτε
681 2206 754 2252 ταῦτάν
764 2214 832 2268 νοηθῄ
843 2209 888 2261 υίῦς
900 2229 938 2254 πα-

153 2281 195 2335 τρὶ,
216 2277 314 2332 α’νόμοιον
330 2278 382 2334 λέγοι
400 2274 443 2320 κατ’
459 2274 529 2319 οῦσίαν
544 2273 580 2319 τάν
590 2274 636 2319 υίῦυ
645 2281 673 2337 τῷ
685 2279 756 2334 πατρὶ,
776 2276 870 2333 άνάθεμα
882 2280 938 2323 έστω.

155 2349 197 2391 Καὶ
209 2350 229 2391 εἷ’
237 2365 267 2397 τις
278 2348 299 2390 ἐν
309 2346 375 2405 γάρνω
386 2344 422 2389 τόν
432 2347 508 2400 πατέρα
521 2345 597 2401 πατέρα
606 2352 650 2389 νοεῖ
660 2351 696 2390 τοῦ
705 2352 825 2403 μονογενοῦς
836 2350 890 2402 υίοῦ,
904 2350 939 2393 καὶ

154 2417 183 2473 μη
193 2416 243 2473 ῦπέρ
254 2414 339 2472 χρόνους
355 2416 406 2458 4καὶ
420 2413 486 2466 πάσας
497 2413 628 2471 άνθρωπίνας
642 2417 721 2467 ἑννοίας
732 2415 820 2460 πιστεύει
831 2416 867 2461 τύν
880 2436 939 2474 μονο-

154 2491 200 2544 γενῆ
211 2484 257 2528 υίάν
267 2487 289 2528 ἐκ
300 2490 335 2528 τοῦ
345 2484 421 2541 πατρός
431 2483 518 2534 άπαθοῖς
526 2481 649 2537 ῦφεστάναι,
665 2483 693 2536 ῦς
703 2488 834 2543 παραβαίνων
843 2486 879 2530 τάν
889 2486 940 2531 άπο·

155 2553 246 2598 στολικὸν
262 2553 367 2611 κήρυγμα,
386 2552 470 2608 χρόνους
486 2553 522 2607 μὲν
532 2554 578 2609 περὶ
592 2553 668 2609 πατρός
681 2556 716 2598 καὶ
728 2557 775 2598 υίοῦ
785 2554 939 2612 παρωσάμενον,

153 2629 229 2674 πιστῶς
247 2623 269 2666 δὲ
283 2621 337 2677 ἡμᾶς
348 2625 458 2666 παιδεῦσαν
473 2620 507 2675 τῦ,
525 2620 559 2663 Ἐν
571 2619 621 2681 ἀργῇ
634 2617 660 2676 ἦν
672 2621 685 2666 ά
695 2623 765 2680 λόγος,
779 2622 836 2667 καὶῦ
846 2623 906 2681 λύγος
916 2620 940 2680 ἦν

154 2691 207 2750 πράς
223 2691 259 2735 νῦν
274 2690 335 2744 θεὸν,
356 2692 391 2734 καὶ
406 2686 491 2746 θεάςῆν
505 2688 597 2746 ὁλύγος,
618 2689 711 2747 άνάθεμα
727 2695 782 2736 έστω.
813 2693 854 2735 Καὶ
872 2695 892 2736 ἐτ’
910 2712 940 2745 τις

154 2761 189 2805 τὸν
203 2762 279 2817 πατέρα
290 2758 425 2816 πρεσβύτερον
434 2759 498 2818 χρόνῳ
508 2760 562 2815 λέγοι
571 2761 608 2801 τοῦ
617 2760 637 2811 ἒξ
649 2762 739 2805 5ἑαυτοῦ
752 2765 874 2818 μονογενοῦς
885 2764 939 2816 υἱοῦ,

176 2855 193 2889 8.
211 2857 249 2889 Post
266 2852 347 2898 σημαίνει
364 2853 467 2897 (εῦρΡειον.
483 2855 536 2886 θυῖον.
582 2851 599 2884 '2-
610 2852 789 2897 Οοννταῖδιδούςτήν.
812 2856 883 2888 inlibris
892 2858 940 2898 υιιλμο

153 2905 201 2942 repet.
218 2902 273 2933 vitiose
292 2901 338 2932 λιιιλιει
357 2897 442 2943 σημαίνῃ)
458 2901 475 2932 in
493 2900 537 2930 libris
560 2899 617 2939 λομλιατ
628 2899 717 2943 διδούσης.

153 2949 201 2987 vulgo
212 2949 281 2986 seqnitur
291 2941 372 2987 ἀνάθεμα
388 2942 432 2978 ἔστω
443 2955 483 2986 quae
499 2953 537 2976 υετ-
583 2944 599 2975 3.
609 2941 660 2980 αὑτοῦ
670 2947 715 2979 codd
727 2955 765 2978 mss,
775 2949 790 2978 et
800 2946 824 2978 ed.
835 2948 887 2987 μήτε.
909 2944 940 2981 αὖ·

154 2994 176 3023 ha
190 3001 226 3023 cum
242 2993 267 3023 λιίο
282 2993 331 3031 plane
343 2991 397 3023 aliena
411 2992 453 3031 ατί,
469 2990 537 3022 delenda
560 2988 590 3023 τοῦ
602 2991 626 3022 τά.
639 2993 693 3024 Ρειου.

155 3038 200 3069 duxi.
583 3032 599 3066 4.
612 3035 642 3069 καὶ
655 3035 713 3076 πάσας
727 3038 784 3077 scripsi
794 3039 869 3069 εειιλτολῐο
885 3040 941 3079 γονία-

179 3081 219 3115 θεε,
226 3081 258 3115 ΧΙ,
270 3099 293 3108 -
308 3079 323 3114 1.
336 3076 356 3116 οῦ
367 3078 421 3128 μόνην
428 3083 462 3115 τοῦ.
470 3081 537 3123 Ηλαλῑρ.
561 3081 609 3123 laute,
619 3091 649 3123 μτο
657 3082 688 3118 καὶ
697 3079 742 3118 κατὰ
749 3078 812 3122 πάσας.
837 3083 883 3117 Vides
892 3092 940 3126 μναι-
