1988 3392
249 239 344 273 ennnnn
356 239 400 273 nra.
408 241 438 274 nr.
449 241 505 275 rom.
514 241 537 274 n.
548 240 616 274 nana.
626 240 715 274 nxxvn.
834 231 875 274 365

94 320 193 365 ctissimos
204 319 295 362 homines
308 320 369 363 fuisse
381 321 500 377 eosdemque
511 322 626 378 corporibus
638 321 719 378 perinde
732 335 814 372 aenos,
831 334 876 362 cor-

93 389 196 447 ruptibiles
207 397 227 431 et
238 398 318 446 praeter
330 390 416 432 divinam
428 391 522 446 gloriam,
544 406 594 447 quae
604 386 676 433 inillis
687 390 793 444 insidebat,
808 392 876 434 ineor·
934 394 936 397 ’

93 466 161 516 ruptos
178 458 279 500 extitisse.
311 458 445 514 Quamobrem
458 467 478 501 et
493 460 563 502 umbra
575 459 629 503 Petri
648 459 720 502 oblatis
732 461 797 516 aegris
811 460 875 502 omni·
884 468 917 531 pp}
925 468 943 531 q,
949 469 975 533 1ῗέ

93 530 129 572 bus
145 526 251 569 sanitatem
267 528 363 581 eorrtulit,
385 535 405 569 et
420 529 499 570 sudaria
516 543 539 570 ae
555 526 773 571 semicinctiaePauli
786 529 874 572 vestibus
913 524 917 532 '
944 524 949 540 '
976 524 979 530 ’

93 596 208 640 admiranda
223 597 318 653 quaedam
335 597 424 654 prodigia
439 598 587 654 praestiterunt.

151 663 203 720 Quid
216 679 265 707 vero
276 666 346 708 attinet
357 666 499 709 homunciones
510 667 560 709 istos
571 668 666 724 quaedam
682 667 785 724 subturpia
798 666 873 723 cogita·
910 685 950 730 Gap.

92 736 147 778 tione
163 735 261 790 fingentes
278 735 298 776 in
314 734 401 777 divinum
419 750 491 778 numen
508 737 606 778 curiosius
618 736 732 793 inquirere,
749 751 793 779 cnm
806 737 831 778 de
842 735 873 777 his
896 731 959 767 XVffl·

93 803 158 847 nudus
172 803 268 860 propheta
284 803 317 846 vel
334 804 457 860 evangelista
474 805 506 847 vel
519 806 632 861 apostolus,
656 806 688 847 vel
699 806 781 848 alterius
794 804 875 862 generis

93 871 179 928 scriptor
191 872 292 928 disputare
306 871 344 914 sibi
354 873 488 914 necessarium
500 874 593 923 duxerit?
622 873 732 916 Enimvero
743 874 835 930 quicquid
847 874 874 916 illi

93 947 187 993 narrant,
212 955 235 982 ac
252 940 299 982 licet
313 941 389 982 infinita
406 941 445 983 alia
461 949 564 998 praeterea
577 942 625 984 falsa
639 943 682 984 sine
695 943 788 999 opinione
800 944 874 984 confin-

93 1016 151 1066 gant,
172 1024 271 1069 nunquam
288 1016 354 1051 tamen
367 1010 458 1052 traditam
470 1025 481 1052 a
494 1010 601 1053 maioribus
613 1011 688 1053 nostris
703 1011 772 1062 fidem,
789 1025 839 1066 quae
851 1012 875 1054 de

94 1076 175 1121 Christo
186 1068 268 1121 sincere¹
276 1079 341 1120 omnia
352 1079 467 1135 praedicat,
483 1086 576 1136 poterunt
586 1087 686 1122 evertere.
718 1077 811 1122 Christus
822 1080 874 1121 enim

93 1162 120 1190 ex
132 1146 199 1190 Maria
210 1147 287 1203 virgine
297 1148 406 1189 secundum
417 1162 498 1189 earnem
510 1162 581 1190 revera
599 1149 622 1190 de
635 1148 704 1204 spiritu
716 1155 785 1190 sancto
796 1137 875 1205 genitus

93 1224 131 1259 est.
162 1216 194 1258 ae
211 1216 278 1258 statim
294 1224 339 1273 post
355 1224 431 1273 partum
449 1216 577 1268 Emmanuel,
602 1217 639 1259 hoc
655 1225 686 1259 est
698 1216 808 1259 Nobiscum
826 1218 874 1260 deus
895 1225 953 1289 Ἧι

93 1285 210 1342 appellatur,
224 1298 261 1326 nee
271 1287 310 1326 iam
322 1286 409 1327 secundo
419 1286 514 1341 gignitur.
535 1284 584 1328 Post
593 1286 642 1328 haee
653 1286 719 1328 inians
730 1286 751 1327 in
760 1286 874 1343 Aegyptum
889 1281 947 1336 Μξῃιζ,
956 1307 970 1336 a,

93 1368 138 1395 cum
148 1351 233 1410 Iosepho
244 1368 267 1396 ac
277 1353 342 1396 Maria
353 1354 469 1410 transfugit,
490 1358 578 1408 quonium
590 1356 707 1409 procecedunt
717 1358 799 1395 uncorum
807 1360 873 1409 pareri,

93 1422 171 1464 utillud
183 1430 300 1477 argumento
310 1423 336 1465 sit
344 1423 399 1465 illum
411 1423 502 1465 incarne
514 1423 581 1465 necari
593 1423 689 1479 potuisse.
719 1423 795 1466 Verum
807 1439 818 1465 a
829 1422 875 1466 Ma-

93 1491 123 1546 gis
140 1491 233 1532 adoratus
252 1498 295 1542 est,
316 1499 408 1547 tanquam
419 1506 480 1534 verns
494 1493 542 1534 dens
555 1506 615 1534 earne
626 1492 681 1548 ipsa,
702 1507 741 1533 nen
755 1492 798 1533 sola
808 1492 875 1548 specie

94 1559 282 1615 adumbrationeque
295 1567 360 1601 natus.
391 1559 469 1602 Deinde
484 1576 528 1602 cum
544 1575 570 1602 ex
583 1560 677 1616 Aegypto
689 1561 819 1614 revertisset,
836 1562 876 1602 Ar-

93 1627 182 1669 chelaum
199 1629 262 1669 adhuc
279 1635 380 1670 metuente
393 1627 478 1685 losepho
494 1628 654 1685 Hierosolymam
674 1643 713 1670 non
726 1629 786 1681 adiit,
808 1636 876 1685 utpote

94 1710 137 1738 cum
150 1702 169 1737 et
180 1695 245 1737 infans
257 1696 396 1753 comprehendi
410 1705 489 1754 posset,
511 1704 532 1739 et
542 1705 588 1739 ante
598 1705 676 1754 tempus
687 1697 707 1738 in
720 1711 779 1739 carne
791 1698 875 1754 perpeti,

94 1778 144 1819 quae
160 1772 204 1806 erat
220 1765 324 1819 aliquando
340 1779 443 1821 passurus.
478 1764 563 1808 Praeter
578 1766 626 1807 haec
643 1780 654 1807 a
670 1764 746 1808 ioanne
764 1766 874 1822 prohibitus
898 1775 957 1804 muta.

94 1839 137 1885 est,
159 1846 203 1874 cum
221 1833 320 1875 dominum
331 1847 403 1876 servus
413 1833 529 1889 agnovisset
541 1835 598 1876 deum
611 1848 656 1876 esse
667 1833 752 1877 hominis
762 1842 833 1876 natura
844 1849 877 1875 re·
902 1810 916 1847 θ’
925 1811 947 1841 u'

94 1914 143 1942 vera
155 1901 274 1957 praeditum.
306 1902 333 1943 At
348 1902 366 1944 is
380 1902 466 1944 habitum
477 1903 515 1944 sibi
530 1902 626 1944 honorem
638 1917 649 1943 a
660 1916 720 1944 servo
732 1903 753 1943 in
766 1916 790 1944 eo
801 1917 877 1957 genere

95 1969 213 2013 detrectavit
228 1983 306 2011 omnem
319 1970 339 2011 in
351 1984 411 2012 earne
428 1985 455 2012 ex
466 1971 496 2012 rei
508 1971 607 2023 veritate,
629 1977 650 2012 ut
660 1971 681 2012 in
692 1972 780 2027 perfecta
791 1970 876 2012 hominis

94 2044 165 2080 natura
176 2038 271 2080 iustitiam
283 2039 382 2094 impleret.
414 2037 459 2093 Qua
472 2039 492 2080 iu
504 2053 526 2080 re
538 2039 625 2081 salutare
637 2040 694 2081 nobis
707 2041 819 2096 exemplum
830 2040 877 2081 reli-

95 2105 143 2161 quit.
174 2104 288 2161 Quinetiam
302 2120 350 2148 vere
361 2107 384 2148 de
396 2107 428 2150 via
440 2107 533 2163 fatigatus
547 2114 589 2160 est,
605 2121 643 2148 nec
653 2108 747 2163 fatigatus
757 2110 823 2160 modo,
840 2108 971 2158 sedunens.

95 2173 154 2216 etiam
169 2190 215 2232 prae
232 2175 347 2217 lassitudine
366 2176 448 2218 resedit.
480 2176 562 2218 Adhaec
578 2176 670 2232 quoniam
683 2177 779 2219 nuntiate
791 2177 876 2219 hominis

95 2250 185 2285 naturam
197 2250 325 2300 susceperat,
342 2251 435 2286 contenta
447 2258 497 2287 voce
508 2244 613 2296 clamavit,
636 2248 701 2286 Veram
712 2260 785 2295 omnes,
802 2249 837 2299 qui
845 2249 874 2286 lo·
900 2256 958 2287 Maru.

96 2311 168 2352 duratis
177 2320 198 2352 et
208 2315 284 2353 onerati
293 2315 349 2362 esna,
366 2321 386 2353 et
398 2328 433 2366 ego
444 2315 529 2367 reficiam
541 2328 586 2363 oos‚·
608 2320 628 2355 ut
645 2314 670 2355 ad
684 2328 754 2357 omnes
769 2314 823 2357 orbis
835 2322 875 2357 ter·
900 2293 924 2328 u’
932 2293 954 2321 ἢ

95 2392 162 2422 rarum
175 2380 277 2434 homines,
294 2380 327 2437 qui
339 2381 364 2423 ad
375 2395 421 2424 sese
431 2383 573 2438 confugerent,
589 2383 710 2425 recreandos
723 2383 815 2426 idoneam
831 2398 877 2427 esse

96 2448 218 2491 divinitatem
228 2464 291 2494 ‚suam
307 2451 429 2492 ostenderet.
460 2449 569 2493 Praeterea
581 2458 668 2494 tentatus
681 2467 692 2494 a
705 2452 782 2495 diabolo
793 2460 836 2505 est,
858 2461 878 2495 et

96 2518 227 2575 quadraginta
238 2518 280 2560 dies
291 2518 334 2561 sine
352 2519 391 2561 ιιΙΙο
404 2519 448 2561 cibo
457 2527 543 2577 potuque
558 2520 677 2576 permansit,
700 2529 722 2563 ut
733 2523 815 2563 eandem
828 2522 878 2564 divi-

96 2587 178 2629 nitatem
195 2587 267 2629 nutiius
285 2587 315 2629 rei
333 2588 423 2644 indigere
441 2597 568 2642 monstraret.
598 2589 671 2646 Neque
686 2591 738 2633 enim
751 2598 792 2633 tum
805 2592 878 2633 sanaem

97 2657 218 2710 sustinebat,
239 2656 296 2712 quasi
309 2658 407 2700 severiori
423 2659 508 2714 quodam
523 2660 575 2703 vitae
588 2659 679 2702 instituto
690 2659 727 2703 sibi
738 2660 876 2703 abstinentiam

96 2725 216 2778 indixisset,
236 2739 321 2781 seseque
337 2726 401 2768 inedia
417 2728 506 2770 cruciare
525 2744 548 2771 ae
560 2729 676 2786 perdomare
692 2730 764 2783 vellet,
785 2731 820 2772 sed
834 2737 877 2772 tan-

98 2809 155 2851 quam
172 2811 240 2838 veram
256 2796 276 2837 in
290 2809 335 2837 sese
350 2794 473 2839 divinitatem
488 2798 562 2840 habeus
578 2798 650 2840 nultius
663 2799 749 2854 egebat,
769 2802 837 2840 Postea
848 2807 878 2841 ta·

98 2877 155 2917 mon,
177 2872 199 2907 ut
212 2865 309 2921 scriptura
327 2871 405 2917 narrat,
426 2870 507 2917 escrat't5
531 2882 569 2923 qua
584 2867 661 2908 ratione
678 2882 725 2910 vere
739 2882 761 2909 se
778 2868 876 2909 hominem

98 2931 170 2975 factum
187 2948 232 2976 esse
246 2933 375 2990 significavit,
397 2947 441 2974 cum
459 2944 581 2992 assumptum
595 2950 607 2977 a
622 2949 645 2977 se
657 2951 729 2993 eorpus
740 2937 794 2979 veris
809 2951 832 2978 ae
844 2951 877 2978 ra-

97 3000 148 3042 tioni
167 3002 307 3045 consentaneis
324 3002 475 3045 necessitatibus
495 3004 602 3047 obnoxium
618 3018 663 3046 esse
678 3005 744 3047 divina
757 3012 828 3046 nutura
842 3020 878 3047 vo-

98 3068 176 3122 luisset,
193 3086 226 3125 ne,
244 3073 295 3127 quod
308 3063 335 3113 ex
345 3071 387 3129 ipsa
399 3085 470 3114 revera
483 3087 607 3129 consequens
618 3088 664 3116 esse
677 3074 792 3126 videbatur,
808 3088 877 3117 veram
