1988 3392
114 213 155 256 1'40
401 221 610 257 ειαουιεειιιιιιιιι

18 298 64 344 Κεφ·
70 299 102 341 λζ’-
174 300 275 351 Πολλάκις
283 301 305 344 δὲ
313 304 349 344 καὶ
359 303 404 354 περὶ
413 299 489 342 τούτων
497 298 644 354 διηγησάμενος
652 298 741 355 ἀρκετοῖς
748 299 799 351 ἔχειν
808 300 899 343 ἐνταῦθα

27 384 62 413 pag.
70 377 102 406 εει.
115 365 220 422 ἡγούμεθα
231 372 273 409 τῶν
289 367 356 410 αὐτῶν
367 367 487 421 ἄνατροπῦν
499 369 539 407 τοῖν
550 368 652 422 ρἠθεισαῖν
667 363 710 408 ίίνω
724 363 777 421 πρδς
790 364 827 420 τήν
843 368 899 421 ῥίζαν

114 434 151 490 την
159 434 276 489 έκφύσασαν
284 435 360 479 τούτων
369 432 405 488 την
412 435 541 488 κακοδοξίαν,
550 435 667 491 δυναμένων
674 434 709 478 καί
716 435 806 477 ἐνταῦθα
813 433 899 489 τούτους

114 502 163 559 τοῦς
170 507 327 566 προειρημένους
334 501 460 564 Ἡμιαρείους
468 502 592 564 ἀνατρέπειν,
601 506 636 551 καὶ
645 502 693 558 τοῦς
702 503 735 552 εἶπ’
746 502 813 551 αύτοῖν
821 507 899 562 σχίσαν-

114 595 157 631 τας,
166 576 214 630 τούς
224 580 270 636 περὶ
277 575 380 629 Ἀνάνιον,
389 576 424 619 καὶ
433 573 481 627 τούς
490 573 563 628 άλλους
570 575 618 628 τυύς
629 578 752 632 ἐνθεμένους
761 578 783 621 έν
789 581 818 637 τῇ
827 581 900 621 Σελευ-

115 649 160 707 κείιγ
168 646 308 704 τῆςἸσανρίας
317 646 385 702 ἑτέραν
394 647 461 689 πίστιν
472 644 528 703 παρά
539 645 576 701 την
587 644 731 701 τῆςάληθείας,
746 646 772 702 ἣν
781 648 816 690 καλ
829 644 899 702 αὐτὴν,

115 715 152 771 την
162 717 183 768 ἐξ
195 714 263 759 αὐτῶν
274 716 399 767 ἐκτεθεῖσαν,
419 715 447 764 εἰς
459 713 548 770 φανεράν
559 713 679 770 βουλόμενοι
691 720 814 770 καταστῆσαι
824 713 900 770 δμοίως

116 784 164 839 μετά
184 783 221 838 τήν
238 786 343 826 Βασιλείου
361 781 486 839 Ἀγκνρηνοῦ
504 785 539 826 καὶ
559 786 660 840 Γεωργίου
681 787 718 826 τοῦ
738 785 857 834 Λαοδικέας
877 786 900 827 ἔκ

116 850 226 906 προςτίπον
239 849 291 893 ὅλοιν
301 851 439 906 γεγραμμένην
447 854 514 893 πᾶσαν
524 853 602 901 τελείως
613 849 753 907 προετάξαμεν.
775 849 821 893 Ἵνα
832 851 900 894 δὲκαὶ

110 915 235 970 ’ταύτην-την
251 922 321 973 κρυφῆ
336 917 372 970 μέν
386 915 412 959 τά
427 915 483 959 δεινοί
497 918 641 973 ἐργαζομένην,
663 915 727 970 φιμάν
737 917 759 960 δὲ
771 918 805 960 ἐπὶ
815 921 844 975 τῷ
855 916 900 960 στύ-

116 1002 162 1041 ματι
174 986 286 1040 λαβοῦσαν,
308 983 374 1042 ν’)’ςπερ
390 982 424 1029 διά
439 989 520 1040 χαλινοῦ
533 984 567 1029 διά
584 984 619 1029 τάν
636 983 708 1042 καιρδν
720 989 757 1040 τῆς
768 983 900 1044 ύποκρίσεως,

117 1051 144 1112 μὴ
157 1055 179 1100 ἓν
189 1054 275 1116 δευτέρῳ
286 1053 372 1112 θέμενος
381 1052 434 1108 δόξω
446 1051 474 1108 τίς
483 1053 534 1100 κατά
547 1052 614 1114 λήθην
626 1058 685 1101 τοῦτο
698 1056 836 1113 πεποιηκέναι,
851 1057 900 1111 λέξω

115 1127 150 1171 καί
162 1124 217 1184 ύλίγα
228 1126 279 1185 πρδς
289 1125 353 1182 αύτην
361 1127 394 1170 καί
406 1124 454 1178 τοῦς
464 1126 528 1183 αὐτὴν
539 1128 671 1183 ἐνθεμένους,
690 1126 743 1185 πρδς
751 1126 799 1179 τούς
809 1145 901 1186 προειρη-

116 1197 189 1251 μένους
199 1199 244 1254 περλ
255 1195 360 1249 Ἀκάκιον,
375 1198 409 1239 καὶ
422 1195 526 1249 Εύζύϊον,
541 1198 576 1240 καλ
588 1195 697 1252 Εύτύχιον,
714 1198 749 1240 καλ
761 1196 808 1249 τούς
824 1196 900 1249 άλλους.

117 1268 159 1310 Καὶ
170 1264 248 1323 φανερά
258 1267 294 1322 μέν
305 1267 357 1310 ἔστιν
366 1263 380 1320 ἡ
389 1267 469 1315 έκθεσις
480 1263 493 1320 ἡ
503 1266 634 1323 προκειμένη,
650 1264 775 1310 ιἰλλοιοίσασα
783 1265 821 1322 τήν
831 1264 901 1322 δμολο-

116 1338 161 1391 γίαν
175 1340 211 1389 τῆς
228 1332 330 1389 α’ληθείας.
353 1333 398 1377 Ἵνα
410 1334 432 1376 δὲ
442 1333 470 1388 μή
481 1351 532 1384 τινες
546 1336 617 1377 εἴπωσι
630 1331 682 1377 κατά
697 1338 834 1387 συκοφαντίαν
850 1334 902 1391 πρδς

117 1401 201 1452 τούτους
212 1400 266 1457 ἡμᾶς
276 1403 386 1458 εἰρηκέναι,
401 1404 496 1455 δείξωμεν
506 1401 520 1444 ἃ
529 1400 682 1457 προβαινόντων
696 1406 737 1445 τῶν
748 1401 826 1457 χρόνων
838 1401 902 1456 σ’ίφθη

115 1471 151 1511 καὶ
161 1468 262 1524 ἐφωράθη
273 1471 295 1511 έν
306 1473 331 1527 τῇ
340 1470 475 1526 προειρημένη
486 1473 526 1510 τοῖν
536 1468 603 1510 αὐτῶν
615 1467 679 1510 συνύδ
682 1486 709 1525 913
733 1468 769 1518 Ἐξ
782 1467 848 1511 αὐτῶν
863 1467 901 1524 γάρ

117 1534 210 1588 Εύζοίϊος
220 1534 263 1578 δέν
274 1538 391 1594 Καισαρείᾳ,
407 1534 500 1590 μαθητής
512 1535 593 1578 ἐκείνων
604 1533 706 1592 ύπάρχων,
722 1536 741 1578 εί
750 1536 785 1579 καί
796 1533 832 1578 τάν
839 1534 901 1579 'Anci-

117 1622 163 1648 κιου
179 1605 278 1657 διεδέξατο
292 1602 340 1661 μετά
356 1603 476 1649 κατάστασιν
493 1605 619 1661 Φιλουμένου
635 1609 672 1649 τοῦ
685 1602 726 1650 ῦπδ
747 1607 847 1662 Κυρίλλυν
863 1609 901 1650 τοῦ

116 1673 274 1735 Ἶεροσολυμίτον
287 1676 459 1731 κατασταθέντος,
474 1676 508 1720 καλ
521 1673 570 1732 μετά
580 1673 700 1721 κατάστασιν
713 1679 813 1734 Κυρίλλον
823 1681 860 1721 τοῦ
871 1678 902 1735 γέ-

119 1765 200 1806 ροντος,
221 1752 257 1791 τοῦ
268 1745 309 1791 αἰπύ
321 1751 361 1790 τῶν
374 1748 420 1805 περὶ
433 1744 534 1802 Εύτύχιον
544 1747 714 1799 κατασταθέντος,
734 1747 768 1790 καὶ
780 1745 829 1803 μετά
842 1746 901 1792 κατά·

119 1831 187 1860 στασιν
198 1819 294 1859 Γελασίου
302 1820 339 1860 τοῦ
351 1814 391 1859 ῦπά
403 1819 504 1872 Κυρίλλον
513 1810 577 1865 αὖθις
590 1820 628 1859 τοῦ
636 1813 792 1873 Ἱεροσολυμίτον
805 1830 903 1860 καταστα-

119 1887 200 1937 θέντος·
222 1887 243 1937 ἒξ
258 1883 346 1939 οίδελφης
362 1883 399 1941 γάρ
417 1882 481 1928 οῦτοῦ
498 1883 596 1940 ἐτύγχανε.
626 1885 799 1928 Κατασταθέντοιν
811 1885 849 1942 γάρ
863 1890 904 1929 τῶν

119 1958 192 2009 τριῶν,
207 1954 242 1996 καὶ
252 1951 383 2009 άργησοίντων
392 1951 426 1994 διά
437 1951 474 2006 τήν
483 1951 535 2008 πράς
545 1950 641 2006 άλλήλους
651 1953 701 2008 έριν,
715 1947 778 2002 αῦθις
790 1951 803 1996 ύ
811 1961 903 2010 προειρη·

120 2022 179 2075 μένος
193 2019 288 2071 Εύζοίῖυς
301 2019 420 2072 κατεστάθη.
448 2017 482 2070 Ἐξ
493 2018 561 2079 αὐτῶν
575 2014 613 2061 οῦν
627 2020 662 2060 καὶ
677 2023 792 2072 Γεμελλῖνος
808 2018 902 2075 ύπῆρχεν,

119 2090 141 2139 ἐξ
155 2087 223 2130 αὐτῶν
239 2089 340 2136 Φίλιππος
350 2084 363 2128 o‘
373 2088 539 2141 Σκυθοπολίτης,
554 2087 575 2136 ἐξ
586 2083 653 2128 αύτιῦν
666 2084 787 2138 Ἀθανάσιος
798 2086 904 2131 άΣκυθο-

119 2158 211 2212 πολίτης,
227 2157 299 2207 οἵτινες
312 2154 351 2198 οὐκ
366 2156 389 2198 ἐκ
398 2159 479 2216 κρυφῇ,
500 2151 549 2198 οίλλιλ
563 2152 612 2210 μεταλ
625 2158 750 2213 παρρησίας,
766 2154 794 2208 οἱς
805 2155 903 2215 1οίπειρα-

119 2226 256 2288 γαθησαντες,
272 2227 297 2271 οῦ
312 2226 375 2283 μόνον
389 2224 413 2271 τά
421 2224 500 2284 Ἀρείου
512 2223 651 2280 διδάσκουσιν,
672 2224 712 2271 ἀλλ’
722 2224 859 2285 ύπερμαγοῦσι
869 2232 904 2286 τῆς

121 2297 188 2343 αὐτῶν
198 2299 298 2354 αἱρέσεως,
313 2298 348 2341 καὶ
356 2295 404 2347 τοῦς
413 2295 450 2352 τήν
460 2295 558 2352 άλήθειαν
566 2294 698 2348 διδάσκοντας
709 2297 822 2350 διώκουσιν,
837 2296 905 2342 οῦκέτι

120 2367 188 2425 λόγοις
200 2366 319 2423 βουλόμενοι
332 2365 463 2423 ἀνατρέπειν,
482 2365 532 2409 άλλολ
542 2366 577 2408 καὶ
588 2367 689 2421 έχθρίοις,
702 2366 738 2408 καὶ
750 2367 855 2421 πολέμοις,
870 2368 904 2410 καί

121 2439 227 2492 μαχαίραις
236 2433 379 2491 παραδιδόντες
390 2432 438 2485 τοῦς
447 2432 518 2489 ὀρθῶς
530 2432 665 2483 πιστεύοντας.
696 2433 771 2490 Λύμην
781 2434 819 2492 γάρ
832 2435 858 2479 οίι
867 2439 905 2494 μιᾷ

121 2503 178 2548 πόλει
191 2504 226 2546 καὶ
240 2502 297 2561 χώρᾳ
311 2504 437 2560 εἰργάσαντο,
452 2500 501 2545 άλλολ
515 2506 603 2551 πολλαῖς.

181 2713 187 2739 ¹
197 2705 289 2759 Λούκιος
297 2701 366 2761 οὗτος,
381 2704 392 2752 o‘
402 2707 423 2752 έν
432 2703 569 2767 Ἀλεξανδρεία
577 2708 663 2750 τοσαῦτα
673 2705 807 2766 ἐργασάμενος
818 2707 847 2758 εἷς
857 2704 906 2759 τοῦς

123 2779 271 2839 άμολογοῦντας
284 2777 320 2823 τάν
334 2777 380 2823 νίάν
393 2783 429 2823 τοῦ
444 2781 496 2822 θεοῦ
513 2778 535 2821 ἒν
553 2776 644 2838 ἀληθείᾳ.
673 2775 732 2823 Ἡδὲ
748 2778 816 2822 αὐτῶν
831 2781 906 2836 φατρία

122 2848 170 2895 καθ’
183 2847 270 2904 έκάστην
286 2846 363 2905 η’μέραν
378 2851 416 2892 τίνι
428 2853 470 2891 νῦν
483 2846 562 2890 σύνεσιν
575 2852 626 2891 θεοῦ
642 2847 726 2903 ἐχόντων
741 2845 779 2891 οῦκ
794 2848 835 2891 έστι
848 2846 906 2902 δήλη,

124 2918 151 2970 ολς
168 2921 256 2976 δημοσίᾳ
269 2916 390 2973 κηρύττουσι
405 2915 485 2960 κτιστῦν
500 2915 536 2969 μέν
552 2913 588 2958 τάν
602 2915 648 2958 υίὸν
662 2921 699 2959 τοῦ
714 2920 776 2967 θεοῦ,
795 2914 875 2959 κτιστύν
885 2915 907 2958 δὲ

148 3035 315 3067 ῦλε.ΧΧΧν11.-
331 3031 345 3066 1.
357 3029 503 3078 οιίδριιγιιδήται-
549 3030 698 3086 (ἒινὲΧΧΧἯΙΙ.
711 3049 733 3057 -
756 3026 846 3074 λὭςιτερ
857 3028 906 3065 Λού-

123 3090 152 3120 τες
163 3081 250 3112 hariolatus
261 3083 284 3112 est
294 3080 375 3113 Ριλαυὶαε.
525 3086 562 3115 κιος
570 3087 619 3116 ουτος
628 3078 719 3118 suspicatus
728 3078 751 3108 τει
761 3076 841 3109 Petamus.
864 3076 907 3108 λίολ-
