1988 3392
244 217 337 252 neuneu
349 218 431 253 ursan.
442 218 498 253 rou.
506 220 520 252 r.
533 218 602 251 nasu.
610 217 691 251 Lxxru.
833 207 857 248 et

76 298 175 351 convicit,
192 298 351 355 sapientissimae
363 299 423 342 divini
432 300 488 342 verbi
499 299 642 356 praedicationi
652 299 701 340 uilril
710 298 814 339 admodum
827 297 863 337 tri-

76 368 136 419 tuat,
160 356 224 423 neque
237 381 264 409 ex
280 367 326 409 fidei
342 367 465 424 praescripto
478 368 562 410 similem
577 367 664 409 essentia
680 367 731 423 patri
745 366 805 407 lilium
817 379 862 406 esse

76 426 173 487 fateatur,
190 443 257 491 utpote
269 436 301 491 qui
315 436 365 477 lalsc
376 443 452 492 patrem
467 437 559 478 etlilium
571 435 668 493 appellet,
685 434 751 490 reipsa
766 449 815 477 vero
828 448 863 475 ne-

76 518 114 560 que
125 510 201 559 patrem
213 518 278 559 neque
293 504 367 556 lilium,
384 506 419 547 sed
434 514 545 546 creaturam
561 519 585 547 ac
598 511 721 555 creatorem,
738 518 762 545 ae
778 502 813 544 lilii
828 517 863 558 pa·
882 540 884 545 .

76 572 151 628 trisque
166 572 267 614 notionem
283 587 327 614 cnm
342 573 424 629 reliquis
439 573 532 629 operibus
547 572 692 624 eommunicet,
714 579 734 613 et
744 570 822 627 quoties
838 584 863 612 ea

76 641 100 682 de
115 655 137 682 re
153 641 219 696 agitur
234 642 354 683 calumniose
375 642 494 694 mentiatur,
517 644 600 698 primum
620 642 666 682 illud
682 655 733 697 epus
748 655 771 681 ac
786 639 863 695 praeci·

76 723 135 765 puum
147 722 204 760 esse,
221 710 272 765 qnod
288 710 312 751 ab
327 710 371 765 ipsc
387 712 458 752 lactum
475 718 518 763 est,
535 717 568 751 aut
583 710 719 764 magnitudine
731 708 862 757 antecellens,

78 792 101 819 ac
117 777 201 833 denique
224 778 380 820 ecclesiasticum
401 779 421 820 in
437 786 513 834 patrem
534 779 636 835 filiumque
657 779 716 820 lidem
739 792 778 819 nen
795 776 864 817 eodem

75 846 134 888 mode
150 848 269 902 proliteatur
283 862 322 902 qun
338 847 390 888 illam
406 847 463 888 nubis
483 847 567 903 apostoli
584 854 642 889 antea
659 846 793 898 tradiderunt,
815 858 863 885 ana-

76 915 141 957 thema
156 915 189 956 sit.
220 919 248 957 Et
261 918 311 956 allud
324 923 391 965 auten,
414 922 435 957 ut
449 915 537 972 loquitur
552 915 664 971 apostulus,
683 918 826 970 praedicemus,
843 921 949 961 etentes.

75 1000 126 1027 nerra
139 988 200 1027 denne
211 989 324 1041 repetemus,
342 1000 365 1027 ae
379 986 494 1027 necessario
510 999 670 1028 commonemus:
688 983 710 1027 Si
726 985 769 1040 quis
784 984 862 1040 sapien-

75 1062 116 1098 tem
131 1055 194 1097 selnm
210 1055 292 1098 eudicus
308 1062 396 1114 patrem,
412 1062 434 1097 ‘et
444 1056 523 1098 unicum
539 1056 582 1098 eius
597 1056 659 1098 lilium
671 1054 796 1112 sapientiam,
813 1054 863 1096 hanc

75 1140 135 1168 unum
152 1125 242 1183 idemque
265 1140 309 1168 cum
330 1126 364 1168 illu
380 1126 432 1167 dieat
447 1140 505 1179 esse,
529 1140 553 1167 ac
569 1126 604 1168 titii
615 1126 760 1182 proprietatem
776 1131 863 1176 evertat,

75 1195 180 1237 anathema
199 1196 233 1237 sit.
269 1194 319 1237 ltem
340 1196 357 1236 si
376 1195 419 1251 quis
439 1196 548 1252 sapientem
569 1195 652 1238 audiens
671 1203 747 1252 patrem
766 1194 863 1236 etlilium

76 1263 119 1306 eius
135 1264 251 1320 sapientiem
271 1264 381 1318 naminari,
406 1266 456 1306 harre
470 1266 533 1321 ipsam
553 1265 671 1321 sapientiam
692 1263 788 1320 sapientis
802 1263 865 1319 patris

76 1333 164 1375 essentia
185 1331 301 1376 dissimilem
322 1334 416 1387 affirmet,
440 1341 532 1390 tanquam
555 1335 664 1390 sapientem
686 1346 734 1374 vere
753 1332 864 1388 sapientiae

76 1410 150 1459 patrem
173 1416 218 1444 esse
238 1417 327 1459 negans,
351 1403 456 1444 anatliema
476 1403 510 1445 sit.
548 1401 630 1459 Siquis
651 1403 708 1444 deum
727 1415 772 1443 esse
788 1408 863 1458 patrem

41 1481 43 1484 ’
77 1485 189 1526 agnoscens
210 1486 254 1513 eum
271 1486 320 1513 vero
335 1472 367 1527 qui
383 1473 404 1513 in
420 1471 516 1529 principie
538 1472 574 1513 luit
589 1472 672 1513 verbum
688 1485 711 1513 ac
727 1472 788 1523 deus,
813 1471 864 1513 hunc

76 1540 129 1582 idem
145 1554 190 1582 esse
205 1541 284 1597 penitus
295 1556 338 1583 eum
355 1542 404 1592 deo,
421 1542 471 1597 apud
488 1555 545 1597 quern
561 1541 643 1583 verbnm
659 1555 682 1583 ac
693 1542 741 1581 deus
757 1548 800 1592 est,
817 1554 865 1581 ceu-

77 1609 157 1660 stirpat,
175 1616 266 1664 tauquam
281 1624 330 1651 vere
341 1609 402 1651 lilium
414 1624 453 1651 non
465 1623 589 1665 agnoscens,
606 1610 710 1651 arrathema
721 1609 755 1650 sit.
787 1608 865 1664 Siquis

76 1677 200 1733 unigenitum
213 1679 270 1719 deum
282 1692 305 1719 ae
316 1678 400 1720 verbum
411 1678 472 1719 lilium
484 1680 516 1719 dei
528 1678 625 1719 nominari
636 1679 727 1729 audieus,
744 1678 794 1733 apud
807 1692 865 1732 quiem

76 1746 159 1787 verbnm
172 1761 195 1787 ae
205 1747 254 1788 deus
265 1753 308 1797 est,
325 1747 377 1788 bunc
386 1747 451 1803 ipsum
463 1747 521 1788 deum
533 1761 557 1787 ac
569 1747 630 1802 patris
641 1747 735 1797 verbum,
753 1747 783 1788 dei
796 1760 819 1787 ae
831 1761 865 1802 pa·

78 1814 127 1866 tris,
144 1816 194 1870 apud
210 1829 268 1871 quem
280 1815 393 1871 unigenitus
405 1816 424 1856 in
437 1815 532 1871 principia
544 1816 592 1856 deus
603 1822 647 1856 erat
662 1814 758 1867 verbnm,
780 1815 866 1856 dissimi-

77 1883 115 1924 lem
128 1884 222 1934 affirmet,
245 1884 469 1938 tanquamverelrlium
483 1883 563 1924 minime
577 1884 685 1935 coralitens,
709 1883 814 1924 artathema
830 1875 875 1925 sit(

78 1948 100 1992 Si
111 1950 155 2005 quis
167 1951 225 1992 fitium
243 1951 286 2001 dei,
311 1951 343 2005 qui
357 1952 421 1992 videri
438 1966 476 1992 rien
493 1958 571 2006 petest,
593 1952 699 2006 imaginem
715 1952 798 1993 audiens
813 1952 865 1991 idem

77 2032 123 2059 esse
135 2032 179 2059 eum
193 2033 232 2060 nnn
242 2018 358 2074 aspectabili
374 2020 411 2060 deo
426 2018 479 2059 dieat
495 2019 614 2071 imaginem,
637 2028 729 2074 tanquam
743 2034 791 2061 vere
804 2020 865 2060 filium

77 2087 158 2127 rasinianae
172 2087 287 2141 professam,
310 2085 414 2127 anathema
429 2086 463 2127 sit.
495 2084 517 2127 Si
530 2086 573 2141 quis
585 2085 708 2140 unigenitum
723 2088 785 2128 lilium
796 2087 867 2142 imagi-

77 2168 122 2195 nem
138 2153 182 2204 dei,
203 2153 237 2209 qui
254 2154 318 2194 videri
335 2168 375 2195 trun
387 2162 464 2209 petest,
488 2155 582 2210 appellari
595 2154 678 2196 audieus
690 2154 806 2196 dissimilem
821 2169 867 2196 esse

77 2223 129 2264 dieat
145 2223 232 2264 essentia
248 2222 322 2274 lilium,
344 2237 368 2264 ae
383 2224 414 2265 dei
433 2238 472 2264 non
488 2223 615 2280 aspectabilis
627 2224 734 2279 imaginem
750 2225 793 2265 eius
810 2223 867 2265 euius

77 2290 164 2333 essentia
180 2291 285 2346 imaginem
300 2292 364 2348 ipsum
378 2291 520 2346 intelligimus,
544 2292 599 2333 velut
618 2292 679 2333 lilium
697 2306 743 2334 esse
762 2306 801 2334 nun
818 2306 867 2334 vere

77 2350 186 2418 pestilens,
210 2360 315 2402 anathema
335 2361 368 2404 sit.
406 2363 454 2403 ltenr
476 2361 493 2403 si
512 2361 556 2418 quis
574 2361 672 2403 dicentem
693 2361 755 2404 lilium
775 2362 866 2414 audiens,

80 2432 241 2484 eremudmodnm
255 2439 313 2484 peter
327 2432 385 2472 tabet
400 2435 458 2473 ctum
475 2434 495 2472 in
507 2434 590 2487 serpso,
611 2435 641 2472 sic
652 2434 724 2487 elfilr'o
740 2435 793 2473 dedet
810 2436 971 2479 cz'lemloann.5,2s.

76 2503 149 2542 tudere
158 2504 178 2542 r'n
188 2516 209 2542 se
220 2504 272 2555 pase,
295 2516 338 2543 eum
354 2502 386 2557 qui
398 2502 459 2544 vitam
472 2501 544 2559 accipit
557 2516 567 2543 a
579 2509 647 2559 patre,
670 2509 690 2544 et
701 2501 748 2543 illud
760 2503 867 2555 dicentem,

77 2574 105 2613 Et
114 2586 151 2625 ege
164 2574 205 2612 ccco
218 2579 299 2631 propter
306 2579 394 2625 petrem,
417 2572 469 2613 idem
486 2586 529 2614 ciam
545 2572 598 2614 vitae
616 2572 684 2614 datore
702 2585 748 2613 esse
765 2573 974 2623 detenuissemus.

77 2641 181 2683 anatliema
193 2640 226 2682 sit.
258 2637 336 2696 Siquis
353 2641 405 2683 istud
418 2640 513 2693 audieus,
537 2644 593 2682 Sicut
604 2649 662 2696 peter
676 2645 734 2682 catum
746 2643 802 2683 dubet
816 2645 836 2683 r‘n
846 2658 868 2683 se

78 2714 130 2764 ipsc,
151 2713 179 2749 sie
186 2712 233 2763 filio
244 2712 297 2750 dedit
306 2713 365 2750 crtum
376 2712 446 2751 laedere
458 2714 478 2751 in
489 2726 510 2751 se
520 2714 572 2764 epse,
590 2710 705 2752 dissimilem
718 2712 805 2752 essentia
816 2712 868 2767 patri

77 2779 139 2820 lilium
153 2785 268 2831 asseveret,
290 2779 351 2820 etita
367 2779 395 2820 uti
409 2779 456 2820 dicit
473 2779 546 2821 habere
560 2794 582 2821 se
596 2786 692 2832 testetur,
715 2781 820 2822 arratltema
832 2782 865 2823 sit.

76 2846 207 2889 Manifestum
219 2847 271 2889 enim
282 2854 325 2899 est,
341 2861 385 2888 eum
397 2849 451 2899 vita,
469 2863 527 2905 qnam
539 2849 559 2890 in
571 2857 627 2905 patre
638 2849 780 2904 intelligimus,
797 2863 867 2890 essen·

76 2917 104 2959 tia
115 2917 152 2969 sit,
170 2930 256 2958 necnon
268 2924 288 2957 et
299 2916 395 2971 unigeniti
407 2917 460 2970 vita,
477 2931 527 2973 qnae
539 2933 550 2959 a
561 2925 616 2974 patre
627 2918 695 2974 genita
707 2925 750 2970 est,
766 2917 867 2973 intelliga-

99 2998 115 3031 ὃ.
134 2999 192 3032 Omnes
209 2999 246 3031 libri
262 2998 319 3030 hadent
334 2996 401 3038 τοῦτον,
418 3000 461 3040 quod
484 3009 495 3031 α
506 3000 551 3032 tinus
562 3003 595 3031 tum
606 3001 670 3040 seriptis
680 3009 728 3041 quum
740 3000 791 3032 editis.

75 3046 142 3077 cumaei>
508 3044 524 3079 7.
535 3047 610 3079 Fortasse
620 3044 650 3080 καὶ
658 3042 696 3081 κατ’
704 3041 769 3087 edetur,
780 3048 805 3079 nti
811 3056 866 3088 supra,

97 3087 114 3123 6.
126 3087 156 3126 aul
170 3091 249 3131 suppleuit
257 3090 338 3124 Petunius.
364 3091 410 3123 aaut
418 3091 461 3124 cuine
765 3088 766 3091 ’
832 3089 833 3092 ’
