1988 3392
217 244 311 278 rannac
323 244 365 278 cre.
375 245 405 278 nr.
417 245 473 280 non.
485 246 499 279 1.
511 244 580 279 nnnc,
592 244 676 279 cxxvi.
799 232 839 277 193

53 322 119 365 odium
130 323 244 381 iampridem
258 326 361 379 foverent,
378 326 474 369 eiusmodi
485 326 539 369 illum
550 339 626 383 genere
640 324 710 367 mortis
722 325 841 367 affecerunt.

53 390 118 447 Quem
130 393 208 436 adeius
225 410 293 457 casum
309 396 515 448 commemorandum,
537 404 558 437 et
571 394 718 438 atrocissimum
735 395 783 437 illud
795 408 842 450 sup-

53 461 147 517 plicium,
169 478 208 519 qao
224 465 291 506 statim
306 471 365 520 atque
378 463 444 506 audita
458 462 571 507 Constantii
587 478 642 506 mors
653 471 697 517 est,
717 463 741 504 ab
752 463 843 505 Alexan-

52 529 115 573 drinis
135 531 266 589 interemptus
284 540 327 585 cst,
351 533 405 575 nnlla
424 533 464 575 alia
483 534 589 576 occasione
607 548 652 576 snm
670 532 767 575 deductus
784 546 843 587 quam

52 600 105 655 quod
120 600 144 642 de
159 600 220 644 Aetio
240 602 377 659 disputandum
395 603 453 645 uobis
473 610 540 656 essct,
562 603 596 659 qui
611 603 635 645 ah
650 603 685 645 illo
700 602 796 644 diaconus
812 608 843 642 est

53 668 164 711 ordinatus.
589 706 591 709 .

110 736 149 778 Hic
161 738 222 794 igitur
231 738 304 781 Actius
316 740 340 781 ad
352 740 437 781 adultam
449 747 534 782 aetatem
550 755 612 796 usque
624 746 739 781 exterarum
753 738 840 795 discipli·
853 747 894 792 Gap.
902 748 923 780 tt.

53 819 136 857 narum,
159 807 186 848 uti
204 815 299 859 narrant,
320 809 356 849 luit
372 808 452 849 omuino
470 809 533 850 rudis.
565 807 656 849 Tandem
672 821 722 850 vero
736 822 780 849 cum
793 807 843 848 Alc-

52 873 152 914 xandriac
164 875 296 917 Aristotelico
312 876 389 917 cuidam
403 875 520 931 philosopho
533 889 557 916 ac
570 875 672 931 sophistae
688 883 784 917 navasset
795 889 843 932 ope·

53 954 108 993 ram,
124 941 149 982 ab
160 955 225 997 eoque
237 943 359 983 dialecticam
370 943 484 994 didicisset,
505 950 560 984 totus
571 943 592 984 iu
602 943 649 983 illud
661 942 764 995 incubuit,
780 951 803 985 ut
814 944 843 984 di-

52 1008 145 1050 vicarum
159 1023 227 1050 rerum
244 1011 342 1050 rationem
358 1024 436 1051 omnem
452 1009 567 1065 quibusdam
586 1010 654 1065 liguris
672 1010 791 1066 explicaret.
822 1011 844 1052 ld

54 1076 105 1131 quod
119 1090 197 1118 summo
208 1076 229 1118 in
242 1078 283 1119 otio
294 1091 306 1118 a
317 1077 380 1134 prima
396 1078 440 1120 luce
455 1078 480 1119 ad
491 1092 597 1135 vesperam
614 1092 677 1133 usqne
694 1078 767 1119 sedens
783 1079 844 1135 perti-

53 1145 97 1187 naci
110 1160 171 1201 opera
183 1146 328 1199 contendebat,
351 1147 443 1189 nimirum
460 1155 481 1188 ut
493 1147 627 1202 geometricas
639 1147 713 1203 figuras
727 1147 806 1189 divinas
819 1148 843 1189 ad

52 1227 86 1257 res
97 1215 222 1268 tractandas,
244 1214 365 1259 deliniendos
375 1215 514 1273 docendasquc
527 1217 655 1260 transferret.
686 1215 753 1272 Atque
765 1224 786 1259 ut
797 1230 843 1259 sese

52 1282 74 1326 iu
86 1284 208 1328 Ariauorum
221 1294 295 1329 sectam
308 1286 367 1329 altius
382 1285 520 1340 immerserat,
541 1294 561 1329 et
570 1287 662 1329 insanam
674 1285 720 1329 Arii
733 1286 844 1329 doctrinam

53 1354 160 1409 hauserat,
181 1356 259 1398 illorum
276 1357 330 1399 velut
341 1356 419 1399 adfrictu
432 1357 515 1413 quodam
527 1357 635 1413 attrituque
647 1356 707 1411 lougc
718 1356 844 1412 pestilentior

53 1425 130 1477 evasit,
146 1432 166 1467 et
178 1425 275 1468 adversus
286 1426 317 1467 dei
329 1426 401 1477 lilium,
418 1440 442 1468 ac
452 1426 542 1481 spiritum
554 1433 644 1468 sanctum
655 1426 742 1482 linguam
755 1440 812 1468 snam
821 1426 843 1468 in

54 1493 97 1536 dies
109 1494 198 1537 exacuit.
229 1492 270 1537 Sed
282 1510 293 1536 a
306 1494 405 1537 nonnullis
417 1495 442 1537 ad
455 1492 595 1537 Constantium
610 1494 687 1536 delatus
699 1494 720 1535 iu
733 1494 842 1536 subiectam

54 1561 125 1605 Tauro
141 1561 203 1606 monti
218 1563 320 1619 regionem
336 1564 445 1619 relegatur.
476 1564 505 1605 lbi
517 1563 649 1621 perniciosam
663 1578 718 1615 suam
731 1564 842 1606 doctrinam

53 1631 112 1688 longe
122 1632 201 1688 lateque
214 1633 343 1689 propagavit,
360 1647 383 1674 ac
396 1632 459 1689 palam
471 1639 492 1674 et
504 1633 599 1674 audacter
611 1632 772 1689 pcrlrictiorique
784 1647 842 1689 quam

53 1708 112 1742 antea
128 1702 194 1743 fronte
212 1701 362 1744 acerbissimum
381 1701 456 1743 erroris
474 1701 527 1743 illius
545 1716 603 1757 quem
618 1709 736 1744 evomuerat
752 1701 808 1743 virus
822 1702 843 1742 in

53 1769 139 1812 medium
152 1770 196 1812 sine
207 1770 247 1812 ulla
257 1769 407 1812 intermissione
419 1769 508 1826 protulit.
539 1770 608 1812 Ausus
620 1777 652 1812 est
662 1771 716 1813 enirn
727 1768 845 1812 dissimilem

52 1838 103 1893 patri
116 1838 189 1891 lilium,
211 1852 248 1880 nec
264 1838 348 1881 eundem
364 1837 467 1880 divinitate
484 1852 530 1881 esse
543 1852 588 1880 cum
603 1838 637 1881 illo
652 1839 749 1896 profiteri.
780 1837 843 1894 Atqui

53 1920 78 1947 ne
96 1920 133 1948 nos
151 1907 229 1962 quidem
244 1906 372 1949 similitudine
391 1907 435 1963 ipsa
454 1920 575 1963 magnopere
595 1907 684 1950 nitimur.
715 1905 794 1963 Quippe
810 1907 844 1961 qui

53 1974 74 2017 iu
85 1975 134 2027 lilio,
150 1976 168 2017 si
179 1990 223 2017 cum
234 1982 291 2031 patre
302 1976 425 2026 conferatur,
441 1974 570 2017 similitudine
582 1976 672 2030 quiddam
686 1975 770 2031 amplius
782 1989 845 2030 agno·

54 2043 140 2095 scimus,
164 2057 188 2084 co
201 2044 253 2097 quod
264 2043 315 2084 idem
330 2042 432 2085 divinitate
445 2042 472 2084 sit
481 2049 502 2084 et
513 2043 615 2097 aequalis,
639 2057 676 2085 nec
688 2043 729 2084 ullo
745 2044 804 2084 modo
816 2042 845 2083 di·

53 2124 134 2155 vcrsas.
165 2107 260 2151 Ceterum
271 2109 310 2151 etsi
322 2110 415 2165 pleraque
429 2109 535 2152 assimilari
546 2110 583 2151 deo
596 2111 700 2162 dicantur,
717 2117 843 2161 nontamen,

54 2179 108 2220 side
121 2178 238 2233 aequalitate
252 2178 368 2233 loquamur,
391 2178 460 2219 eadem
477 2192 522 2218 cnm
537 2177 641 2219 divinitate
656 2185 711 2218 sunt.
743 2175 778 2218 Sic
790 2177 843 2217 enim

54 2246 114 2289 ltomo
127 2248 174 2286 cd
164 2248 265 2299 amogzizem
280 2247 313 2286 dci
325 2247 503 2299 similitudinemque
512 2248 592 2301 foetae,
614 2259 655 2287 non
670 2245 724 2288 idem
742 2259 787 2288 cum
802 2243 837 2287 illo
852 2264 916 2301 een]
926 2265 948 2294 ῃ,

56 2314 176 2372 aequalitate
187 2321 226 2356 est
258 2312 292 2357 Sic
305 2329 386 2368 regnum
399 2317 494 2355 coeloram
507 2329 571 2368 groco
581 2328 654 2368 senapis
664 2316 726 2355 semele
738 2321 782 2367 est
804 2328 845 2356 non
862 2332 922 2364 Maera

56 2392 123 2427 tamen
133 2397 215 2439 granum
229 2383 276 2425 illud
288 2382 339 2425 idem
353 2389 384 2425 est
398 2397 442 2425 cum
458 2396 533 2439 regno,
556 2397 593 2425 nec
605 2382 693 2425 eiusdem
706 2384 797 2426 camillo
809 2398 845 2426 na·
867 2369 922 2404 ’Μ’

56 2462 113 2498 turae
128 2453 227 2512 particeps
242 2460 281 2496 cst.
313 2453 366 2496 ldenr
381 2460 485 2511 practerea
499 2467 583 2511 regnum
601 2453 660 2496 modo
671 2455 841 2508 sermocinando,
869 2472 928 2504 Maia,

56 2526 115 2569 modo
135 2527 198 2565 decem
213 2514 321 2577 enigmata,
345 2524 404 2566 modo
423 2525 572 2579 patresfamilias
586 2523 691 2566 asseritur.
727 2522 786 2580 Quod
801 2524 844 2580 qni·
861 2509 931 2583 ,isssptm

57 2595 138 2638 demde
151 2591 289 2645 similitudine,
313 2608 353 2635 non
369 2593 437 2636 eadem
454 2592 565 2636 substantia
582 2607 618 2650 par
633 2601 665 2636 est
678 2593 749 2651 accipi.
780 2592 845 2638 Filius

58 2651 123 2707 antem
134 2678 178 2706 cum
190 2669 211 2705 et
221 2662 271 2719 patri
282 2662 352 2704 similis
362 2663 399 2716 sit,
422 2671 443 2705 et
453 2663 497 2718 plus
508 2677 565 2719 quam
576 2662 659 2715 similis,
683 2664 735 2719 quod
745 2663 798 2706 idem
812 2678 847 2708 ac·

58 2734 161 2791 qualisque
173 2734 212 2785 sit,
232 2746 272 2773 non
282 2731 347 2773 solam
358 2731 378 2773 in
391 2745 416 2774 eo
428 2731 577 2774 similitudinem
594 2732 725 2788 comprobare
742 2732 796 2775 omni
807 2747 845 2789 ope

58 2803 172 2855 studemus,
188 2802 223 2843 sed
233 2801 318 2843 eundem
328 2800 470 2857 aequalemque
481 2807 605 2852 monstrare,
621 2801 704 2856 perinde
715 2815 738 2843 ac
751 2802 808 2844 deum
822 2803 846 2844 de

59 2871 109 2925 deo,
131 2877 152 2912 et
167 2884 193 2913 ex
206 2876 263 2926 patre
279 2868 352 2921 lilium,
374 2870 448 2912 neceb
461 2869 505 2911 eiu's
518 2869 752 2922 substantiadiversum,
774 2870 810 2911 sed
821 2869 846 2911 ab

58 2939 102 2996 ipso
117 2938 218 2994 genitum,
241 2931 368 2994 quod'ipsum
380 2937 404 2980 de
416 2938 488 2995 spiritu
501 2945 571 2981 sancto
586 2951 626 2980 nou
640 2938 705 2981 minus
717 2939 844 2980 affirmamus.

59 3008 89 3051 At
101 3008 194 3062 egregius
205 3007 239 3049 ille
251 3006 324 3049 Actius
335 3020 361 3049 ue
375 3006 459 3049 similem
477 3007 555 3062 quidem
572 3006 625 3062 patri
638 3007 699 3048 lilium
715 3006 846 3062 pronuntiare

82 3098 99 3133 2.
117 3099 194 3140 Suspicor
209 3099 315 3140 reponendum
330 3108 362 3132 esse
374 3093 512 3143 sacramentale
522 3108 542 3133 τε
552 3094 572 3132 τὸ
583 3110 600 3141 μ.

98 3152 158 3190 corpus
167 3151 259 3182 Haercaeot
268 3152 313 3181 113.
682 3158 708 3198 13
