1988 3392
346 252 568 291 anicarnannaosrs.
806 245 848 289 577

65 353 112 386 nare
124 335 184 388 velit,
206 335 292 379 delinitis
303 334 341 378 hoo
358 335 427 379 diebus
441 337 507 380 facere
518 337 623 395 prohibet,
647 337 681 378 sed
695 337 774 393 quando
785 336 849 379 libue-

64 412 97 455 rit.
127 404 249 463 Episcopum
265 404 323 446 docet
338 404 400 447 nihilo
416 407 581 462 praestantiorem
597 420 643 449 esse
658 405 785 462 presbytero.

120 474 209 518 Aetiani.
240 472 305 516 Huius
321 473 412 516 haeresis
425 474 496 517 Aetius
510 476 588 532 qnidam
602 475 697 518 inventor
713 474 791 528 extitit,
813 488 849 531 ge-

66 560 113 592 nere
124 542 192 595 Cilix,
214 542 247 599 qni
258 542 371 599 aGeorgio
385 543 507 586 Arianornm
524 545 616 601 episcopo
634 545 730 587 diaeonus
746 544 849 586 ordinatus

66 623 103 660 est.
134 612 251 655 Anomoeos
261 612 306 654 illos
317 611 424 668 appellant,
440 612 474 655 alii
484 611 634 666 Eunomianos,
654 614 679 656 ab
690 612 792 655 Ennornio
801 627 850 668 quo-

66 687 108 727 dam
119 680 174 724 Astii
186 680 295 737 discipulo,
311 681 343 737 qni
356 681 393 722 boc
406 688 496 737 tempore
509 690 608 738 superest.
630 681 751 724 Earnmdem
765 682 851 737 partium

68 758 109 796 erat
119 758 140 792 et
152 748 271 801 Eudoxias,
287 749 323 791 sed
334 746 448 792 Constantii
457 750 584 807 imperatoris
596 757 650 793 metu
662 750 686 792 ab
698 750 737 792 illis
749 764 771 792 se
782 764 852 806 segre-

66 835 115 879 gans
127 833 150 861 ao
160 817 215 860 solus
227 817 299 860 Aerios
310 818 411 873 relegatos
423 826 462 861 est.
494 818 618 875 Quamquam
629 820 649 861 in
664 820 742 862 Ariano
759 820 852 875 dogmate

67 887 215 949 perseveravit,
239 887 274 929 sed
291 886 373 929 Aetium
390 888 471 943 min-ime
486 896 568 930 secutas
585 896 624 930 est.
659 886 725 930 Porro
741 888 851 941 Anomoei,

68 959 110 1007 sive
121 955 213 1007 Aeliani,
235 952 338 997 Christum
354 962 375 997 et
385 955 476 1012 spiritam
489 965 579 998 sanctum
595 957 654 999 adeo
666 957 753 999 funditus
766 957 853 999 alienum

69 1040 112 1070 esse
122 1023 247 1082 praedicant,
270 1038 319 1081 quos
335 1030 414 1067 creatos
428 1038 486 1077 esse,
508 1038 573 1081 neque
584 1025 687 1081 quicquam
699 1025 772 1068 habere
783 1026 853 1067 simili-

68 1095 140 1139 tudinis
157 1099 258 1136 asserunt.
296 1091 374 1151 Quippe
392 1093 514 1150 syllogismis
535 1093 651 1150 quibusdam
673 1093 809 1137 Aristotelieis
830 1109 854 1136 ac

69 1163 195 1223 geometricis
207 1162 239 1204 dei
254 1169 344 1204 naturam
355 1162 457 1219 explicare
469 1163 561 1214 student,
578 1162 688 1219 iisdemque
699 1164 785 1220 probare
794 1161 854 1206 Chri-

70 1242 120 1277 stum
131 1247 142 1274 a
153 1233 190 1274 deo
202 1230 251 1273 oriri
262 1246 302 1274 non
312 1245 379 1287 posse.
400 1230 520 1274 Ennomiani
532 1246 583 1274 vero
592 1232 616 1273 ab
625 1232 669 1288 ipso
678 1233 762 1289 profecti
774 1246 853 1283 omncs,

71 1303 102 1359 qni
119 1302 143 1343 ad
160 1315 183 1343 se
198 1301 293 1354 veniunt,
313 1301 386 1343 iterato
403 1300 516 1357 baptizant,
537 1315 576 1342 non
593 1301 702 1343 catholicos
719 1301 796 1354 solnm,
818 1301 855 1344 sed

70 1371 101 1414 vel
116 1369 205 1412 Arianos
219 1369 286 1426 ipsos,
307 1369 366 1425 idque
383 1383 407 1411 eo
424 1370 483 1411 modo
494 1376 515 1412 nt
527 1369 609 1426 pedibus
620 1370 640 1411 in
656 1370 734 1412 coelum
749 1371 855 1413 conversis

70 1440 90 1481 in
104 1446 162 1495 capnt
173 1438 219 1481 illos
235 1438 346 1494 intingaat3
368 1439 420 1495 qnod
438 1439 462 1481 de
482 1438 522 1481 illis
540 1438 660 1495 percrebuit.
691 1437 798 1495 stuprum,
821 1446 855 1482 ant

71 1508 121 1550 aliud
137 1507 237 1563 quodlibet
253 1515 369 1564 peecatum,
393 1506 441 1549 nihil
455 1521 501 1550 esse
518 1508 621 1561 dictitant,
646 1522 710 1563 neque
727 1508 780 1549 euim
797 1509 855 1550 deam

73 1576 123 1618 alind
138 1577 242 1633 quaerere
251 1590 308 1632 qnam
321 1584 342 1618 nt
352 1576 373 1618 in
385 1590 409 1618 ea
419 1575 463 1618 sola
478 1591 536 1632 qnam
551 1576 589 1633 ipsi
605 1576 720 1632 praedicant
734 1577 772 1619 tide
788 1591 857 1633 perse-

72 1651 160 1687 veretur.

127 1712 172 1756 Hae
183 1720 229 1755 sant
243 1713 338 1756 haereses
350 1713 396 1756 illae
409 1720 485 1770 septem
501 1726 550 1769 qnas
565 1720 636 1755 sextas
648 1713 687 1755 iste
699 1714 745 1756 libri
756 1713 812 1756 tertii
827 1720 858 1756 to-

74 1796 116 1825 mus
131 1782 276 1839 complectitur.

130 1850 222 1907 Denique
234 1849 280 1892 libri
292 1847 330 1892 lll.
346 1857 410 1892 tomus
423 1848 461 1903 ll.,
483 1850 516 1905 qni
529 1857 560 1893 est
571 1857 669 1892 tomorum
681 1850 750 1893 ordine
762 1848 820 1902 Vll„
836 1850 858 1892 in

75 1933 112 1975 qno
126 1920 187 1962 totius
202 1919 269 1976 operis
284 1918 329 1961 finis
340 1925 384 1971 est,
401 1918 496 1961 haereses
510 1918 600 1962 continet
610 1917 648 1961 lv.

131 2056 269 2108 Dimoeritae,
290 2056 322 2113 qni
344 2063 364 2097 et
381 2055 551 2112 Apollinarium,
572 2056 605 2111 qni
617 2057 725 2112 perfectam
742 2052 819 2098 Christi
829 2044 870 2098 in-'

76 2126 210 2168 narrationem
220 2124 301 2168 minime
313 2124 445 2178 confitentur,
466 2139 548 2180 quornm
560 2124 593 2166 alii
607 2124 777 2167 consubstantiale
789 2125 861 2168 divini-

78 2193 112 2236 tati
122 2208 168 2237 esse
179 2208 252 2251 oorpns
264 2194 372 2245 affirmant,
388 2193 423 2235 alii
432 2207 482 2235 vero
494 2193 601 2234 del'eudere
612 2193 665 2235 istud
678 2193 737 2235 etiam
750 2194 793 2235 ansi
804 2201 859 2245 sunt,

78 2258 178 2305 Christum
186 2277 310 2320 nequaquam
320 2262 406 2304 animam
416 2262 556 2317 assumpsisse,
570 2261 629 2317 idque
638 2275 712 2317 negare
721 2262 859 2304 instituerunt.

78 2327 162 2384 Quidam
179 2331 209 2373 bis
225 2330 326 2387 evangelii
342 2330 409 2372 verbis
425 2330 501 2383 innixi,
524 2331 606 2371 tortum
621 2344 667 2371 curo
682 2331 810 2383 factumest,
833 2344 862 2372 ex

78 2407 144 2443 creata
155 2415 227 2453 earne,
250 2400 287 2442 hoe
298 2406 330 2441 est
339 2397 418 2452 Maria,
439 2413 519 2440 carnem
530 2398 554 2440 ab
565 2398 600 2440 illo
612 2405 723 2454 susceptam
735 2413 781 2440 esse
792 2399 863 2441 volne-

78 2475 134 2522 runt,
156 2469 191 2512 sed
204 2468 267 2511 solum
283 2467 366 2510 verbum
377 2480 456 2509 carnem
470 2481 516 2510 esse
531 2468 605 2509 factum
617 2467 745 2523 pertinaciter
757 2482 863 2510 assevera-

79 2544 132 2578 runt.
162 2535 237 2580 Postea
253 2550 315 2588 vero,
335 2550 393 2592 qnam
409 2536 434 2578 ob
450 2550 541 2579 caussam
554 2534 634 2584 nescio,
658 2542 745 2577 mentem
755 2536 864 2578 illumnon

80 2607 209 2663 assumpsisse
225 2605 327 2647 dixerant.

136 2671 352 2730 Antidioomarianitae
366 2672 444 2716 beatam
463 2686 580 2729 semperque
598 2670 697 2728 virginem
712 2665 799 2715 Mariam
818 2680 864 2729 post

81 2741 153 2785 editum
169 2743 289 2785 salvatorem
305 2755 349 2783 oum
364 2739 451 2798 losepho
467 2741 606 2784 oonsuevissse
622 2747 699 2797 putant.

138 2808 283 2868 Collyridiani‚
305 2810 338 2865 qni
350 2809 372 2851 iu
382 2809 472 2852 eiusdem
482 2808 559 2852 Mariae
570 2822 642 2850 nomen
653 2816 706 2851 stato
718 2810 764 2851 anni
781 2809 812 2850 die
825 2808 866 2849 col-

83 2932 103 2956 ea
110 2927 180 2966 qemetlr's
191 2926 259 2960 Pacuui
268 2927 282 2957 et
292 2925 347 2957 loona.
351 2919 427 2956 Damaso
439 2926 463 2956 to·
486 2924 532 2967 κτλ,
548 2927 565 2956 ot
576 2925 594 2955 tn
609 2925 681 2977 Pqnnrio
693 2919 743 2962 εἰς”
732 2933 802 2966 υστερον
818 2921 838 2959 δε
849 2922 866 2958 tl

83 2971 110 3003 cis.
485 2949 599 3011 bturdcnaeaot
611 2965 644 3003 οὔκ
656 2965 695 3004 οῖδα
707 2967 765 3008 εἰπεῖν,
778 2969 816 3003 νοῦν
828 2970 865 3003 κτλ.
914 3001 917 3013 ,

106 3016 133 3051 at
144 3012 231 3059 nepum
219 3026 288 3060 uurepou
299 3012 320 3050 δε
335 3024 355 3049 ea
365 3016 462 3050 Pouortoet
507 3016 534 3049 bd
552 2999 586 3048 inc
600 3017 695 3048 uocabulum
709 3025 741 3047 uon
756 3018 837 3055 comperet
850 3017 867 3048 ta

83 3061 141 3096 lucane
157 3065 232 3097 flamoso.
248 3064 276 3116 qut
291 3056 365 3094 naon
354 3071 424 3104 υστερον
441 3059 462 3096 δὲ
484 3062 529 3094 eodo.
539 3069 575 3093 mss
590 3063 605 3091 et
615 3061 652 3093 edit
660 3062 712 3101 princ.
736 3060 821 3101 Supplevit
834 3062 868 3101 pn·-

84 3106 225 3152 duaaubueoual
240 3104 273 3141 uu'a
289 3103 328 3142 οἶδα
344 3105 407 3146 εἰπεῖν,
426 3106 464 3141 νοῦν
487 3115 531 3139 mam
540 3106 621 3139 Petuntur.

119 3161 178 3201 corpus
186 3160 279 3192 Haereueul.
286 3160 307 3190 Π
316 3161 329 3189 t.
695 3164 722 3206 37
