1988 3392
240 223 333 258 ranann
344 224 386 259 ure.
396 227 425 264 nr.
436 225 492 260 ron.
501 226 514 258 r.
526 223 593 258 uana.
602 223 684 256 uxxrrr.
813 213 853 256 121

69 311 181 364 potentem,
202 304 298 347 faetorem
314 305 365 347 eoeli
380 313 400 347 et
417 313 494 358 terrae,
515 304 662 360 visibiliumque
681 310 701 345 et
715 302 854 345 invisibilium.

70 372 176 417 Credimus
188 374 247 416 etiarn
258 374 278 416 iu
290 373 390 416 dominnm
401 381 489 416 nostrum
504 373 570 417 lesum
584 370 686 416 Christum
700 371 761 414 lilium
775 372 819 424 dei,
836 378 857 414 et

70 444 151 501 abipso
167 444 255 499 genitum
273 443 323 485 eitra
338 443 451 499 passionem
466 444 524 486 ullam
539 450 585 485 ante
601 442 668 484 omnia
684 441 776 493 saecula,
798 442 856 483 deum
918 477 920 479 .

69 513 165 565 verbum,
181 513 238 554 deum
250 512 274 553 de
287 513 335 564 eleo,
353 512 488 568 unigenitum,
504 513 581 565 lueem,
597 511 672 562 vitam,
690 510 807 562 veritatem,
823 524 857 552 sa-

69 581 176 639 pientiam,
198 581 304 633 virtutem,
327 594 433 638 perquem
450 581 516 624 omnia
534 583 585 623 laeta
601 588 648 623 sunt
663 593 714 637 quae
729 578 858 620 ineoeliset
922 630 924 633 v

69 651 89 692 in
102 658 155 693 terra
166 657 224 701 sunt,
240 649 284 691 sive
296 649 392 702 visibilia,
413 651 456 692 sive
465 650 579 692 invisibilia.
611 649 670 692 lluno
681 649 746 706 ipsum
758 648 857 689 eredimus

69 719 90 761 in
102 721 143 762 line
155 719 279 762 saeculorum
294 719 318 760 ad
331 720 485 776 extinguendum
498 726 600 776 peecatum
617 733 697 761 earnem
710 732 720 759 e
732 724 801 759 saneta
815 716 857 758 vir·
916 750 918 752 .

70 787 117 843 gine
128 788 249 845 sumpsisse,
265 787 404 844 hominemque
418 789 502 839 laetum,
522 802 602 844 passum
613 787 659 829 item
672 802 707 844 pro
720 785 807 844 peeeatis
821 800 858 827 ne-

70 856 130 908 stris,
153 856 305 908 resurrexisse,
329 863 350 897 et
364 857 384 898 in
401 857 477 898 eoelum
497 856 614 898 subveetum
630 857 701 898 sedere
717 856 741 896 ad
753 855 857 896 dexteram

70 925 143 980 patris,
166 925 270 966 etiterum
285 931 389 966 venturum
405 939 449 966 erim
466 924 530 979 gloria
546 924 634 966 iudieare
649 925 708 966 vivos
723 931 744 964 et
757 930 855 965 mortuos.

71 989 177 1035 Credimus
193 1001 214 1035 et
226 995 246 1034 in
258 1007 318 1034 unum
331 1001 421 1035 sanetum
437 993 539 1050 spiritum,
561 1006 618 1049 quem
632 993 721 1034 salvator
733 999 753 1032 et
765 991 857 1033 domiuus

71 1069 141 1103 noster
153 1063 209 1104 lesus
222 1060 315 1104 Christus
331 1059 457 1104 Paracletum
473 1062 565 1113 voeavit,
587 1063 711 1117 eundemque
726 1066 770 1116 post
782 1060 857 1101 disces-

70 1142 113 1171 sum
128 1145 185 1172 suum
200 1131 307 1172 missurum
319 1144 342 1171 se
354 1131 449 1187 apostolis
463 1131 561 1187 promisit.
592 1128 657 1185 Quem
674 1136 695 1171 et
706 1142 777 1170 revera
795 1127 857 1180 misit,

71 1204 91 1238 et
103 1212 139 1254 per
148 1212 193 1239 eum
206 1199 277 1240 lideles
288 1197 309 1239 iu
320 1199 405 1241 eeclesia
420 1199 543 1249 sanctificat,
565 1199 598 1253 qui
609 1198 736 1254 baptizantur
746 1198 766 1237 in
778 1197 859 1237 nomine

71 1266 133 1321 patris
146 1273 166 1306 et
173 1266 212 1307 'tilii
225 1273 245 1307 et
255 1266 336 1322 spiritus
346 1268 417 1308 saneti.
449 1265 574 1322 Quicumque
587 1280 636 1307 vero
647 1273 726 1320 praeter
737 1266 787 1306 hane
799 1265 858 1305 sidem

71 1332 125 1374 aliud
137 1333 227 1388 quiddam
240 1334 367 1390 praedicant,
390 1335 467 1376 alienos
478 1335 534 1376 novit
549 1334 634 1376 ecelesia
647 1334 752 1375 catholiea.
783 1331 859 1387 Quem-

74 1402 179 1445 admodum
189 1415 238 1444 vero
250 1416 293 1442 eum
307 1402 344 1443 hae
354 1403 401 1444 fidei
413 1403 497 1444 lormula
508 1408 643 1443 eorrsentanea
659 1402 685 1443 sit
695 1415 718 1442 ea
729 1414 779 1456 qnae
791 1400 859 1443 Sirmii

71 1484 136 1527 nuper
151 1470 243 1526 exposita
262 1476 293 1510 est
313 1484 379 1512 eoram
395 1471 548 1526 religiosissimo
564 1469 686 1526 imperatore
705 1477 775 1511 nostro
785 1474 860 1510 norunt

71 1541 104 1595 qui
121 1539 171 1581 hano
186 1538 248 1595 ipsam
264 1537 358 1593 legerint.

130 1606 298 1663 Subscripserunt
308 1607 340 1663 qui
354 1608 448 1659 aderant,
465 1606 563 1656 Basilius,
584 1604 679 1660 Marcus,
695 1606 797 1662 Georgius
811 1606 860 1647 Ale·
889 1615 931 1660 Gap.

72 1677 171 1719 xandriae
183 1676 300 1733 episeopus,
322 1674 452 1728 Panerahus,
470 1676 607 1734 Hypobarum,
629 1684 650 1719 et
660 1676 737 1733 plurimi
748 1674 858 1717 occidentis
875 1664 942 1700 ml·

73 1744 169 1801 episcopi.
201 1743 245 1800 Ego
261 1742 362 1799 Georgius
377 1746 481 1802 episeopus
498 1744 635 1787 Alexandriae
654 1745 704 1786 bane
719 1745 766 1786 lidei
784 1745 862 1801 proles-

74 1813 151 1855 sionem
162 1814 226 1867 edidi,
248 1819 307 1868 atque
319 1813 346 1854 ita
356 1822 377 1855 ut
389 1814 484 1871 seriptum
500 1822 531 1856 est
544 1828 575 1855 me
590 1815 666 1856 sentire
680 1814 785 1871 proliteor.
817 1812 862 1869 Ego

74 1882 280 1941 Aeaciusepiseopus
293 1879 395 1925 Caesarea
410 1884 460 1926 hane
472 1884 518 1926 lidei
530 1883 674 1941 professionem
685 1884 748 1936 edidi,
764 1891 823 1940 atque
833 1881 863 1925 ita

74 1958 96 1994 ut
108 1953 203 2010 seriptum
214 1959 246 1994 est
256 1965 287 1993 me
299 1953 375 1993 sentire
387 1953 492 2010 proliteor.
523 1952 611 1996 Uranius
623 1953 728 2011 episeopus
739 1953 798 2011 Tyri.
820 1951 862 1993 Eu·

74 2022 152 2078 tyehius
169 2010 275 2078 episeopus
291 2020 460 2078 Eleutheropolis.
497 2021 567 2064 Zoilus
585 2023 690 2079 episeopus
706 2021 804 2065 Larissae
822 2020 862 2078 Sy-

74 2090 125 2132 riae.
158 2088 221 2133 Seras
239 2090 343 2145 episeopus
361 2105 388 2132 ex
405 2089 527 2132 Paraetonio
542 2089 629 2147 Libyae.
665 2090 740 2134 Paulus
755 2091 861 2147 episeopus

74 2158 176 2202 Emissae.
212 2157 329 2201 Eustathius
350 2160 455 2216 episeopus
475 2159 606 2217 Epiphaniae.
642 2162 737 2202 irenaeus
756 2161 862 2216 episeopus

76 2227 167 2285 Tripolis
183 2227 303 2270 Phoenices.
335 2226 435 2270 Eusebius
449 2229 554 2286 episeopus
569 2227 675 2271 Seleuciae
686 2228 767 2286 Syriae.
798 2228 863 2286 Euty·

74 2296 157 2338 elrianus
173 2297 278 2352 episeopus
289 2294 407 2338 Patarornm
419 2298 439 2339 in
451 2296 523 2354 Lyoia.
554 2296 672 2340 Eustathius
687 2299 792 2355 episeopus
802 2296 863 2340 Pina-

72 2380 140 2407 rorum
153 2373 174 2407 et
184 2364 324 2422 Ditlymorum.
355 2363 443 2408 Basilius
454 2367 559 2424 episeopus
572 2364 695 2410 Cauniorum
706 2366 792 2424 Lydiae.
824 2365 863 2409 Pe-

74 2442 117 2477 trus
131 2436 236 2492 episeopus
252 2433 311 2490 Hippi
322 2432 458 2477 Palaestinae.
490 2435 604 2493 Stephanus
615 2438 720 2493 episeopus
734 2435 863 2479 Ptolemaidis

72 2502 160 2561 Libyae.
196 2502 303 2545 Eudoxius
324 2503 437 2560 episeopus.
474 2505 593 2561 Apollonius
613 2505 718 2562 episeopus
738 2503 861 2562 0xyrinehi.

73 2571 203 2615 Theou-hstes
227 2572 333 2628 episeopus
356 2570 483 2615 ostracines.
525 2572 624 2616 Leontius
646 2573 751 2631 episeopus
773 2572 861 2631 Lydiae.

75 2640 204 2684 Theodosius
225 2640 330 2697 episeopus
343 2639 499 2698 ‘Ptritanetpniae
518 2641 604 2700 Lydiae.
641 2641 734 2684 Phoebus
756 2644 862 2700 episeopus

73 2708 233 2766 Polyebalandae
247 2708 333 2766 Lydiae.
364 2708 451 2765 Magnus
469 2712 574 2768 episcopus
592 2711 734 2753 Tbemisorum
751 2710 860 2769 Phrygiae.

72 2777 173 2836 Euagrius
193 2779 298 2836 episeopus
316 2776 427 2834 Mytilenas
445 2780 567 2832 insularum,
591 2777 668 2836 Cyrion
685 2781 790 2837 episeopus
806 2780 863 2823 Doli-

95 2926 112 2963 4.
123 2925 237 2973 Ἐπιφανείας
247 2930 314 2961 restituit
325 2929 404 2960 Pedanius.
477 2931 569 2971 ponendam
580 2928 666 2973 Πιυᾶρων.

95 2986 111 3019 5.
124 2984 279 3029 {redamaremus
295 2995 315 3018 en
331 2986 375 3017 libris
390 2995 427 3018 mss.
442 2990 457 3018 et
501 2986 518 3020 6.
532 2989 555 3020 ltu
564 2988 588 3019 ed.
596 2990 648 3027 prino.
657 2998 693 3021 eum
702 2990 792 3022 tartense.
816 2991 864 3022 rem-

71 3032 157 3073 edprine.
177 3034 220 3064 Nom
229 3032 305 3065 Petuvius
315 3031 364 3063 edidit
373 3028 458 3074 debriamur.
481 3034 579 3065 uiusedidit
591 3028 703 3081 Ὀξυρύγχου.

71 3078 104 3111 Pro
117 3076 197 3120 Πιναρῶν
209 3080 269 3110 mutato
283 3079 348 3110 naeeutu
358 3077 424 3118 fortusse
434 3087 460 3111 re-
