1988 3392
233 212 325 253 einana
337 213 380 248 aaa.
389 214 419 249 iu.
430 214 507 249 Tomi.
520 213 587 250 unua.
600 212 682 249 lxxvi.
811 205 853 249 199

63 311 107 340 rum
117 299 184 348 denam,
201 304 285 354 ecquem
295 299 366 340 misisti
375 299 437 340 Iesum
450 300 554 341 Christum.
585 294 639 342 Nam
652 302 671 338 et
683 294 789 340 nmmullos
800 297 854 340 reta-

23 390 25 392 ·
64 376 132 411 rentes
144 367 256 411 audivimus
267 369 318 425 quod
329 368 353 411 de
364 368 398 410 illo
409 383 431 412 se
442 370 505 425 palam
517 369 597 412 audisso
609 368 772 411 testificarentur.
800 364 852 410 Cum

63 437 142 494 quidam
155 438 180 481 ol
190 445 278 496 stuprum
290 437 375 480 feminae
385 438 460 480 illatum
473 447 628 490 accusarentur,
649 445 669 480 et
681 437 706 479 ab
715 437 760 479 aliis
771 438 853 479 damna-

63 514 145 557 renam,
166 507 215 548 nihil
230 507 285 548 illum
303 514 435 558 commotum,
453 508 493 557 ,sut
513 509 584 549 l'aetum
600 507 648 549 illud
665 507 708 548 risu
726 520 750 548 ao
767 507 852 548 ludibrio

64 582 219 629 prosequentem
238 573 328 626 dixisse,
352 575 425 616 nadlius
443 574 479 615 hoo
496 589 542 617 osse
558 575 666 625 momenti3
690 572 781 630 eorporis
799 574 852 615 enim

63 641 113 681 liano
131 654 177 681 esse
192 642 332 681 necessitatem
351 656 374 682 aa
388 641 522 691 latitationem,
544 643 706 696 quemadmodum
721 654 789 681 autem
802 655 852 680 non-

63 720 162 763 uunquam
173 707 279 762 scalpimus
290 709 418 762 (quamquam
431 720 455 748 ea
468 721 574 749 recensere
587 722 626 748 aon
639 709 683 748 sine
694 708 769 749 rubore
781 711 852 762 possu-

63 791 106 819 mus
117 791 168 835 quae
180 776 269 834 impurus
281 777 314 818 ille
328 776 432 831 iactabat).
464 773 505 818 Sed
518 784 549 828 ut,
572 775 686 834 inquiebat,
708 775 802 834 pinnula,
819 774 853 816 vel

64 849 139 899 lestnoa
151 863 218 891 aurem
231 847 350 905 scalpimus,
367 855 426 904 atque
439 846 476 890 lios
489 848 547 891 modo
557 846 645 906 pumilus
656 846 740 902 desinit,
756 847 787 891 sis
800 853 820 889 et
832 846 851 890 id

62 919 180 961 naturaliter
195 919 252 961 nolis
267 919 347 970 evenit,
364 932 428 973 neque
444 919 546 974 qnisquam
563 933 586 960 ea
602 932 625 960 re
641 918 730 960 laoiemla
746 925 824 975 peceat.

122 987 176 1030 liaeo
188 996 208 1029 et
224 989 261 1029 alia
280 996 320 1030 tum
337 987 433 1029 aliusmodi
450 987 555 1038 nauseabat,
578 1001 602 1028 ae
616 987 713 1028 dissolute
727 994 747 1028 et
760 986 852 1044 nequiter
869 996 911 1044 cap.
922 997 944 1031 v.

62 1057 157 1107 docebam
175 1064 195 1096 ut
207 1057 238 1096 vet
253 1070 279 1097 ex
292 1045 340 1111 ipsis
354 1056 411 1097 tauns
422 1054 532 1097 uniusmodi
547 1057 606 1096 l'ueait
619 1056 652 1096 ille
665 1063 757 1105 constet,
773 1070 850 1110 nosque

63 1124 100 1178 ipsi
113 1123 186 1163 domini
200 1123 280 1172 verbis,
297 1124 352 1163 velut
365 1123 408 1163 lnou
420 1125 516 1177 quadam,
532 1124 683 1171 sollustaemus,
700 1124 732 1177 qni
744 1123 772 1163 sio
783 1124 851 1163 adino-

62 1198 108 1232 nel:
129 1193 230 1230 Attendite
242 1204 254 1229 u
266 1191 324 1242 salsis
338 1192 450 1242 propinetis,
474 1193 510 1243 qui
519 1193 598 1230 ueniunt
610 1193 636 1229 ud
652 1205 685 1230 oos
696 1193 717 1230 in
732 1194 955 1235 uestimentisuatuam.

62 1260 134 1309 oneum,
152 1259 267 1298 multiscius
277 1265 339 1297 notem
350 1264 396 1296 sunt
406 1259 449 1310 lupi
457 1270 549 1310 rapaces:
573 1270 584 1296 u
590 1259 693 1312 jansenius
703 1271 768 1297 eorum
779 1271 851 1310 eogno-

61 1330 118 1369 seeta's
131 1340 175 1369 eos:
198 1328 291 1382 nunquit
304 1327 401 1381 eolligunt
416 1328 439 1367 de
454 1330 514 1381 spinis
529 1340 588 1376 ainos,
611 1333 646 1367 aaut
658 1329 681 1368 de
692 1328 769 1367 tribulis
780 1328 851 1383 finias?

62 1397 97 1442 siu
109 1398 170 1454 igitur
181 1397 308 1440 stolidissima
324 1398 376 1439 illius
390 1397 408 1439 iu
422 1397 513 1444 onnaibus
526 1397 607 1439 andacia
620 1397 665 1440 ltine·
680 1404 700 1439 et
712 1398 765 1440 illino
781 1399 850 1441 rutm-
879 1389 881 1391 V

61 1468 140 1525 guitur,
161 1474 228 1524 utpote
245 1467 363 1522 qui-eontra
380 1467 479 1508 domiuum
497 1469 559 1522 ipsum
581 1468 697 1510 elliunatnm
714 1483 737 1509 os
757 1469 850 1510 attollere

61 1535 219 1585 inuisissimis,
236 1536 256 1577 in
268 1550 352 1591 etantiqua
365 1534 409 1589 sine
421 1537 460 1577 ullo
473 1537 547 1592 pandone
560 1537 662 1577 maledieta
673 1537 771 1588 coniecit,
791 1544 810 1578 ut
823 1551 851 1580 ex

62 1605 109 1661 ipsis
124 1604 244 1659 petulantiae
257 1617 281 1644 aa
293 1604 401 1645 dissolutae
415 1603 501 1645 libidinis
517 1604 613 1646 tumulus
627 1606 767 1658 prudentiores
778 1605 850 1660 quiquo¹

62 1672 169 1728 periculum
182 1671 234 1712 illius
246 1671 341 1711 iacientes
352 1671 377 1711 ab
389 1672 458 1713 iisdem
472 1672 511 1712 illis
525 1672 642 1726 colligendis
654 1673 776 1713 abstineant.
806 1670 850 1713 Ne-

61 1752 100 1794 que
111 1739 162 1779 maim
174 1752 184 1778 e
197 1738 259 1792 spinis
271 1752 310 1778 uva
323 1738 395 1778 demeti
409 1745 486 1789 potest,
509 1746 530 1778 ut
541 1752 568 1779 ex
580 1741 687 1793 depravata
702 1739 792 1780 doctrina
804 1753 851 1780 sau·

61 1805 119 1849 etius
136 1805 220 1847 oriatur.
251 1803 327 1848 Vei-um
346 1805 395 1847 haee
408 1806 432 1847 de
444 1805 522 1847 hoiniue
538 1806 572 1847 illo
585 1806 610 1849 ab
624 1806 668 1848 aliis
684 1814 766 1863 :insaepta
780 1806 850 1848 didio-i-

61 1891 113 1921 inus.
146 1874 167 1920 ln
180 1875 232 1920 illins
246 1889 305 1934 pomo
318 1874 442 1933 dogmatibus
459 1890 503 1920 eum
521 1875 581 1920 aaulta
599 1876 639 1920 siut
651 1875 738 1921 larissae
751 1877 849 1920 adversus

61 1947 160 1990 dominum
177 1948 220 1989 eius
236 1948 354 1989 insolentiae
372 1954 519 1999 oiaiisentauea‚
544 1962 606 2004 pausa
625 1948 662 1989 laoe
679 1948 723 1990 loeo
741 1948 766 1990 de
783 1948 849 1992 multis

60 2019 172 2075 psalmam,
194 2029 271 2072 unaque
281 2017 305 2057 ad
317 2029 340 2056 eo
351 2017 455 2058 refutanda
465 2016 527 2057 diuam
538 2030 589 2071 quae
603 2018 694 2059 dominus
706 2018 788 2059 dicenda
801 2032 849 2059 eou-

60 2085 152 2128 cesserit.
184 2081 239 2126 Saue
255 2084 332 2139 quidem
350 2083 447 2125 eiusmodi
465 2091 496 2125 est
511 2085 609 2125 Attonioei
624 2085 677 2126 illius
693 2085 713 2126 in
728 2085 848 2126 stabiliendo

61 2154 154 2207 dogmate
169 2152 280 2202 calumnia,
302 2151 349 2192 nihil
368 2158 389 2192 ut
404 2152 456 2192 aliud
474 2159 554 2207 praeter
571 2153 714 2193 sententiarum
731 2151 812 2193 ainibras
824 2166 847 2193 ao

61 2219 200 2261 similitudines
211 2226 350 2270 coiisse-totum
366 2232 417 2272 qnae
430 2219 507 2259 tametsi
520 2233 547 2260 ex
557 2220 661 2274 seripturis
670 2219 718 2275 ipsis
729 2219 846 2268 afferamtua,

61 2289 119 2343 louge
132 2294 197 2328 tamon
210 2287 269 2328 alium
286 2300 366 2328 sensnm
382 2286 496 2338 ooiitinent3
510 2293 537 2338 nt
554 2300 597 2327 eum
610 2286 667 2327 aliam
682 2287 762 2328 oniinino
775 2286 814 2327 vim
828 2293 849 2328 et

61 2363 178 2417 potestatem
195 2356 292 2411 habeant,
315 2355 388 2399 abillo
407 2363 472 2399 tannen
494 2355 613 2399 eontrarium
635 2357 658 2398 ad
675 2364 760 2400 naeinam
782 2356 847 2399 deton-

60 2437 165 2487 queantur.
334 2427 336 2429 ’

118 2497 173 2552 Ergo
190 2497 217 2538 ita
230 2497 296 2539 statim
311 2496 367 2538 initio
380 2497 477 2552 disputat:
499 2495 546 2538 Non
564 2512 623 2553 possa
641 2498 703 2550 geniti
719 2498 784 2539 simile
800 2512 846 2540 esse
859 2511 899 2553 Cap.
911 2511 940 2543 Vt.

60 2569 110 2623 quod
123 2580 161 2607 naon
174 2572 205 2606 est
215 2565 315 2620 genitum,
332 2579 376 2606 cum
388 2566 420 2605 vel
431 2566 561 2620 appellatione
573 2567 614 2619 ipsa
627 2566 743 2616 dissideant,
760 2569 847 2621 eoquod

61 2648 120 2675 ιιιιιιιιι
136 2633 245 2686 ingenitum
262 2641 303 2682 est,
328 2634 411 2673 altemm
429 2634 526 2686 geiiitum.
563 2631 638 2673 Verum
655 2641 717 2674 totum
734 2634 781 2675 illud
797 2649 847 2675 sanie

60 2714 117 2756 qnam
136 2700 222 2754 ineptum
241 2707 284 2750 est3
308 2700 366 2753 idque
385 2700 448 2753 ipsum
467 2700 565 2740 hominem
584 2701 607 2740 ad
625 2701 722 2741 insaniam
743 2701 845 2757 compulit.

59 2768 112 2812 Nam
128 2767 145 2809 si
157 2768 175 2810 ei
187 2770 237 2823 quod
256 2767 364 2824 ingenitum
383 2775 414 2808 est.
430 2760 540 2823 genitorem
555 2782 686 2823 quaeramus,
710 2777 730 2810 ut
742 2782 766 2809 ne
779 2783 846 2811 veram

60 2840 84 2883 de
93 2836 175 2883 Christo
186 2837 298 2897 opinionem
310 2837 435 2892 autittanms,
452 2852 491 2880 non
504 2853 563 2881 unum
575 2838 658 2897 amplius
669 2845 746 2898 palum
758 2853 803 2883 esse
814 2854 846 2882 re-

60 2911 173 2968 periemus,
195 2923 260 2966 neque
276 2907 337 2967 patris
353 2916 441 2965 patrem,
463 2911 497 2952 sed
511 2909 581 2952 infiniti
594 2925 678 2954 nanneno
691 2918 767 2968 patrum
779 2918 846 2969 patres

60 3023 112 3067 ipsius
124 3023 212 3056 commissa
221 3023 274 3056 muna
285 3030 334 3062 sunt,
346 3034 397 3067 qaum
408 3023 442 3056 ela·
465 3036 498 3069 que
509 3025 532 3059 ad.
542 3024 624 3061 insaniam
635 3025 737 3069 prooessen't
746 3028 780 3066 cell.¹

59 3069 85 3103 tio
94 3068 144 3102 animi
154 3068 189 3102 eius
199 3076 259 3103 contra
269 3068 356 3103 dominnm
367 3080 407 3102 ausa
415 3080 442 3102 us·
638 3072 641 3075 ⁴
