1988 3392
254 228 347 264 raanan
359 229 442 264 arnan.
453 229 540 264 nomn.
551 228 719 263 nanaaxxvn.
840 221 880 263 341

96 324 181 368 umquam
197 310 274 352 audiit?
292 310 336 365 qnis
348 309 427 362 docuit,
448 310 553 352 didicitve!
584 312 716 351 Nemesion
728 313 828 362 egreditur
838 324 881 350 uer-
898 317 969 354 meaa.

96 384 139 424 bam
154 381 236 428 domarat,
258 387 278 420 et
291 381 403 420 leudeieu
413 380 541 419 Hierusalem.
573 379 601 420 At
618 378 668 420 baec
685 379 737 420 unde
753 380 883 434 prodierunt?

96 449 182 506 Quinam
194 448 253 490 inferi
266 447 313 489 iliud
324 454 451 497 eructarunt,
474 447 643 493 consubstantiale
658 446 757 489 divinitati
769 448 825 489 verbi
836 462 882 490 cor-

95 532 131 576 pus
143 516 190 558 ittnd
201 531 246 559 esse
258 515 310 572 quod
324 513 415 557 aMaria
425 515 513 572 genitum
526 518 570 558 est?
586 524 619 558 aut
634 517 717 559 verbnm
730 516 795 572 ipsum
804 517 825 558 in
838 531 882 558 ear-

95 600 152 637 nem,
169 598 227 638 ossa,
244 584 337 640 capillos,
354 598 377 626 ac
389 591 451 626 totum
463 584 548 640 deniqne
560 599 633 641 corpus
648 600 693 628 esse
706 599 839 637 conversum,
862 592 883 627 et

94 670 105 697 a
116 660 186 710 suapte
198 661 268 696 natura
279 654 389 695 muratum?
419 652 471 709 Quis
483 653 564 695 omnino
578 654 602 695 de
613 651 734 696 Christianis
745 654 808 696 audiit
820 654 881 697 filium

95 724 126 765 dei
138 722 204 779 specie
217 737 240 764 ac
252 721 332 764 fictione
344 723 386 764 sola
398 736 482 779 corpus,
503 736 544 764 non
559 729 630 764 natura
644 724 746 778 gessisse?
777 721 829 778 Quis
842 730 881 764 tam

94 791 165 848 impius
179 791 215 833 fuit
227 798 248 832 ιιι
258 792 362 847 ipsammet
374 791 462 832 eiusdem
476 790 599 832 divinitatem
612 790 748 834 circumcisam
761 806 807 833 esse
822 798 882 846 atque

93 860 228 917 imperfectam
246 874 258 902 e
274 861 363 915 perfecta
380 860 476 900 redditam
493 859 555 902 fuisse
570 860 655 901 sentiret
672 874 696 901 ae
712 860 801 901 diceret?
830 857 882 901 Item

93 928 141 971 iilud
157 928 234 985 ipsum,
251 928 302 982 qnod
315 929 334 969 in
347 927 402 982 ligno
413 928 560 980 suffixnmest,
582 943 622 969 non
636 942 708 984 corpus
719 927 823 980 extitisse,
845 929 881 971 sed

94 997 224 1040 substantiam
236 996 299 1053 ipsam
312 1004 396 1038 naturae
411 996 472 1038 totius
486 995 590 1052 opificem?
620 994 671 1051 Quis
684 1011 728 1038 cnm
740 996 794 1038 istnd
804 997 879 1049 audiat,

94 1080 133 1108 non
144 1079 155 1107 e
166 1063 245 1117 Maria,
268 1065 303 1106 sed
315 1080 342 1107 ex
354 1064 433 1121 propria
446 1064 556 1106 substantia
570 1065 601 1106 dci
617 1065 700 1106 verbum
713 1064 823 1106 obnoxium
835 1080 881 1121 pas-

65 1135 67 1139 ’
93 1134 145 1177 sioni
157 1134 194 1175 sibi
205 1148 277 1189 corpus
289 1134 404 1185 effinxisse,
422 1130 559 1175 Christianum
570 1134 602 1189 qni
613 1134 663 1175 haec
674 1133 748 1175 dixerit
759 1134 882 1175 arbitretur?

94 1201 144 1258 Quis
155 1203 282 1244 execrandae
294 1202 346 1244 illius
359 1201 466 1257 impietatis
482 1208 552 1243 auctor
569 1209 612 1254 est,
635 1210 657 1244 nt
672 1202 768 1244 eiusmodi
784 1203 881 1258 quaedam

93 1271 160 1314 animo
173 1271 280 1327 concipere
298 1278 332 1312 ant
349 1270 414 1326 eloqui
428 1270 508 1311 minime
521 1271 651 1312 formidaret?
673 1285 730 1321 curn,
752 1271 785 1325 qni
796 1270 882 1312 domini-

93 1354 137 1381 cum
149 1352 160 1380 e
170 1337 237 1380 Maria
250 1353 322 1394 corpus
335 1353 380 1380 esse
391 1346 459 1381 natum
473 1347 563 1392 asserat,
587 1354 627 1380 non
642 1339 764 1390 trinitatem,
785 1339 819 1380 sed
833 1353 882 1394 qua·

94 1408 208 1450 ternitatem
225 1407 323 1450 divinitati
341 1407 442 1449 tribuere?
471 1407 530 1448 Adeo
545 1414 566 1448 nt
582 1407 613 1463 qrri
625 1408 653 1449 ita
664 1407 753 1449 sentiant
763 1421 843 1448 carnem
856 1407 881 1448 il-

92 1477 144 1527 iam,
166 1490 223 1531 qnam
241 1475 328 1517 salvator
343 1490 354 1518 e
367 1473 433 1517 Maria
448 1474 527 1529 virgine
542 1475 643 1531 suscepit,
668 1490 695 1517 ex
708 1476 751 1531 ipsa
769 1475 881 1517 substantia

93 1544 188 1586 trinitatis
200 1558 245 1586 esse
261 1545 368 1586 fateantur.
400 1541 441 1585 iarn
455 1557 504 1585 vero
517 1544 615 1585 undenam
628 1558 695 1599 parem
711 1543 756 1585 buic
768 1558 791 1585 ac
803 1558 882 1599 germa-

92 1628 137 1656 nam
149 1613 270 1669 impietatem
282 1626 377 1655 evomere
387 1612 420 1653 alii
430 1613 507 1668 qnidam
519 1612 539 1653 in
550 1613 637 1654 animum
649 1613 780 1665 induxerunt,
796 1612 825 1653 uti
836 1626 881 1653 cor-

92 1696 129 1739 pus
139 1681 203 1738 ipsum
215 1696 254 1723 non
266 1681 369 1723 divinitate
382 1681 438 1723 verbi
452 1680 564 1733 recentius,
588 1682 623 1723 sed
637 1689 777 1734 coaeternum,
800 1696 824 1723 ac
836 1695 882 1738 per·

93 1758 152 1807 petuo
164 1764 207 1792 cum
218 1751 252 1792 itto
264 1751 390 1791 coniunctum
404 1750 496 1791 extitisse
509 1750 615 1801 definiant,
632 1750 789 1805 qnandoquidem
801 1751 825 1792 ab
837 1752 881 1807 ipsa

92 1818 190 1877 sapientia
202 1819 330 1862 constitutum
342 1819 387 1860 est?
416 1816 510 1861 Potuitne
524 1815 644 1861 Christianis
655 1818 679 1861 ab
690 1818 802 1861 bominibus
813 1820 834 1861 in
845 1820 881 1862 du-

93 1890 145 1932 bium
157 1889 238 1941 vocari,
255 1896 365 1931 utrumnam
377 1888 468 1931 dominus
481 1895 551 1930 noster
563 1889 587 1930 de
597 1886 662 1930 Maria
673 1888 751 1945 virgine
763 1897 821 1932 natns
834 1889 881 1931 sub-

93 1959 165 2002 stantia
179 1965 289 2014 naturaque
302 1958 333 2000 dei
346 1958 396 1999 hhus
406 1957 509 2009 extiterit,
531 1958 639 1999 secundum
659 1972 738 1999 carnem
756 1957 881 2001 veroeDa-

93 2029 145 2072 vidis
164 2028 237 2084 stirpe,
259 2041 282 2069 ac
298 2034 440 2069 sacrosanctae
460 2025 543 2081 virginis
562 2040 622 2068 carne
640 2029 759 2084 susceptus?
794 2027 881 2084 Quinam

93 2113 153 2156 porro
170 2104 223 2141 tanta
238 2097 350 2140 temeritate
363 2104 383 2138 et
396 2096 478 2138 andacia
492 2096 585 2148 fuerunt,
606 2102 628 2137 ut
640 2093 742 2138 Christum
754 2096 809 2139 ifhrm
826 2111 881 2139 asse·

93 2175 162 2210 rorent
173 2169 205 2224 qui
216 2168 237 2210 in
248 2181 308 2209 carne
320 2180 403 2224 passus,
420 2174 440 2207 et
451 2166 471 2207 in
484 2179 563 2206 crucem
576 2171 631 2206 actas
644 2172 686 2217 est,
709 2180 748 2207 ιιοιι
761 2178 807 2208 esse
819 2166 882 2207 domi-

94 2252 140 2279 num
158 2251 181 2278 ac
196 2237 330 2288 salvatorem,
354 2242 374 2277 et
392 2235 462 2287 denm,
486 2233 588 2291 patrisque
604 2233 679 2276 filium?
713 2233 806 2289 Quonam
822 2242 881 2291 pacto

60 2332 62 2335 -
95 2304 221 2349 Christianos
236 2305 330 2362 appellari
342 2319 364 2346 se
376 2304 446 2346 volant
463 2303 495 2360 qui
509 2303 529 2344 in
541 2310 631 2345 sanctum
647 2303 748 2345 bominem
765 2304 848 2361 perinde
859 2311 881 2346 nt

93 2374 114 2417 in
133 2375 217 2430 aliquem
234 2375 259 2417 dc
275 2374 414 2431 prophetarum
435 2387 519 2414 numero
539 2373 639 2429 delapsum
660 2387 705 2415 esse
723 2372 818 2429 verbnm,
840 2388 881 2415 non

93 2444 199 2499 ipsummet
214 2443 313 2485 bominem
332 2445 405 2484 factum
421 2455 466 2483 esse
480 2441 608 2497 profitentur,
631 2456 675 2484 cum
689 2456 715 2484 ex
727 2440 794 2484 Maria
808 2455 881 2498 corpus

93 2512 204 2564 induisset,
220 2512 255 2554 sed
268 2512 352 2554 alterum
364 2525 410 2553 esse
421 2509 534 2563 Christum,
544 2554 546 2559 ,
556 2510 639 2552 aiterum
653 2510 685 2552 dei
695 2511 767 2564 fitium,
790 2511 881 2567 quiante

94 2580 180 2623 Mariam
196 2588 216 2623 et
231 2587 278 2622 ante
293 2581 374 2623 saecula
390 2581 456 2622 omnia
473 2579 523 2621 filins
536 2593 563 2621 ex
578 2586 635 2635 patre
647 2580 756 2636 prodierit?
785 2579 819 2622 Αιι
832 2594 881 2622 vero

95 2648 203 2692 Christiani
214 2664 260 2692 esse
273 2657 356 2706 possunt
370 2648 402 2704 qni
418 2649 477 2690 atium
490 2662 536 2690 esse
547 2649 616 2700 deum,
638 2649 691 2690 aliud
703 2655 723 2690 et
734 2648 758 2691 ab
769 2649 804 2691 illo
815 2648 882 2691 diver·
940 2672 942 2676 -

96 2733 139 2761 sum
155 2718 187 2760 dei
203 2718 284 2761 verbnm
300 2718 429 2774 praedicant?

151 2786 208 2841 Haec
223 2788 243 2829 in
256 2786 295 2828 this
314 2786 463 2828 commentariis
480 2786 634 2829 continebantur
652 2787 779 2843 pronuntiata
791 2787 879 2841 diverse,
899 2796 942 2843 cap.
953 2798 975 2833 v.

118 2868 144 2902 12.
156 2867 218 2912 σοφίας
229 2869 248 2901 Β.
521 2866 548 2901 te.
561 2865 616 2914 &pepon
627 2868 646 2899 Β.

118 2913 145 2947 13.
158 2911 219 2948 ἑαυτοῦ
231 2914 249 2945 Β.
522 2912 548 2946 19.
561 2915 603 2946 εἰναι
614 2911 714 2954 Χριστιανοὶ
726 2910 805 2948 δύνανται
817 2912 833 2946 οἱ
844 2914 863 2946 Β.

118 2956 145 2991 lt.
157 2955 199 2993 εἶναι
210 2955 241 3001 τήν
252 2960 271 2991 Β.
521 2957 548 2990 20.
562 2955 605 2991 εἶναι
616 2956 645 2992 τὸν
656 2957 697 3000 υἱὸν,
710 2958 740 2993 καὶ
751 2954 801 2993 ἄλλον
811 2957 840 2993 τὸν
850 2958 881 2994 τοῦ

117 3005 144 3037 15.
155 3005 190 3042 τῆς
201 2999 261 3041 οὐσίας
271 3003 304 3046 τῆς
317 3002 378 3047 σοφίας
389 3003 407 3035 Β.
499 3004 515 3038 ἓ.
528 3003 542 3037 h.
554 3005 573 3035 B.

118 3047 144 3082 16.
157 3047 177 3083 δὲ
189 3044 223 3092 ἄρα
235 3051 252 3082 Β.
523 3047 563 3080 Gar.
571 3048 592 3081 V.
605 3067 626 3072 -
645 3050 660 3082 ι.
672 3045 774 3097 ἀδιαφόρως
784 3052 830 3084 codd.
841 3060 879 3085 mss.

118 3093 144 3129 17.
157 3092 187 3129 καὶ
198 3104 230 3128 ιιοιι
242 3096 288 3128 babet
299 3096 334 3128 eod.
346 3095 412 3137 Rhudip.
499 3098 563 3136 uterque
574 3097 589 3127 et
600 3095 624 3128 cd.
636 3097 688 3136 princ,
