1988 3392
356 242 575 277 mucnrnutanosrs.
815 231 855 273 591

78 337 122 367 oum
134 322 171 365 deo
184 322 289 379 iungatur,
310 336 380 365 verum
399 338 438 365 nou
452 324 534 380 amplius
550 321 658 366 seeundum
672 333 761 373 earnem,
778 319 813 362 sed
826 333 858 361 se-

79 393 162 435 eundum
174 391 264 448 spiritum
275 393 312 444 sit,
329 400 351 433 ut
360 390 445 448 ipsemet
454 393 538 445 asserit,
554 394 662 433 Secundum
673 392 761 443 spiritum
771 390 859 443 sanetifi-

78 463 159 503 cutiont's
168 476 193 501 ear
202 463 343 502 resurreetione
353 468 470 501 mortuorum
480 464 553 502 domiti·
560 463 624 502 nostri
632 463 677 501 lesu
688 460 767 498 Christi.
799 456 858 499 Hune

78 529 139 585 igitur
148 528 233 571 eeclesia
244 529 302 573 simul
311 530 368 571 deam
378 542 425 570 esse
435 528 545 585 profitetur,
561 528 660 585 passionis
669 533 772 584 expertem
783 534 803 568 et
814 541 858 583 pas-

78 612 133 650 sum,
155 597 188 653 qui
201 598 339 655 sepultussit‚
362 598 510 650 resurrexerit,
533 612 577 639 eum
593 597 656 653 gloria
671 596 748 639 eoelum
763 609 859 637 consuen-

78 666 137 719 derit,
153 672 259 709 venturum
267 667 353 710 indidem
361 666 450 709 iudicare
459 666 517 709 vivos
528 673 548 707 et
556 674 654 719 mortuos,
669 667 728 723 idque
740 665 790 707 adeo
801 677 857 717 vere,

79 735 108 778 uti
123 734 195 777 dietum
212 743 254 789 est,
272 739 331 778 euius
344 739 403 790 regni
415 751 453 777 uon
467 738 506 777 erit
513 737 571 790 fim's.
866 739 904 768 nne
912 736 954 771 aaa

134 803 188 847 Nam
201 812 221 847 et
235 805 273 847 hoe
283 813 352 848 saneta
361 805 405 862 ipsa
417 812 480 847 mater
491 805 589 857 ecelesia,
611 806 662 861 quod
673 819 720 848 vere
732 805 769 847 sibi
781 804 860 861 praedi-

79 879 143 917 catum
162 888 250 930 vereque
270 875 382 916 mandatum
402 880 444 926 est,
467 874 542 927 eredit,
564 875 680 916 moriturum
700 888 859 930 unumquemque

79 951 176 993 nostrum,
192 957 217 984 ae
225 951 383 986 resurrecturum
392 957 437 985 erim
445 942 483 984 hoo
491 943 535 999 ipso
543 956 635 998 corpore,
653 957 696 984 eum
707 944 775 985 eadem
785 942 857 995 anima,

51 1022 54 1026 “
79 1027 122 1055 eum
140 1019 182 1054 toto
199 1012 236 1054 hoe
252 1011 385 1054 instrumento
402 1011 497 1066 denique,
520 1013 634 1065 utquzttter
645 1014 718 1052 mento
729 1015 770 1052 suis
781 1017 963 1054 consen-2⁰⁰1·t.¹⁰·

79 1089 135 1123 tanea
140 1084 228 1135 praemiii
233 1084 335 1135 percipiat.
353 1079 406 1122 Nam
417 1080 469 1135 quod
481 1087 603 1122 mortuorum
616 1081 682 1122 lutura
693 1081 813 1122 resurreetio
825 1080 859 1133 sit,

79 1158 137 1207 atque
153 1157 236 1192 aeterua
249 1148 361 1200 damnatio,
378 1150 598 1205 eoelestequeregnum
609 1155 629 1191 et
644 1149 740 1191 iustorum
756 1148 820 1204 quies,
837 1163 861 1191 au

79 1218 164 1261 fidelium
174 1217 286 1269 hereditas,
307 1216 455 1273 communisque
467 1231 511 1259 onrn
523 1218 600 1274 angelis
611 1217 684 1259 odorus
695 1219 720 1259 iis
732 1217 860 1270 constitutus,

81 1287 113 1343 qui
124 1287 190 1339 iidem,
199 1287 344 1338 castimoniam,
356 1300 420 1343 spem,
430 1300 454 1326 ao
463 1285 536 1328 domiui
546 1293 650 1343 praerepta
659 1281 766 1338 servarint,
778 1286 861 1329 verissi-

79 1371 131 1398 mum
144 1362 185 1407 est,
202 1356 260 1412 idque
270 1363 291 1399 et
301 1354 442 1412 praedicatum,
459 1362 479 1397 et
490 1355 601 1397 carrissime
612 1355 769 1413 comprobatum,
786 1364 806 1398 et
817 1370 861 1398 ere-

80 1425 152 1476 ditum,
174 1427 266 1476 Quoniam
281 1426 304 1464 dz'
317 1432 421 1477 resurgent
434 1426 454 1464 iu
468 1427 526 1464 eitum
542 1432 638 1465 ueternum
655 1432 674 1465 et
687 1427 721 1465 isti
731 1428 755 1480 *in
769 1428 860 1466 iudt'oium
885 1442 938 1472 pom,

80 1501 184 1543 ueternum,
200 1492 254 1534 utin
267 1492 371 1548 evangelio
384 1491 530 1548 scriptumest.
555 1491 609 1534 Nam
622 1506 757 1549 qnaeoumque
770 1494 802 1535 vel
813 1508 861 1550 apo·
887 1478 931 1515 ⁵²²⁹*

80 1563 143 1605 stolus
154 1561 186 1604 vel
197 1574 255 1603 saera
267 1562 331 1603 omnis
341 1561 440 1617 scriptura
451 1568 536 1603 testatur
546 1575 595 1603 vera
605 1568 662 1613 suut,
678 1561 725 1603 lieet
734 1561 825 1604 infideles
839 1576 862 1604 ae

80 1644 183 1689 perperam
193 1629 326 1685 intelligentes
336 1630 394 1671 aliter
404 1630 526 1672 existiment.
556 1629 622 1672 Nobis
632 1644 681 1672 vero
692 1644 716 1673 ea
726 1631 803 1673 demum
814 1632 863 1673 fides

82 1707 124 1753 est,
140 1699 158 1741 is
169 1699 266 1741 honorae
276 1698 374 1755 dignitas,
391 1699 440 1741 haee
453 1706 484 1740 est
495 1705 564 1741 nostra
578 1706 643 1742 mater
651 1699 748 1751 eeclesia,
765 1713 819 1756 quae
828 1715 863 1756 per

82 1769 139 1811 iidem
149 1775 225 1820 servat,
239 1781 274 1825 spe
283 1768 432 1819 corroboratur,
444 1765 520 1809 Christi
530 1767 628 1820 elaritate,
641 1783 677 1810 nee
687 1783 727 1811 non
737 1776 758 1811 et
766 1769 864 1812 eiusmodi

82 1837 206 1896 professione
219 1852 242 1879 ao
257 1836 370 1893 mysteriis,
391 1836 522 1893 baptismique
540 1837 560 1878 vi
577 1851 601 1879 ae
618 1838 735 1893 purgatione
753 1839 862 1894 perlinitur.

81 1909 166 1956 Euntes,
182 1905 259 1962 iuquit,
275 1906 371 1959 baptizate
380 1909 401 1947 in
416 1909 490 1946 nomene
499 1908 562 1959 potrt's
576 1914 596 1947 et
603 1907 648 1960 filit
662 1915 683 1947 et
695 1909 775 1960 spiritus
786 1911 856 1958 sunan,
882 1908 941 1939 matth.

81 1976 102 2017 iu
113 1975 194 2019 numine
205 1974 284 2017 divinae
297 1973 398 2026 trinitatis,
415 1974 471 2017 ouius
481 1974 585 2031 appellatio
596 1975 696 2017 diversum
707 1975 754 2017 uiuit
764 1976 861 2019 continet.
888 1945 941 1980 m

83 2042 105 2087 si
117 2045 195 2102 quidem
214 2057 264 2086 uuus
277 2057 301 2085 ao
314 2042 421 2099 singularis
436 2044 485 2085 deus
499 2043 520 2085 iu
535 2043 591 2100 tege,
607 2044 720 2100 prophetis,
744 2046 862 2102 evangeliis,

83 2115 133 2171 apud
145 2113 257 2171 apostolos,
278 2112 298 2154 in
311 2119 380 2154 vetere
391 2126 483 2168 novoque
496 2119 615 2154 testamento
626 2113 763 2169 praedicatus,
785 2115 864 2157 nuntia-

84 2189 115 2225 tus
128 2191 166 2235 est,
183 2196 206 2224 ao
217 2181 312 2233 creditus,
328 2187 385 2237 pater
395 2188 416 2222 et
426 2180 477 2223 lilius
488 2187 509 2223 et
520 2181 601 2237 spiritus
612 2188 702 2224 sauctus.
731 2181 804 2239 Neque
814 2197 864 2226 vero

84 2253 187 2294 eortiusum
202 2250 293 2307 quiddam
310 2250 354 2306 ipsa
372 2249 465 2293 diviuitas
482 2257 524 2303 est,
546 2250 581 2306 sed
597 2251 684 2306 perlecta
698 2264 771 2294 revera
785 2252 864 2294 trinitas

85 2327 124 2372 est,
140 2321 240 2377 perlectus
251 2325 315 2376 pater,
331 2320 430 2375 perlectas
442 2318 500 2371 lilius,
517 2320 616 2375 perlectus
628 2320 708 2374 spiritus
720 2327 809 2374 sanatus,
825 2335 865 2364 una

84 2388 190 2442 diviuitas,
206 2403 256 2431 unns
268 2389 325 2442 deus,
341 2388 374 2430 eui
383 2386 454 2443 gloria,
470 2387 535 2430 honor
546 2395 567 2430 et
575 2386 680 2445 imparium
691 2403 743 2431 nune
754 2397 775 2431 et
785 2388 865 2448 semper

38 2499 40 2502 ,
84 2456 105 2499 in
119 2457 200 2501 saecula
214 2458 350 2511 saeculorum,
366 2455 440 2499 Amen.

107 2594 135 2630 85.
147 2590 174 2631 ὅτι
184 2593 217 2639 γὰρ
229 2590 322 2634 ἀνάστασις
334 2595 370 2629 edit.
382 2596 438 2629 Petoo.
507 2593 535 2630 88.
552 2592 582 2630 aut
600 2592 662 2640 κράτος
677 2596 713 2630 edit
730 2596 795 2631 Petunti
812 2599 867 2633 inuitis

107 2640 135 2675 86·
147 2640 166 2676 αἱ
176 2637 224 2685 eptas
234 2639 300 2695 γραφαὶ
310 2641 348 2694 edit.
356 2642 412 2675 Petov.
486 2642 531 2675 tibris
541 2644 577 2674 vett.

108 2685 135 2721 87.
148 2688 241 2732 conatuum
253 2688 310 2720 tabeat
322 2688 360 2720 tiore
369 2696 423 2721 omues
433 2687 465 2720 lut
