1988 3392
266 226 361 262 rtuuun
372 226 454 262 urnam
464 226 520 261 sou.
528 228 542 261 r.
553 225 622 260 utun.
629 225 710 259 uxxvr.
841 214 884 256 299

100 317 131 352 tus
142 314 174 350 εει
184 306 310 349 affectionem
323 320 407 349 caussae
417 307 500 350 sortitur
510 307 576 358 tilius,
593 321 631 350 nec
641 304 724 362 spiritus
735 311 824 357 sauctus,
839 317 883 345 cum

99 393 111 421 a
122 383 178 434 patre
189 376 289 433 procedat.
321 374 401 418 Etenim
413 382 470 431 pater
481 390 508 417 ex
520 390 545 418 eu
555 377 607 432 quod
617 374 697 431 genuit,
714 381 748 415 aut
761 373 828 414 emisit
838 386 849 427 e
861 385 884 414 se

98 446 154 503 ipso,
171 451 237 486 cetera
249 458 298 487 reru
309 451 354 501 post
366 444 428 486 lilium
443 458 466 485 ac
478 444 568 500 spiritum
580 451 670 487 sanctum
683 442 768 494 creavit,
785 440 885 483 affectioni

99 512 134 556 ulli
144 526 229 555 caussae
240 512 342 555 subiectus
355 519 397 566 εει,
414 526 531 569 quamquam
548 513 587 555 alia
604 513 669 555 omnia
684 513 704 554 iu
722 510 809 553 creando
822 514 884 564 geue-

99 581 188 624 raudove
199 580 300 637 patiantur
308 580 393 637 aliquid.
424 579 551 638 Quapropter
562 588 630 638 pater,
650 581 703 623 lilius
715 586 734 621 et
746 578 827 635 spiritus
838 592 885 619 sau-

99 657 143 693 ctus
153 663 243 692 caussam
254 649 328 691 habeut
337 650 417 692 nullam.
449 648 542 693 Omnium
555 664 604 691 vero
615 664 686 691 caussa
695 655 727 691 est
739 648 782 705 ipsa
795 646 883 697 trinitas,

99 732 150 775 quae
161 717 228 760 omnia
237 717 277 760 ista
287 718 345 761 simul
357 726 413 761 creat
423 733 447 761 ac
457 718 545 771 molitur,
562 718 649 775 nihilque
659 719 680 760 in
691 731 737 761 sese
749 722 838 758 creatum
851 721 885 757 aut

99 786 216 830 lubricatum
232 788 330 843 agnoscit.

157 854 212 898 Aelii
229 854 295 913 Caput
308 853 420 904 xxvio„
449 853 472 898 Si
490 856 581 912 quicquid
599 856 715 913 productum
730 862 761 897 εει
779 853 803 896 ah
820 853 886 901 alteru

99 924 215 981 productum
226 931 269 976 est,
290 924 379 980 ingenita
391 938 441 966 vero
453 923 566 980 hypostasis
577 938 615 965 nec
626 938 637 965 a
649 938 672 965 εε
684 924 740 980 ipsa,
761 937 798 965 uec
810 922 834 964 ah
846 922 885 964 alia

100 994 196 1050 producta
206 999 245 1044 εει,
261 992 346 1047 ingeniti
357 992 455 1034 vocabulo
469 992 578 1034 substantia
590 993 633 1048 ipsa
646 992 771 1046 significetur
782 998 868 1047 oportet.

158 1057 242 1103 Coulut.
254 1058 359 1102 XXVIII.
390 1059 478 1103 Rursum
495 1060 553 1102 uobis
569 1061 622 1102 istud
634 1059 719 1112 Aetius,
741 1067 834 1115 tauquam
849 1073 885 1100 uo·

100 1143 145 1171 vum
158 1128 231 1185 aliquid
242 1136 265 1180 ει
273 1129 383 1171 inauditum
393 1129 473 1181 obiicit,
493 1136 515 1171 ut
527 1129 643 1171 dialecticae
654 1129 712 1171 istius
724 1127 839 1170 subtilitatis
851 1141 885 1170 au·

99 1205 143 1240 ctur
154 1211 200 1241 esse
213 1198 311 1240 videatur.
343 1195 411 1253 Quare
423 1212 572 1255 supervacanee
585 1198 632 1240 illud
644 1212 705 1240 uuum
718 1197 817 1249 inculcat,
834 1197 885 1252 quod

98 1267 119 1308 in
131 1266 289 1309 controversiam
299 1266 380 1316 iniuime
391 1274 505 1318 revocatur,
523 1281 587 1323 neque
598 1267 678 1308 veritati
689 1273 794 1323 repugnat,
810 1273 830 1307 et
841 1279 886 1322 per-

99 1342 159 1394 petuo
174 1335 272 1379 ccclesiae
290 1335 400 1377 catholicae
418 1336 544 1392 professione
558 1342 646 1377 terretur.
677 1333 775 1391 Quicquid
791 1349 840 1391 ergo
857 1335 886 1376 la-

100 1411 152 1447 ntum
164 1412 203 1457 est,
219 1404 244 1446 ah
255 1403 319 1445 altero
333 1404 406 1446 factum
416 1404 443 1446 sit
455 1411 546 1460 oportet,
567 1413 587 1446 at
598 1404 688 1459 ingenita
698 1404 811 1460 hypostasis
822 1418 886 1459 neque

84 1464 111 1514 ¹a
128 1486 151 1514 se
168 1472 223 1529 ipsa,
246 1485 310 1528 neque
328 1472 353 1513 ah
371 1472 422 1524 alia3
445 1473 536 1528 quamvis
552 1472 636 1528 ingeniti
656 1472 736 1514 nomine
756 1472 885 1514 substantiam

100 1541 208 1597 significari
224 1555 308 1583 necesse
325 1540 359 1583 sit.
391 1538 444 1596 Quid
459 1540 511 1583 eninr
526 1542 589 1597 magis
600 1542 634 1583 illo
646 1541 781 1584 necessarium
795 1555 841 1583 esse
852 1555 887 1598 po-

100 1611 154 1652 test?
183 1608 236 1651 Nam
254 1609 292 1652 hoc
308 1608 432 1651 substantiae
450 1610 580 1662 vocabulum,
601 1611 652 1666 quod
667 1611 766 1651 Auomoei
782 1617 802 1651 ει
814 1609 887 1652 Ariani

99 1679 121 1720 in
133 1692 169 1720 ore
185 1692 265 1734 semper
283 1677 366 1728 habeut,
389 1677 459 1719 callide
476 1693 499 1720 ac
512 1679 634 1720 veteratorie
650 1679 753 1735 usurpavit
766 1679 850 1730 Aetius,
868 1685 888 1720 et

100 1747 124 1789 ah
133 1746 177 1804 ipsa
187 1754 268 1788 coactus
278 1747 363 1789 veritate
373 1747 479 1788 coufessus
490 1754 528 1788 est.
552 1745 621 1803 ltaque
632 1762 676 1789 cum
686 1747 769 1803 ingeniti
782 1748 833 1790 ratic
844 1748 888 1804 ipsa

100 1815 211 1857 substantia
224 1814 262 1866 sit,
284 1815 393 1870 eademque
407 1828 451 1856 εεε
461 1814 517 1871 ipsa,
538 1816 687 1868 noneuihilo,
708 1817 752 1858 sine
768 1817 806 1858 ulla
823 1816 888 1872 inqui-

101 1883 182 1926 natione
193 1897 217 1925 ac
227 1884 320 1940 passione
339 1883 461 1938 unigenitum
473 1885 578 1939 genuerit,
601 1885 655 1926 uullo
667 1899 732 1940 neque
748 1892 836 1941 ternpore
850 1899 887 1927 uec

100 1951 170 2003 initio,
192 1952 283 2008 spiritum
299 1966 348 1993 vero
364 1959 454 1993 sanctum
470 1952 671 2009 emiseritcseipsa,
694 1968 733 1995 uon
748 1954 830 1995 euihilo
843 1968 888 2010 pro-

101 2020 193 2072 duxerit,
213 2019 339 2062 manifestum
355 2026 385 2061 est
396 2019 416 2061 iu
428 2026 497 2061 sancta
509 2034 533 2062 ac
545 2021 643 2063 catholica
657 2022 742 2063 ecclesia
757 2022 889 2064 consubstan-

101 2089 167 2132 tialem
179 2088 286 2131 trinitatem
301 2090 340 2130 rite
354 2087 473 2144 praedicari.
504 2087 550 2144 Quo
563 2088 641 2145 quidem
655 2089 735 2132 uomine
753 2099 820 2132 creata
835 2091 887 2133 uulla

100 2172 134 2201 rcs
144 2156 284 2215 comprehendi
294 2163 371 2213 potest,
393 2170 417 2198 co
429 2157 481 2212 quod
493 2170 558 2213 neque
571 2164 653 2209 natura,
675 2172 739 2214 neque
752 2159 805 2201 cultu
817 2173 841 2201 ac
851 2173 886 2202 ve·

101 2226 205 2269 iteratione
223 2232 288 2283 potest
305 2225 378 2282 aliquid
397 2225 499 2281 unigenito
515 2233 550 2268 aut
567 2226 645 2283 spiritui
662 2234 731 2270 sancto
748 2241 794 2269 esse
812 2228 885 2270 simile.

101 2293 176 2338 Cetera
189 2294 241 2337 euim
254 2308 270 2341 ει
279 2294 339 2336 nihilo
352 2301 431 2345 creata,
449 2307 485 2335 uec
497 2295 613 2337 adoratione
626 2296 764 2352 prosequenda
777 2304 835 2349 suut,
853 2296 888 2338 tri-

101 2363 358 2420 nitasvcrosempiterua3
379 2362 560 2419 paterpcrlcctus,
581 2371 692 2420 paterest‚
713 2364 886 2422 filiuspcrlectus,

101 2433 153 2476 lilius
162 2446 174 2475 a
182 2439 238 2489 patre
249 2432 337 2488 genitus,
353 2431 435 2488 spiritus
444 2438 526 2473 sanctus
535 2433 644 2488 perlectus,
662 2433 743 2490 spiritus
754 2449 765 2474 u
775 2442 833 2488 putre
841 2450 888 2488 pru

99 2504 180 2551 cedens,
201 2508 221 2541 et
232 2514 244 2541 a
250 2502 297 2554 filio
312 2503 414 2555 occipiens.
448 2498 478 2542 lta
491 2500 590 2557 scriptura
604 2501 669 2543 omnis
684 2517 741 2545 sacra
757 2510 776 2544 et
790 2504 886 2545 catholica

102 2570 150 2613 fides
162 2569 272 2612 clarissima
284 2569 342 2611 nohis
354 2576 398 2622 est,
415 2582 479 2625 ucque
491 2569 595 2625 quicquam
606 2569 659 2611 inest
670 2571 778 2628 obliquum,
795 2579 828 2614 aut
840 2587 888 2615 con·

102 2638 197 2691 trarium,
213 2644 248 2680 aut
263 2638 347 2694 denique
363 2645 483 2680 tortuosum.

158 2707 214 2750 Aetii
228 2705 293 2763 Caput
305 2704 390 2748 XXIX.
423 2705 445 2749 si
459 2706 542 2762 ingeniti
558 2708 679 2762 substantia,
703 2716 794 2767 tauquam
806 2724 886 2764 caussa,

100 2851 129 2877 tor
147 2855 183 2877 esse
200 2844 288 2878 videatur:
305 2843 340 2877 hoc
355 2843 411 2888 ipsum
423 2843 483 2877 decla·
506 2845 552 2889 apud
561 2845 606 2890 ipsos
613 2847 711 2880 Auomoeos
720 2853 738 2879 et
747 2847 818 2881 Arianos
828 2848 887 2882 dolose

100 2901 139 2923 raus
151 2889 173 2922 de
182 2901 216 2934 quo
225 2902 280 2935 neque
289 2889 389 2934 ambigitur,
408 2896 425 2922 et
436 2890 483 2934 quod
506 2891 588 2935 accipitur
595 2891 650 2934 ipsum
659 2893 742 2926 esseutiae
749 2906 815 2933 nomeu,
829 2894 886 2928 Aetius

100 2934 117 2967 iu
135 2934 220 2969 catlrolica
235 2936 306 2970 ecclesia
321 2935 340 2969 iu
353 2935 432 2969 confesso
444 2936 482 2968 exi·
506 2936 551 2970 clare
562 2943 629 2970 coactus
639 2949 649 2969 a
659 2938 732 2971 veritate
742 2939 829 2972 confessus
839 2946 870 2974 est.

100 2980 137 3014 stit.
293 2980 294 2983 ’
528 2981 545 3016 4.
558 2981 582 3027 μή
595 2981 639 3018 κατὰ
651 2986 685 3017 cccl.
697 2986 764 3027 Rhedr'p.

124 3026 141 3061 3.
157 3028 230 3062 Fortasse
245 3026 326 3074 ἐξέλαβε,
342 3022 352 3063 ὃ
368 3024 434 3066 'Aietou
448 3031 482 3062 cett.
530 3029 741 3076 [Summemmianae.

101 3074 189 3107 comorius
202 3076 277 3108 conuertit
292 3073 343 3116 Quod
357 3073 401 3107 enim
415 3084 483 3121 semper
695 3081 697 3084 ·
