1988 3392
148 216 174 258 12
366 225 368 227 ·
434 222 518 258 εευοτι
530 222 649 256 τετορευιο

147 298 250 357 ὁμολογεῖν
261 300 297 355 μέν
310 299 333 344 τό
342 298 386 344 κατ’
396 299 464 344 εἰκόνα
475 298 524 343 εἰναι
535 301 556 343 ἒν
564 304 594 358 τῷ
602 298 720 358 ἆνθροίπῳ,
740 300 775 342 ίνα
786 297 813 354 μή
824 298 862 356 την
874 299 933 358 χόριν

146 373 183 411 τοῦ
198 372 251 411 θεοῦ
268 368 399 424 ἀθετήσωμεν
414 370 448 412 καὶ
464 367 604 423 όιπιστησωμεν
619 371 668 426 θεῷ.
691 366 746 411 Ὅσα
761 368 796 423 μὲν
808 365 847 424 γοίρ
857 365 933 426 λέγειδ

146 436 207 492 θεός,
222 434 363 496 ταῦταοῖληθῆ
373 437 473 498 τυγχάνει,
488 438 507 482 εἰ
516 439 550 482 ιιαί
560 439 643 497 ἐξέφυγε
653 435 690 494 τὴν
701 434 759 494 ἡμῶν
770 438 850 482 έννοιαν
858 438 880 482 ἕν
891 438 933 483 ἰλί-

146 526 190 568 γοις
201 507 273 566 λόγοις.
299 508 439 567 Ἀρνησασθαι
451 502 489 553 οἰν
498 512 557 553 τοῦτο
569 507 592 553 τό
605 505 653 552 Κατ’
666 507 734 553 εἰκόνα
745 507 771 553 οἰι
783 506 865 561 πιστόν,
886 506 933 553 οότε

148 584 185 633 τῆς
197 577 255 637 όγίας
265 583 301 623 τοῦ
312 584 365 623 θεοῦ
375 580 483 635 ἐκκλησίας.
508 576 575 622 ὗ’Ἐστι
588 577 625 636 γοίρ
636 582 677 628 πᾶς
686 577 798 635 ἅνθρωπος
808 582 879 632 σαφῶς
890 576 933 622 κατ’

148 647 227 700 εἰκόνα,
242 649 276 690 καί
287 647 355 698 οὐδεὶς
363 652 404 690 τῶν
416 647 501 702 ἐχόντων
510 648 540 696 εἰς
551 646 600 689 θεόν
613 645 650 701 τὴν
660 648 731 689 ἐλπίδα
739 645 856 701 όίρνησεται,
876 648 895 689 εἰ
904 645 933 701 μὴ

148 713 174 757 όίν
187 731 239 764 τινες
249 717 328 764 ἑαυτοῖς
340 714 420 768 μύθους
429 714 564 766 πλόσσοοσιν,
586 712 726 768 ἐκβαλλόμενοι
736 718 773 766 τῆς
784 715 888 767 ἐκκλησίας
898 708 933 756 καί

147 786 184 835 τῆς
193 787 233 825 τῶν
247 782 338 836 πατέρων
350 783 372 824 ἐκ
383 786 494 837 προφητῶν
505 797 526 823 τε
540 782 576 824 καὶ
588 780 652 835 νόμον
658 814 664 832 ,
686 782 720 824 καὶ
731 779 846 824 ἀποστόλων
855 782 890 823 καλ
900 781 933 824 εό-

148 853 266 905 αγγελιστοίν
280 848 415 906 παραδόσεως.

56 1067 102 1113 Κεφ.
113 1065 136 1114 γ’.
199 1057 261 1107 Ὥςτε
272 1052 308 1102 οὖν
320 1060 393 1103 έκεῖνοι
410 1058 569 1116 φιλονεικότερον
581 1060 603 1102 ἐν
614 1058 680 1118 τούτῳ
696 1056 887 1115 διακείμενοιέκτδς
899 1058 934 1103 καλ

149 1126 207 1171 αότολ
224 1130 316 1182 βαίνουσι
331 1133 367 1183 τῆς
378 1127 429 1171 κατοί
445 1126 482 1183 τήν
499 1125 662 1182 έκκλησιαστικην
679 1126 779 1171 ὑπόθεσιν
795 1127 933 1185 παραδόσεως,

148 1201 184 1250 τῆς
195 1196 328 1250 πιστευούσης
342 1195 384 1239 κατ’
399 1195 467 1239 εἰκόνα
481 1197 516 1251 μέν
531 1194 582 1239 εἶναι
597 1195 663 1239 πόντα
679 1195 803 1252 όνθρωπον,
823 1196 851 1250 μὴ
864 1194 935 1251 όρίζειν

149 1264 171 1306 δὲ
184 1266 205 1307 ἒν
215 1267 267 1322 ποίῳ
278 1264 367 1306 τέτακται
379 1262 401 1306 τό
414 1261 457 1307 κατ’
465 1263 543 1315 εἰκόνα,
565 1262 614 1317 μήτε
625 1262 711 1318 ἐχόντων
721 1267 761 1305 τῶν
772 1266 876 1318 μυθωδῶς
887 1264 935 1319 περὶ

147 1330 224 1373 τούτων
242 1329 426 1384 διαλαμβανόντων,
447 1329 480 1372 εἰτ’
495 1325 532 1373 οὖν
547 1330 687 1386 ἀρνουμένων,
708 1332 776 1380 δεῖξαι.
808 1332 835 1372 Οί
847 1330 883 1383 μέν
895 1329 934 1385 γοίρ

148 1399 239 1453 λέγουσιν
251 1399 272 1440 ἒν
283 1401 308 1456 τῇ
319 1401 376 1455 ψυχῇ
392 1401 521 1453 πληροῦσθαι
535 1397 558 1440 τό
572 1395 615 1439 κατ’
627 1395 707 1449 εἰκόνα,
727 1400 839 1451 νομίζοντες
848 1395 870 1439 τό
883 1394 935 1439 κατολ
953 1454 955 1458 y

66 1488 101 1517 pag.
108 1480 139 1509 ιιι.
148 1464 185 1519 τήν
197 1465 262 1522 σάρκα
272 1466 334 1519 μόνον
343 1468 498 1522 συλλογίσασθαι
508 1464 616 1507 δύνασθαι.
640 1466 681 1507 Καὶ
692 1465 731 1525 οὐκ
740 1467 806 1508 ἰσασιν
816 1466 838 1508 ολ
846 1468 935 1518 τοιοῦτοι

149 1533 181 1580 ότι
191 1533 214 1580 τό
227 1533 279 1579 κατοί
290 1533 358 1592 ψυχήν
375 1538 517 1593 συλλογίζεται,
537 1536 556 1578 εἰ
565 1533 602 1592 χρὴ
617 1539 753 1593 συλλογισμοῖς
767 1535 878 1592 προςέχειν,
899 1534 934 1579 καὶ

150 1604 177 1663 μη
188 1604 256 1657 όπλως
270 1604 323 1666 όπλχγ
336 1612 360 1667 τῇ
375 1609 455 1665 διανοίᾳ
467 1609 511 1666 θεῷ
522 1606 636 1662 προςιέναι,
657 1607 691 1650 καί
704 1605 802 1650 πιστεόειν
812 1604 844 1650 ότι
852 1603 877 1648 τό
893 1603 934 1648 όπδ

149 1680 201 1719 θεοῦ
215 1677 308 1732 εἰρημένα
318 1677 371 1719 ἐστὶν
384 1675 479 1731 οἰλήθεια,
495 1675 550 1734 αὐτῷ
559 1675 581 1719 δέ
593 1674 648 1734 μόνω
659 1676 771 1732 ἐγνωσμένα
781 1679 809 1734 τῷ
819 1673 856 1730 την
867 1679 934 1718 πᾶσαν

149 1742 246 1798 όληθειαν
260 1743 327 1788 εἰδότι.
352 1743 421 1787 ’Ἄλλοι
439 1745 461 1787 δὲ
473 1746 564 1801 λέγουσιν
575 1742 620 1787 οότε
631 1745 653 1787 έν
664 1748 732 1801 ψυχῇ,
754 1743 800 1787 οἰίτε
816 1746 837 1787 έν
850 1743 934 1798 στόματι,

150 1810 199 1855 ἄλλό
216 1811 288 1867 όρετην
304 1810 355 1855 εἶναι
370 1811 392 1854 τό
405 1809 447 1854 κατ’
460 1811 533 1854 εἰκόνα.
556 1811 639 1867 Ἕτερον
650 1811 672 1853 δέ
682 1810 784 1864 φόσκουσι
796 1809 824 1865 μή
834 1809 885 1854 εἶναι
898 1810 935 1865 τήν

149 1878 230 1933 σἰρετήν,
246 1878 295 1920 οἰλλοί
306 1878 328 1921 τό
341 1877 455 1933 βάπτισμα,
470 1880 505 1921 καί
515 1877 538 1921 τό
550 1877 636 1932 χάρισμα
647 1877 670 1920 τό
682 1880 704 1921 ἒν
713 1883 742 1934 τῷ
752 1881 883 1932 βαπτίσματι,
898 1881 933 1931 δεῖ·

149 1952 188 1987 θεν
198 1948 221 1987 ἐκ
232 1950 270 1987 τοῦ
281 1948 343 2000 ῥητοῦ
355 1949 390 1987 τοῦ
402 1946 518 2000 εἰρημένου,
539 1943 618 1993 Καθοίς
633 1945 757 1999 έφορέσαμεν
769 1943 806 1997 τήν
817 1942 886 2000 εἰκόνα
898 1947 934 1986 τοῦ

149 2017 231 2067 χοϊκοῦ,
252 2012 370 2067 φορέσωμεν
385 2012 419 2055 καί
434 2009 470 2064 τὴν
482 2009 550 2054 εἰκόνα
562 2015 598 2054 τοῦ
609 2012 737 2067 ἐπουρανίου.
760 2009 829 2055 ’Ἁλλοι
840 2012 862 2055 δὲ
874 2010 935 2056 πόλιν

150 2085 209 2124 τοῦτο
219 2078 244 2123 οὗ
257 2078 375 2136 βούλονται,
391 2077 439 2124 α’λλοί
449 2080 531 2124 θέλουσι
542 2080 604 2138 λέγειν
614 2078 658 2124 τότε
668 2079 703 2135 μέν
715 2076 767 2124 εἶναι
778 2077 801 2124 τό
813 2078 856 2125 κατ’
867 2080 935 2125 εἰκόνα

150 2152 171 2197 έν
182 2156 209 2213 τῷ
220 2149 294 2207 Ἀδόμ,
309 2152 347 2204 ἕως
359 2148 391 2195 ότι
403 2152 424 2196 ἐν
435 2155 529 2211 παρακοῂ
541 2152 618 2209 γέγονε,
638 2151 672 2195 καλ
689 2150 790 2208 βέβρωκεν
801 2150 841 2197 οἰπδ
854 2157 890 2197 τοῦ
902 2151 935 2206 ξό-

149 2228 199 2275 λου,
216 2220 350 2276 καίέξεσόθη·
374 2215 479 2273 οἰφόὗδὲ
492 2220 581 2276 ἒξεσόθη,
604 2218 692 2264 όποόλεσε
704 2219 726 2265 τό
738 2219 780 2265 κατ’
791 2222 863 2266 εἰκόνα.
894 2223 936 2266 Καὶ

150 2291 212 2346 πολλή
223 2294 252 2341 τίς
264 2293 304 2334 έστι
316 2294 356 2332 τῶν
367 2288 484 2345 όνθραίπων
495 2293 619 2345 μυθοποιΐα,
639 2287 672 2339 οἷς
687 2290 727 2333 1οὐ
737 2290 775 2347 χρὴ
787 2290 836 2334 οὐδὲ
847 2290 899 2347 πρός
909 2290 934 2335 όί-

151 2376 189 2415 ραν
203 2357 271 2410 εἶξαι,
283 2356 328 2402 οὕτε
342 2356 432 2410 τοότοις,
454 2357 501 2401 οίίτε
515 2359 598 2408 ἐκείνοις
614 2362 656 2407 τοῖς
672 2357 726 2401 οἰίτω
738 2357 752 2412 ἢ
764 2358 817 2402 οίίτω
833 2359 935 2415 λέγουσιν·

151 2426 190 2469 ἄλλ’
207 2425 258 2469 εἶναι
271 2427 306 2480 μέν
321 2425 419 2468 πιστεόειν
434 2426 456 2467 έν
469 2430 497 2484 τῷ
509 2425 614 2483 ἆνθροίπῳ
633 2424 672 2468 ἰτδ
684 2423 727 2468 κατ’
739 2425 821 2479 εἰκόνα,
842 2429 864 2470 ἐν
876 2428 937 2470 παντί

153 2494 174 2536 δέ
188 2493 284 2546 μάλιστα,
305 2494 340 2534 καί
355 2492 392 2545 οὐχ
408 2490 482 2541 οἷπλῶς.
503 2497 560 2535 ’Ποῦ
574 2494 597 2534 δέ
610 2495 673 2544 ἐστιν,
694 2492 762 2546 ἢποῢ
773 2492 902 2548 πεπλήρωται
912 2492 935 2536 τό

151 2558 194 2602 κατ’
207 2558 287 2610 εἰκόνα,
308 2558 364 2614 αὐτῷ
380 2557 435 2616 μόνω
451 2560 546 2614 ἔγνωσται
558 2563 586 2616 τῷ
596 2564 649 2615 θεῷ,
672 2562 716 2615 ³²93
730 2558 782 2601 κατδ
794 2560 851 2614 χόριν
861 2566 889 2617 τῷ
901 2562 936 2604 ἆν-

151 2625 231 2686 θροίπηο
248 2626 383 2684 δωρησαμένῳ
398 2623 420 2681 τό
438 2624 481 2668 κατ’
494 2624 568 2670 εἰκόνα.
600 2624 652 2669 Οότε
663 2624 701 2682 γόρ
718 2622 820 2670 οἲποίλεσεν
832 2625 844 2671 ό
855 2625 937 2685 όίνθρω-

151 2713 190 2747 πος
204 2693 226 2740 τό
237 2692 280 2738 κατ’
297 2692 375 2748 εἰκόνα,
390 2694 428 2738 ἀλλ’
447 2697 465 2739 εἰ
475 2693 514 2754 όῖρο
529 2696 637 2751 έχυδαίωσε
653 2692 675 2738 τό
691 2691 733 2739 κατ’
749 2694 829 2750 εἰκόνα,
849 2696 937 2753 μολόνας

153 2765 223 2813 ἔαυτόν
238 2767 260 2812 έν
276 2762 414 2824 4οίδιαφόροις
434 2764 536 2826 πρόγμασι
553 2766 588 2811 καί
603 2765 722 2823 ἀνηκέστοις
740 2764 851 2826 ἁμαρτίαις.
884 2766 937 2814 Ἰδοό

175 2887 191 2920 5.
203 2885 229 2921 ἔτι
238 2888 293 2921 vitiose
304 2895 395 2928 expressum
407 2890 428 2920 εει
437 2888 454 2919 in
466 2888 489 2920 ed,
501 2888 532 2920 Pe·
578 2882 595 2920 4.
608 2887 694 2920 comorius
709 2888 756 2919 υιιλίι
771 2884 852 2926 diversis,
871 2891 889 2920 αὶ
900 2886 938 2923 διοί-

152 2936 185 2965 ἰαυ.
555 2929 615 2977 φόροις
629 2934 719 2973 suspicatus
733 2942 765 2965 esse
777 2936 860 2972 appareat.
889 2930 938 2969 α’διά-
990 2944 993 2948 ·

176 2977 217 3020 Gap.
230 2978 258 3008 111.
272 2996 294 3002 -
309 2978 322 3009 1.
335 2973 520 3018 ou'om.cod.flhed1'9.
555 2988 600 3022 φορα
621 2974 713 3020 πράγματα
729 2979 762 3009 δῖοι·
777 2980 816 3018 γαλο
833 2988 876 3021 quae
892 2978 938 3011 nnssa

175 3022 192 3055 ¹2.
203 3022 229 3065 τῷ
241 3023 275 3053 cod.
288 3023 351 3062 Βλιιίἰρ.
554 3029 684 3065 praeceptorum
699 3021 727 3054 dei
742 3020 823 3065 religione
838 3033 858 3055 ac
873 3028 939 3058 temere,

175 3065 192 3100 3.
204 3066 230 3112 τῷ
242 3068 286 3099 abest
296 3068 316 3098 ab
328 3071 393 3107 utroque
404 3068 450 3100 εσῐλο.
554 3066 601 3099 fiant.
