1988 3392
333 246 406 281 runnu
418 247 505 281 uranu.
768 236 810 278 749

50 326 183 360 ritmnrtuonrm
191 325 332 360 resurrectionem
338 325 407 359 ibid—
431 326 517 360 Galrariae
528 325 575 360 locus
587 327 631 359 uude
644 326 748 359 (122115394-

49 383 84 416 eius
95 381 177 414 refutatio
188 382 229 415 ibid.
431 383 522 427 Campsace
533 383 585 427 vulgo
597 383 642 425 apud
654 382 737 422 ludaeos,
756 380 811 414 Cacu-

29 438 110 474 Barnabas
120 438 241 473 consolationis
251 439 304 473 lilium
313 439 406 483 significan
452 439 498 472 bium
510 440 554 473 vasis
566 440 613 473 aenei
624 451 677 483 genus
687 442 725 473 136.

48 495 93 529 idem
105 494 168 538 loseph
185 503 235 529 antea
253 495 319 539 dictus,
338 503 406 541 eratque
431 496 476 529 Cana
490 495 530 540 quid
542 496 625 540 significet
636 498 676 528 452.

50 550 121 596 Cyprius
132 553 171 583 149.
430 552 480 584 Canis
491 552 576 597 Apologus
586 553 662 585 umbram
674 563 706 596 pro
718 563 768 585 carne
781 562 811 584 ca-

28 608 166 644 Basilidianorurn
177 608 256 649 ¹haeresis
269 612 286 642 4.
304 616 344 654 post
360 609 407 643 Chri·
452 608 515 654 ptantis
524 611 550 643 cui
558 617 676 655 comparantur
684 608 810 643 haereticiaee.

49 664 153 699 stianismum
164 668 192 699 68.
204 685 228 692 -
245 679 298 712 aquo
310 674 328 699 et
339 666 368 700 ubi
379 668 407 699 in-
431 666 533 710 (lapillorum
544 667 634 712 promissio
646 667 663 700 in
674 666 714 700 viris
723 666 810 711 improba-

49 722 128 758 troducta
138 722 179 757 ibid.
192 743 214 750 -
237 724 315 769 aquibus
329 724 407 757 Basilides
453 730 481 756 tur
492 725 542 757 1073.

50 792 108 816 eorum
124 787 184 816 auctor
200 780 270 816 edoctus
282 784 310 815 67.
322 801 344 809 -
373 781 407 816 eius
431 780 501 814 Carnem
512 781 546 827 legi
562 783 589 817 dei
600 782 670 827 subiici,
687 780 718 816 sed
733 793 768 816 uon
782 793 810 815 sa-

49 839 100 876 rerba
112 846 130 874 et
140 839 220 885 dogmata
230 840 271 874 ibid.
281 861 304 867 -
323 840 406 875 Christum
453 839 534 885 pientiam
546 841 600 875 carnis
612 844 651 875 577.

49 898 80 932 sub
91 897 164 943 imagine
180 898 253 933 hominis
269 906 336 933 tantum
352 911 407 944 oppa·
431 897 488 931 Carnis
504 904 521 931 et
532 899 608 944 corporis
623 911 644 933 an
655 898 710 944 aliqua
721 899 743 933 sit
757 897 810 932 diffe-

48 956 101 990 ruisse
115 956 133 989 iu
150 956 200 990 terris
212 957 272 990 asserit
284 960 312 991 ⁷0.
324 977 346 982 -
369 969 408 991 eum
452 955 508 989 tentia
521 958 561 990 580.
578 999 581 1004 1

49 1025 116 1060 passum
125 1013 143 1047 in
154 1026 203 1048 cruce
213 1014 265 1048 fuisse
276 1022 327 1059 negat
337 1002 378 1048 ibid.
389 1035 406 1041 ω-
431 1013 509 1046 Carnium
519 1019 565 1047 esum
576 1025 680 1059 nequaquam
690 1014 810 1059 improbatum,

49 1071 151 1105 uirorumue
160 1072 247 1106 mulierum
255 1072 360 1117 promiscuos
367 1084 408 1106 con·
453 1076 483 1103 aut
490 1070 594 1115 prohibitum
604 1083 614 1104 a
624 1071 668 1113 deo,
680 1070 714 1104 imo
723 1084 733 1105 a
743 1071 811 1105 Christo

50 1128 115 1162 cubitus
131 1129 208 1173 permisit
223 1132 251 1162 71.
263 1149 285 1155 -
309 1129 408 1174 martyrium
454 1133 552 1172 usurpatum
565 1131 603 1162 146.

49 1185 118 1219 damnat
126 1184 203 1219 ibid.-
228 1198 246 1220 se
256 1185 342 1219 hominem
353 1186 407 1220 solum
432 1183 475 1217 Caro
487 1196 520 1229 quo
532 1197 581 1219 sensu
597 1185 685 1219 damnetur
697 1184 719 1219 ab
731 1185 810 1230 apostolo

50 1249 116 1276 ceteros
129 1254 181 1284 canes·
196 1249 245 1288 putat
257 1246 319 1277 72.-
341 1242 408 1276 doctri-
454 1243 505 1274 1021.

8 1336 10 1339 ,
49 1310 87 1333 narn
94 1311 141 1332 suam
153 1299 204 1333 celari
213 1300 250 1334 vult
263 1300 355 1345 paucisque
362 1312 407 1334 cour-
431 1298 558 1343 Carpocratiani
569 1310 610 1344 quas
623 1299 680 1332 colant
689 1298 780 1345 imagines,
793 1306 810 1333 et

49 1356 129 1390 municari
138 1356 179 1390 ibid.
192 1377 213 1384 -
231 1358 315 1391 undenum
323 1363 363 1391 nata
372 1357 407 1390 eius

49 1413 122 1447 haeresis
134 1413 175 1447 ibid.
187 1433 210 1440 —
233 1414 334 1460 principium
349 1414 408 1448 statuit

50 1471 137 1513 Abrasax‚
158 1471 203 1505 unde
221 1472 294 1506 conficta
310 1471 368 1505 fabula
386 1472 408 1505 de

50 1528 141 1562 coercetis
149 1530 177 1561 73.
184 1548 207 1556 -
218 1541 240 1562 ex
249 1541 283 1574 quo
294 1531 327 1561 563
333 1529 408 1562 membra

50 1585 67 1619 in
83 1584 152 1619 homine
169 1586 234 1632 colligit
249 1586 290 1620 ibid.
303 1605 325 1611 -
349 1577 407 1620 contra

50 1642 96 1676 illum
107 1642 174 1688 scripsit
185 1645 263 1677 irenaeus
274 1643 316 1676 ibid.
327 1660 350 1670 -
372 1643 407 1677 eius

50 1699 130 1744 dogmata
141 1700 238 1735 refutantur
251 1703 277 1734 74.

29 1756 105 1791 Bitumeu
111 1757 145 1790 vim
154 1757 361 1792 habetadversusvenena
367 1760 407 1791 423.

28 1815 74 1848 Bona
91 1814 144 1848 multa
162 1814 180 1849 in
196 1815 283 1861 scripturis
302 1815 408 1861 appellantur

51 1874 89 1906 781.

28 1920 123 1974 Bosphorus
134 1928 179 1963 lilius
191 1929 271 1971 atthidis,
283 1929 328 1964 uude
339 1930 378 1963 urbs
388 1929 406 1963 in

51 1986 116 2020 Euxino
129 1989 156 2019 11.

209 2091 226 2124 G.

29 2156 114 2191 Cadavera
125 2164 230 2193 mortuorum
246 2158 315 2192 minime
326 2169 363 2192 esse
374 2159 407 2192 de-

50 2214 129 2248 testanda
139 2218 167 2248 26.

29 2269 75 2303 Caini
86 2271 136 2305 ludas
151 2272 227 2306 imitator
243 2272 286 2314 urit,
303 2272 341 2317 quia
358 2273 407 2306 fratri

50 2339 81 2361 suo
95 2329 175 2362 mentitus
187 2336 214 2362 est
225 2332 264 2362 280.

29 2381 128 2417 Gaianorum
148 2385 223 2418 haeresis
244 2388 272 2419 18.
297 2392 337 2429 post
357 2385 406 2418 chri-

49 2439 152 2474 stianismum
167 2444 206 2475 275.
223 2462 245 2468 -
273 2441 314 2475 dicti
329 2453 339 2475 a
355 2442 407 2475 Caino

50 2494 91 2529 ibid.
103 2517 125 2523 -
150 2498 219 2531 Caluum
230 2505 332 2532 venerantur
345 2506 363 2532 ut
375 2511 406 2543 pa·

453 1354 540 1399 gentilium
549 1356 582 1389 ritu
594 1355 715 1390 adoreut108.
727 1377 750 1383 -
772 1356 811 1391 ani—

453 1425 488 1446 mas
498 1420 564 1447 tautum
573 1413 635 1447 salvari
645 1413 716 1448 credunt
724 1426 759 1448 non
771 1426 811 1448 cor-

453 1482 496 1515 pora
503 1470 544 1504 ibid.
559 1490 582 1497 -
604 1482 662 1504 eorum
675 1471 757 1505 refutatio
769 1471 811 1505 ibid.

453 1535 472 1560 et
482 1530 521 1561 109.
532 1539 563 1573 per
574 1535 636 1562 totum.

432 1584 579 1630 Carpocrasiorum
594 1585 669 1619 haeresis
678 1592 719 1631 post
734 1594 811 1620 exortum

453 1642 575 1676 Christianismi
582 1642 655 1687 septima
662 1643 684 1676 ab
692 1650 761 1677 auctore
769 1643 811 1677 Car-

452 1702 574 1744 pocrate102.
592 1719 614 1725 -
643 1712 664 1734 en
681 1701 759 1736 omnibus
775 1700 812 1734 aliis

454 1756 526 1791 conflata
537 1758 579 1791 ibid.

431 1814 536 1859 carpocratis
548 1826 595 1849 error
608 1814 650 1848 ibid.

431 1871 577 1916 Carpocrasiorum
586 1872 664 1917 superbio
675 1874 714 1905 103.
728 1891 749 1898 -
772 1884 811 1905 ma-

452 1929 498 1973 gicas
508 1935 552 1962 artes
564 1929 621 1962 colunt
632 1931 671 1962 104.
685 1948 706 1954 —
729 1928 810 1974 volupta-

451 1986 474 2019 tis
484 1997 542 2020 caussa
550 1986 606 2020 omnia
615 1986 680 2020 faciunt
688 1985 730 2019 ibid.
739 2005 762 2012 —
772 1986 810 2020 solo

452 2043 520 2077 nomine
537 2043 627 2076 Christiani
640 2043 681 2076 ibid.
699 2062 720 2069 —
749 2051 810 2077 natura

452 2107 502 2145 turpe
513 2106 531 2133 et
541 2101 603 2134 malum
619 2100 662 2133 nihil
675 2111 713 2133 esse
727 2107 809 2141 asserunt,

453 2157 484 2190 sed
494 2157 582 2190 hominum
593 2157 674 2201 opinione
684 2160 723 2190 105.
733 2178 756 2183 -
770 2169 809 2191 ma-

453 2214 516 2247 sculam
530 2221 610 2248 exercent
627 2214 715 2247 libidinem
729 2214 771 2248 ibid.
787 2233 809 2240 -

453 2272 515 2304 animas
531 2271 563 2304 nisi
580 2271 658 2304 omnibus
674 2271 753 2314 nequitiis
767 2282 808 2314 per-

453 2328 519 2360 functas
529 2327 590 2360 liberas
597 2334 637 2371 post
645 2334 718 2359 mortem
728 2339 763 2360 nou
772 2326 809 2360 fieri

453 2383 525 2416 eredunt
533 2386 572 2416 lou.
584 2395 607 2409 ·-
629 2394 669 2416 suos
684 2390 777 2416 sectatores
787 2383 810 2416 ad

452 2440 503 2472 iuram
519 2440 609 2473 auriculam
625 2439 701 2472 dextram
717 2440 763 2473 ferro
780 2438 809 2473 iu-

453 2502 504 2529 urunt
516 2496 558 2529 ibid.

50 2561 172 2589 rentemsuum
182 2556 223 2589 ibid.
235 2575 256 2582 —
274 2555 315 2589 item
327 2556 369 2590 alios
378 2557 406 2589 in·
431 2553 546 2598 cataphryges
560 2565 610 2587 unam
623 2553 732 2588 Maximillam
746 2554 809 2599 princi·

51 2608 104 2645 sumes
120 2619 138 2645 et
153 2613 236 2657 reprobos
250 2612 291 2646 ibid.
304 2633 326 2640 —
349 2613 407 2647 Iudam

52 2667 121 2713 colunt,
138 2677 156 2704 et
166 2670 218 2716 ipsius
235 2671 304 2705 nomine
316 2670 407 2706 circumfe-

51 2733 90 2761 runt
108 2728 213 2774 evangelium
229 2729 271 2764 ibid.
290 2750 311 2756 —
338 2730 407 2776 angelos

35 2830 36 2833 Ἴ
51 2784 84 2819 suis
101 2786 174 2831 peccatis
191 2787 320 2822 accommodant
334 2791 372 2823 277.
384 2808 408 2815 -

51 2851 148 2887 supponunt
168 2844 243 2879 libellum
260 2845 344 2891 apostoli,
362 2846 408 2892 quod

52 2898 99 2933 Puuli
118 2901 228 2936 Anabaticum
246 2910 309 2936 vocant
326 2903 368 2937 ibid.
384 2923 407 2930 —

51 2954 130 2992 virtutem
150 2958 234 3005 duplicem
256 2960 321 2994 faciunt
340 2964 367 2995 78.
384 2981 408 2988 -

52 3014 102 3047 malos
114 3023 174 3049 natura
185 3017 268 3050 definiunt
282 3020 320 3051 279.
332 3036 355 3044 -
378 3031 407 3052 re-

52 3068 114 3105 futatio
124 3073 224 3108 Gaianorum
236 3074 280 3108 circa
290 3075 368 3109 meritum
378 3078 407 3110 Iu-

52 3125 84 3161 dae
94 3129 187 3174 proditoris
200 3134 238 3166 282.

453 2622 491 2656 pem
500 2622 540 2643 suae
546 2608 620 2644 haere'sis
629 2610 693 2644 iactant
704 2618 722 2644 et
732 2611 809 2657 prophe-

452 2668 511 2702 tissam
522 2670 562 2702 413.

432 2727 540 2762 catharorum
561 2727 634 2762 haeresis
654 2731 682 2762 32.
704 2736 744 2774 post
759 2729 809 2763 Chri·
834 2720 835 2723 Ἴ

453 2785 565 2828 stiauismum‚
577 2786 605 2820 vel
617 2786 753 2832 quinquagesima
764 2799 809 2822 nona

453 2846 492 2878 493.
504 2863 526 2869 —
542 2856 552 2878 a
563 2855 596 2889 quo
606 2851 674 2878 auctore
685 2845 759 2889 profecti
768 2845 809 2879 ibid.

453 2921 475 2928 -
492 2901 557 2935 Novati
572 2901 645 2935 auctoris
660 2901 769 2936 Catharorum
781 2903 809 2936 hi·

452 2958 505 2993 storia
521 2957 590 2992 ibidem.
602 2977 624 2984 —
647 2958 722 2992 eiusdem
735 2960 810 2994 haeresis

449 3015 519 3049 ibidem.
531 3035 554 3042 -—
577 3016 653 3061 digamos
663 3028 698 3049 uon
708 3017 810 3051 admittebat

452 3075 491 3107 495.
503 3092 526 3098 -
549 3073 612 3119 triplici
622 3073 730 3108 similitudine
741 3075 809 3109 refelli-

452 3138 480 3165 tur
493 3130 534 3164 ibid.
546 3150 569 3158 -
591 3130 677 3165 reiiciebat
688 3143 755 3167 omnem
764 3143 809 3178 poe·
