1988 3392
232 233 325 267 ruunsu
336 234 380 268 nis.
389 234 418 268 nr.
429 234 484 268 nors.
493 235 515 268 n.
528 233 596 266 nina.
606 232 691 266 Lxxrx.
812 221 855 262 457

72 325 92 359 ta
102 314 204 367 narravit,
220 318 323 368 Ingressus
333 323 373 364 est,
390 315 465 370 inquit,
485 319 511 356 ud
517 317 665 369 prophetissam.
697 312 775 368 Quibus
785 311 854 353 verbis
862 317 942 354 Erat-Sd·

73 382 173 428 Gabrieiis
194 384 297 425 introitum
317 384 341 425 ad
359 383 458 439 virginem
480 385 579 436 declarat,
604 381 697 425 cniusiu
714 382 818 437 evangelio
835 380 857 421 {it

72 453 159 504 menti03
182 452 214 507 qni
230 454 376 509 quidemedeo
388 456 457 493 rur'ssus
467 461 506 502 est,
528 460 550 494 ut
562 453 615 494 unici
627 452 659 494 dei
670 451 703 492 tilii
715 441 821 492 adrentum
833 449 854 491 in
877 452 916 481 nuo.
926 450 940 479 ¹·

71 522 225 566 buncmundum
241 531 261 563 ct
277 528 341 563 crtum
359 535 386 563 ex
402 519 468 562 Maria
486 521 593 563 nuntiaret.
624 523 758 574 Etcoueepit,
781 519 853 574 inquit,
863 520 946 556 Esaias

73 601 93 634 et
100 593 175 645 peperit
182 582 262 644 filiurn.¹¹
274 598 296 631 'et
307 593 453 631 ttrtttoutuus
463 593 489 631 cd
497 605 536 639 rue,
555 593 604 630 Vocu
616 606 683 632 nomen
695 593 746 638 cius,
764 591 801 629 cito
812 603 856 641 spo-

73 661 201 708 tradamaue,
224 662 313 701 celeriter
326 663 433 713 praedare:
456 668 556 714 antequem
572 663 624 700 norit
633 675 684 713 puer
702 673 771 699 vocure
779 664 856 710 petrem

73 738 92 771 et
103 736 193 776 matrem,
216 730 316 782 occupabit
327 732 378 769 uires
392 732 491 778 Damasci,
513 736 533 769 et
541 730 603 781 spolia
614 731 714 769 Sumcm'ue
726 734 765 768 etc.
798 723 856 780 Quae

73 797 139 840 omnia
150 797 236 838 nondum
248 797 328 853 impleta
342 798 431 848 buerant,
449 806 507 852 atque
519 798 538 838 in
551 797 591 838 iilic
602 797 633 839 dci
646 804 689 853 post
701 810 765 838 annuos
776 795 857 836 circiter

73 866 125 908 mille
142 879 165 907 ac
180 873 288 907 sexcentos
306 866 372 921 perfici
389 865 494 907 debebant.
526 863 594 919 Quare
611 879 661 920 qnae
674 873 718 921 pest
733 872 762 906 tot
772 877 858 919 genera-

73 936 138 977 tiones
156 940 252 975 eventura
266 934 311 975 clini
330 941 407 985 erant,
420 934 501 988 perinde
517 948 540 975 uc
556 933 573 974 si
587 934 637 975 iacta
651 933 690 974 iam
707 942 786 984 essent,
812 947 858 989 pre-

73 1004 131 1061 pbcta
147 1003 249 1044 cernebas.
280 1001 340 1045 Num
356 1002 417 1058 igitur
432 1002 556 1043 mendesium
572 1002 619 1042 illud
640 1002 695 1043 erat?
724 1001 856 1057 Nequaquam

72 1086 142 1115 verum
155 1071 207 1125 qued
223 1071 303 1113 divinae
315 1070 452 1127 providentiae
468 1069 552 1112 consiliu
567 1071 675 1125 gerendum
688 1078 708 1111 et
719 1071 859 1112 administran-

74 1140 187 1191 duruerat,
209 1140 264 1195 quasi
280 1140 389 1196 perfectum
402 1138 440 1180 iam
452 1136 517 1191 esset,
541 1139 653 1181 certissime
671 1139 810 1190 nuntiabatur,
833 1152 859 1180 ne

65 1223 113 1263 ¹pon
125 1207 206 1250 veritati
218 1208 267 1250 tides
283 1208 402 1259 haberetur,
424 1222 475 1248 neve
492 1209 516 1249 ad
530 1214 569 1248 tam
581 1208 698 1264 stupendum
713 1216 732 1250 et
742 1208 859 1250 inusitatum

74 1275 203 1333 mysterium,
224 1278 275 1332 qnod
284 1277 391 1332 aliquando
405 1276 492 1318 futurum
508 1284 562 1327 erat,
585 1278 692 1333 prophetae
704 1277 782 1319 animus
793 1276 859 1318 baesi-

73 1352 133 1386 taret.
164 1343 239 1387 Nonne
256 1345 371 1387 vaticinium
389 1345 435 1386 illud
453 1345 595 1386 animadvertis
613 1346 664 1401 quod
683 1346 776 1402 deinceps
792 1345 860 1387 snbte·
923 1384 924 1387 ,

73 1416 118 1457 xuit
129 1414 213 1466 Esaias,
235 1428 279 1455 cnm
293 1414 319 1453 ita
333 1414 431 1469 loquitur,
455 1416 552 1467 Tanquam
570 1417 610 1453 oue's
624 1417 650 1454 ed
662 1418 773 1454 occisionem
788 1416 958 1457 drocasensu-tta·

74 1492 113 1533 est,
136 1491 156 1524 et
169 1491 192 1523 ut
201 1496 265 1535 ugnus
281 1496 346 1522 corcus
362 1485 449 1523 tondente
463 1483 568 1531 obmutuit,
592 1486 620 1522 sic
631 1497 669 1523 non
684 1486 748 1536 operit
758 1497 779 1523 os
790 1497 857 1523 sunm:

72 1555 214 1605 geuerutrbnem
226 1554 267 1591 eriis
280 1564 341 1604 porro
356 1554 399 1604 quis
411 1552 524 1591 enarrabit?
543 1554 631 1603 quour'cru
648 1554 723 1591 tollitur
735 1568 745 1592 e
756 1559 809 1591 terre
820 1554 860 1591 cite

75 1623 146 1673 doctiss,
163 1628 183 1659 et
193 1621 242 1660 debu
254 1621 338 1659 domines
348 1633 428 1672 requam
437 1634 476 1671 pro
489 1621 589 1672 sepulture
602 1623 657 1660 eius?
686 1618 749 1661 Vides
761 1626 783 1661 ut
794 1620 861 1675 priora

75 1689 187 1744 posteriore
198 1688 242 1729 loco
254 1694 334 1739 inerret,
357 1694 377 1728 et
388 1686 499 1742 posteriora
516 1695 608 1742 tanquam
625 1688 664 1729 iam
682 1688 733 1729 facta
745 1688 784 1730 sint
799 1701 860 1743 expo·

76 1764 117 1798 nat.
151 1759 247 1809 Tanquam
264 1758 316 1803 curs,
339 1755 415 1810 inquit,
437 1758 585 1795 udoeoisionem
596 1759 665 1796 ductus
681 1764 720 1806 θεῖ,-
743 1757 794 1812 qnod
806 1757 861 1798 velut

75 1825 204 1881 praeteritum
215 1823 346 1879 significatur.
377 1822 425 1866 Nun
437 1825 489 1865 eninr
501 1824 560 1876 dixit,
576 1828 669 1865 Drtoetur.
701 1825 763 1880 Atqui
774 1825 861 1866 noudum

77 1894 146 1935 ductus
164 1893 197 1933 ille
215 1894 281 1933 fuerat
296 1892 319 1932 de
337 1906 376 1947 quo
390 1892 535 1934 vaticinabatur
552 1892 638 1945 Esaias,
662 1900 682 1934 et
694 1900 759 1934 tamen
773 1906 806 1934 res
817 1893 861 1949 ipsa

76 1968 169 2017 tanquam
187 1962 275 2017 perfecta
292 1974 303 2000 a
320 1961 415 2015 propbeta
433 1962 556 2017 proponitur.
594 1960 647 2003 Nam
667 1962 808 2019 mysteriorum
827 1962 862 2003 itta

76 2031 185 2086 prophetae
198 2029 261 2070 oblata
279 2028 374 2070 divinitus
392 2029 489 2070 institutio
502 2029 612 2085 praeterire
629 2036 662 2070 aut
674 2030 747 2072 infecta
763 2044 862 2072 essenon

77 2105 162 2153 poterat.
193 2097 222 2139 At
238 2097 331 2152 deinceps
347 2111 466 2153 progressus
480 2105 546 2139 cetera
564 2090 603 2139 nun
621 2099 660 2139 iarn
680 2099 734 2140 velut
750 2100 803 2141 facta
817 2114 863 2155 pro-

78 2167 168 2218 nuntiat,
185 2179 210 2206 ne
226 2165 301 2206 fraudis
310 2172 369 2220 utque
380 2166 455 2207 erroris
467 2167 596 2222 praeberetur
605 2166 692 2207 occasio.
723 2166 800 2222 ltaque,
819 2170 863 2207 Tel-

79 2237 139 2285 litur,
161 2234 235 2289 inquit,
258 2241 334 2275 eterra
345 2237 384 2275 citu
397 2237 464 2287 ipsius.
496 2232 592 2276 Ceterum
610 2234 685 2277 duobus
703 2235 741 2277 illis
757 2249 864 2290 argumen-

79 2305 104 2344 tis
119 2303 194 2345 oraculi
207 2302 312 2343 veritatem
325 2303 455 2344 demonstrat.
487 2302 541 2344 Nam
552 2304 601 2345 baec
613 2318 667 2356 vus,
682 2307 751 2344 ductus
762 2312 804 2353 est,
821 2319 864 2345 rem

79 2371 117 2412 iam
130 2379 171 2413 tum
184 2372 292 2427 perfectam
309 2371 370 2412 fuisse
385 2371 490 2426 significat.
522 2370 572 2413 lttud
586 2387 648 2424 vcro,
671 2375 756 2422 tollitur,
778 2380 865 2428 postmo-

79 2441 124 2481 dum
142 2447 173 2482 est
184 2440 300 2496 impletum3
321 2447 343 2481 nt
354 2454 380 2482 ex
390 2454 419 2481 ec
433 2441 484 2495 qnod
499 2441 571 2482 factum
587 2441 660 2482 dicitnr
673 2441 752 2483 divinae
769 2442 865 2498 pollicita-

79 2509 140 2550 tionis
155 2508 261 2549 veritatem
278 2521 301 2549 ac
318 2508 445 2550 stabilitatem
457 2509 565 2564 inteiligas.
596 2508 631 2551 Ex
643 2524 668 2551 eu
682 2524 732 2551 vero
748 2512 798 2566 qnod
813 2512 865 2552 futu-

53 2582 61 2595 '
79 2591 123 2619 rum
142 2577 269 2619 denuntiatur
284 2577 308 2616 de
326 2576 480 2633 mysteriorum,
504 2584 608 2633 quactum
626 2577 724 2633 explicata
736 2586 794 2631 sunt,
816 2587 866 2621 tcm-

79 2660 128 2702 pcre
143 2646 278 2688 coniecturam
294 2647 361 2687 iacere
376 2646 459 2702 possis.¹

139 2714 173 2758 Sic
187 2715 212 2755 de
224 2712 289 2756 Maria
301 2715 401 2770 praedixit
418 2716 512 2771 angelus,
536 2729 599 2771 eaque
612 2716 733 2772 significavit
746 2731 797 2773 quae
812 2717 864 2759 iliius
878 2729 919 2773 Gap.
931 2728 969 2763 vn.

80 2792 137 2839 pater
154 2785 232 2826 denium
253 2796 348 2824 reversus
365 2797 376 2823 a
392 2784 429 2824 deo
446 2792 589 2827 consecuturus
610 2792 677 2837 essct,
701 2800 751 2841 quae
772 2786 864 2828 nimirum

81 2860 165 2910 uterque
182 2867 254 2910 parcns
270 2852 352 2894 summis
369 2867 381 2893 a
397 2853 434 2893 dec
449 2855 541 2909 precibus
558 2855 676 2910 postularet.
706 2858 768 2905 Eece,
791 2856 862 2910 inquit,

80 2937 132 2963 uror
148 2931 182 2964 tue
193 2926 279 2976 concepit
290 2924 386 2972 suniero,
407 2931 429 2963 ut
439 2923 470 2965 bis
483 2922 550 2965 verbis
569 2923 634 2964 fidelis
650 2923 735 2965 beminis
746 2931 832 2965 mentem
843 2924 863 2966 in

82 3038 125 3115 clerte
135 3040 152 3071 iu
162 3040 208 3072 codd.
218 3049 256 3073 mss.
267 3040 300 3072 eius
310 3041 371 3072 uultum
381 3041 425 3072 estut
434 3048 460 3073 ve·
506 3039 522 3075 3.
534 3041 606 3073 Fortasse
616 3040 716 3074 scribendum
728 3034 830 3086 ἀπεικάσῃς.

81 3092 149 3126 saprum.
