1988 3392
184 221 212 262 66
476 230 558 264 ειοιοτι
569 229 684 263 εειεειιαιι

184 307 289 362 αὐτοτελῆ,
310 305 486 363 ιίναθεματίζοντες
504 308 526 350 δὲ
542 308 576 350 καὶ
593 306 640 358 τούς
656 307 782 363 πλατυσμύν,
803 307 817 362 ῆ
831 309 940 365 συστολὴν,
955 301 978 369 ῆ

183 377 284 433 ἐνέργειαν
301 381 337 420 τοῦ
352 376 427 433 πατρὸς
444 375 478 419 τύν
492 376 537 419 υίόν
551 376 654 433 λέγοντας,
674 377 708 420 καὶ
717 376 771 428 «τούς
786 375 822 420 τῶν
836 377 887 421 θεύν
900 378 967 436 λύγον,

182 443 218 488 τύν
230 444 276 489 υίύν
287 450 324 489 τοῦ
334 451 397 498 θεοῦ,
415 443 548 501 προαιοίνιον,
569 448 604 489 καί
618 447 710 489 συαίῦιον
720 451 748 504 τῷ
759 447 820 503 τιατρλ
830 450 882 490 4καὶ
894 448 968 493 ε’νυπύ-

182 527 266 567 στατον,
282 515 317 557 καὶ
331 512 435 568 αύτοτελῆ,
451 512 496 556 υίύν
510 515 547 557 κοί
561 513 612 558 θεύν
627 513 655 569 μῆ
671 513 822 572 ὁμολογοῦντας.

90 661 136 706 Κεφ.
143 660 170 708 ιβ’.
240 654 272 694 Εί
281 668 311 701 τις
321 649 357 693 τῦν
368 647 430 693 αύτύν
441 651 517 706 πατέρα
528 651 563 693 καί
576 649 621 694 υίύν
633 652 668 693 καί
681 649 740 706 ύίγιον
750 656 829 705 πνεῦμα
838 653 901 709 λέγει,
920 652 968 697 τἰντί-

182 725 236 773 θεμα
251 722 306 763 έστω.
336 721 367 760 Εί
375 736 405 768 τις
416 715 478 774 οἷρχῆν
491 717 505 773 ῆ
516 720 572 769 τέλος
582 724 610 777 τῷ
622 721 661 778 υίῷ
672 723 708 762 τοῦ
721 724 772 762 θεοῦ
783 721 817 762 καί
828 719 891 779 λύγῳ,
911 719 926 776 ἢ
942 728 968 783 τῇ

182 791 270 847 βασιλείᾳ
286 788 349 830 αὐτοῦ
364 789 456 838 θίιλιοσιν,
478 784 573 841 οἷνύθεμα
591 789 646 831 ἔσται.
676 789 707 830 Εἴ
719 806 749 838 τις
765 789 825 843 μέρος
841 794 878 832 τοῦ
892 790 968 847 πατρὸς

181 858 231 912 λέγει
243 855 278 899 τύν
289 854 344 907 υἱύν,
365 854 412 910 ῆτύ
427 860 507 911 πνεῦμα
520 854 542 898 τὸ
559 854 624 912 ῦίγιον,
642 857 676 899 καὶ
690 855 717 911 μῆ
729 854 821 913 ὁμολογεῖ
829 856 865 901 τῦν
874 856 920 900 υἱύν
931 864 968 902 τοῦ

181 928 232 966 θεοῦ
243 925 265 967 εἰι
278 929 314 979 τῆς
325 928 360 967 τοῦ
375 923 451 978 πατρύς
461 923 531 975 ούσίας
542 923 581 980 πρύ
592 924 657 979 πύσης
669 926 759 975 ἐπινοίας
768 931 898 981 γεγενῆσθαι,
919 925 967 969 ἆνύ-

157 1008 159 1010 ·
180 998 235 1045 θερια
250 994 305 1035 έστω.
337 993 389 1048 Περὶ
405 993 427 1034 δὲ
440 997 475 1046 τῆς
486 991 604 1048 σαρκιύσεως
615 997 651 1036 τοῦ
665 998 716 1036 θεοῦ
725 993 786 1048 λύγου
798 999 835 1036 τοῦ
846 1000 967 1050 μονογενοῦς

180 1062 228 1103 υίοῦ
245 1066 280 1104 τοῦ
297 1064 349 1103 θεοῦ
365 1058 500 1116 ὁμολογοῦμεν
514 1060 546 1103 ὅτι
561 1059 606 1111 υίύς
620 1066 656 1103 τοῦ
671 1066 722 1103 θεοῦ
733 1063 768 1104 καί
779 1059 889 1116 ῦίνθρωπος
898 1063 967 1117 γέγονε

179 1130 240 1184 χωρὶς
256 1127 362 1184 ύμαρτίας,
385 1127 436 1171 κατοί
455 1128 587 1185 1πριίςληψιν
602 1129 668 1183 πύσης
685 1133 721 1182 τῆς
737 1127 866 1185 οίνθρωπείας
878 1131 966 1183 φύσεως,

181 1198 270 1240 τουτέστι
282 1201 349 1251 ψυχῆς
359 1201 440 1251 λογικῆς
448 1197 480 1249 καί
491 1201 569 1251 νοερᾶς,
585 1198 619 1239 καὶ
629 1195 703 1253 σαρκύς
713 1197 850 1253 ἀνθρωπίνης.
881 1198 966 1241 Πιστεύ-

181 1282 229 1319 ομεν
252 1267 280 1315 είς
301 1266 336 1307 ἕνα
357 1262 407 1307 θεύν
424 1265 500 1321 πατέρα
517 1265 682 1322 παντοκροίτορα,
703 1265 785 1308 πάντων
800 1264 879 1323 ὁρατῶν
895 1283 915 1309 τε
931 1268 966 1310 καί

127 1336 129 1339 ’
180 1330 381 1390 ῦοριίτωντιοιητῆν,
402 1334 437 1377 καί
449 1335 477 1384 είς
486 1335 521 1378 ἕνα
532 1331 604 1392 κύριον
613 1333 691 1390 Ἰησοῦν
706 1333 806 1392 Χριστύν,
827 1334 862 1380 τύν
873 1334 919 1379 υίῦν
929 1341 966 1380 τοῦ

178 1409 241 1458 θεοῦ,
261 1403 296 1449 τῦν
312 1403 434 1461 γεννηθέντα
451 1405 474 1447 εἰι
490 1409 526 1448 τοῦ
544 1403 620 1461 πατρύς
636 1409 745 1461 μονογενῆ,
771 1405 873 1449 τουτέστιν
890 1406 911 1449 έκ
929 1410 966 1461 τῆς

96 1480 170 1517 1¹³&ss-
179 1472 249 1525 οῦσίας
258 1480 295 1518 τοῦ
306 1473 393 1532 πατρὸς,
408 1472 458 1516 θεῦν
470 1475 492 1518 ἔτι
503 1479 566 1526 θεοῦ,
581 1479 627 1527 φῶς
638 1475 659 1518 εἰι
672 1473 751 1528 φωτύς,
767 1473 817 1518 θεύν
830 1472 930 1530 ύληθινύν
943 1477 965 1519 έιι

178 1549 230 1587 θεοῦ
241 1542 353 1599 α’ληθινοῦ,
367 1544 500 1601 γεννηθέντα,
516 1543 541 1587 ού
554 1544 677 1599 ποιηθέντα,
692 1541 802 1598 ύμοούσιον
812 1549 841 1603 τῷ
852 1545 924 1601 πατρὶ,
939 1543 965 1588 δι’

178 1608 205 1657 οῦ
218 1611 243 1656 τύ
259 1613 324 1657 πάντα
342 1614 429 1669 ἐγένετο,
449 1612 473 1655 τύ
486 1629 506 1656 τε
524 1614 545 1656 ἓν
558 1610 637 1671 οὐρανῷ
652 1613 686 1655 καὶ
698 1612 722 1656 τοί
734 1614 766 1657 ε’πί
778 1617 815 1667 τῆς
830 1619 879 1670 γῆς,
894 1612 928 1656 τύν
939 1612 963 1657 δι’

178 1680 232 1737 ἡμᾶς
245 1682 292 1734 τούς
303 1682 440 1737 ἀνθρώπους,
462 1683 496 1724 καὶ
507 1680 540 1724 ῦιοί
555 1680 592 1736 τῆν
603 1681 700 1738 ῆμετέραν
714 1684 815 1737 σωτηρίαν
831 1681 962 1735 κατελθόντα,

177 1752 212 1794 καί
224 1752 367 1805 σαρκωθέντα,
382 1752 417 1793 καὶ
430 1750 625 1807 ένανθρωπῆσαντα,
647 1748 752 1802 παθύντα,
767 1751 801 1792 καί
814 1748 927 1793 οἶναστύντα
938 1756 962 1811 τῆ

177 1822 233 1879 τρίτη
247 1818 324 1878 ῆμέρρι,
345 1818 456 1862 ἀνελθόντα
467 1821 494 1869 είς
503 1817 551 1868 τοῦς
564 1817 674 1875 οὐρανούς,
695 1818 801 1874 ε’ργύμενον
812 1825 879 1875 κρῖναι
890 1824 963 1871 ζῶντας

177 1889 212 1930 καλ
226 1887 319 1944 νεκρούς·
335 1888 410 1937 καλεῖς
423 1886 446 1929 τύ
462 1887 518 1942 ῦίγιον
533 1891 617 1940 πνεῦμα.
651 1885 703 1936 Τούς
714 1888 736 1929 δὲ
746 1888 848 1942 λέγοντας,
867 1882 905 1929 Ἦν
915 1905 964 1931 ποτε

177 1954 210 1999 ὅτε
220 1955 259 1999 οῦν,
269 1951 305 2010 ῆν,
319 1956 354 1998 καὶ
365 1956 413 2011 πρὶν
424 1960 547 2011 γεννηθῆναι
558 1954 596 1997 ου’-κ
609 1950 645 2009 ῆν,
660 1956 694 1997 καὶ
706 1954 738 1998 ῦτι
748 1957 769 2006 ἒξ
779 1952 817 1997 ούκ
828 1953 891 1998 ύντων
902 1956 964 2012 ἐγένε-

176 2041 210 2075 το,
226 2022 271 2078 ῆέξ
282 2024 350 2077 ἑτέρας
363 2021 492 2074 ὑποστάσεως
501 2022 515 2077 ῆ
527 2022 597 2072 ούσίας
609 2022 724 2076 φάσκοντας
736 2020 797 2075 εἶναι,
813 2021 827 2078 ῆ
838 2022 935 2080 τρεπτύν,
949 2023 964 2079 ῆ

176 2091 285 2146 οίλλοιωτῆν
300 2091 336 2135 τύυ
346 2090 392 2135 υίύυ
409 2096 446 2134 τοῦ
457 2097 520 2144 θεοῦ,
540 2090 625 2142 τούτους
641 2090 781 2146 ιἰυαθεματίζει
792 2088 806 2145 ῆ
817 2090 916 2146 καθολικῆ
928 2092 971 2136 καί

175 2160 298 2213 ῦποστολικῆ
314 2162 412 2214 ἐκκλησία.
440 2159 493 2215 Ἐγῶ
512 2159 613 2209 Φωτεινύς
627 2159 760 2214 πρεσβύτερος
776 2164 813 2212 τῆς
827 2159 879 2202 κοτύ
889 2159 963 2216 ’Ἀγκυ-

176 2246 214 2284 ραν
226 2232 357 2281 ῦκαθολικῆς
366 2230 470 2281 ἐκκλησίας
480 2227 534 2270 οῦτοι
545 2226 631 2269 πιστεύω
642 2228 676 2269 καὶ
687 2232 757 2283 φρονῶ
769 2224 797 2276 τίς
807 2229 962 2284 προγέγραπται.

172 2294 225 2352 Ἐγῶ
242 2297 335 2351 Σιγέριος
351 2295 484 2351 πρεσβύτερος
500 2300 536 2350 τῆς
550 2293 613 2350 αὐτῆς
628 2293 682 2338 ούτω
695 2293 781 2337 πιστεύω
798 2296 833 2338 καί
848 2300 920 2351 φρονῶ
934 2294 962 2348 ῶς

175 2365 328 2421 προγέγραπται.
356 2361 407 2421 Ἐγῶ
419 2362 500 2421 ’Τγῑνος
516 2363 611 2414 θιαίιιονος
626 2368 662 2418 τῆς
681 2361 744 2418 αύτῆς
756 2362 813 2406 ,οῦτοι
828 2362 913 2407 πιστεύω
926 2366 960 2409 καλ

176 2437 247 2490 φρονῶ
264 2430 292 2483 τίς
307 2434 462 2490 προγέγραπται.
490 2432 542 2491 Ἑγῶ
552 2430 681 2489 Ἡρακλείδης
696 2429 834 2484 ῦποῦιοίιιονος
847 2437 883 2488 τῆς
897 2432 961 2490 αὐτῆς

176 2502 229 2547 οῦιιο
246 2501 332 2546 πιστεύω
348 2504 382 2546 καί
398 2507 468 2560 φρονῶ
485 2501 513 2554 τίς
529 2502 684 2560 προγέγραπται.
716 2499 784 2559 3Ἐγῶ
796 2501 898 2553 Ἐλπίθιος
912 2500 960 2547 τίνα-

175 2571 265 2631 γνοίστης
275 2570 287 2617 ύ
298 2571 370 2628 ταύτης
386 2572 439 2617 οῦτοι
451 2572 537 2617 πιστεύω
552 2573 586 2616 καὶ
601 2576 671 2630 φρονῶ
685 2568 712 2622 τίς
725 2572 879 2630 προγέγραπται.
907 2571 959 2630 Ἐγῶ

176 2641 281 2699 Κυριακύς
294 2642 406 2700 προστάτης
420 2647 456 2699 τῆς
470 2642 532 2699 αύτῆς
548 2641 601 2686 οῦτοι
619 2639 705 2686 πιστεύω
716 2643 751 2686 καί
765 2647 836 2700 φρονῶ
849 2640 877 2694 ῶς
888 2644 959 2702 προγέ-

175 2731 268 2771 γραπται.

236 2779 304 2826 Ταῦτιί
315 2782 356 2825 ἔστι
363 2780 387 2824 τιί
397 2779 431 2824 ὑπ’
442 2780 508 2825 αύτῶν
519 2780 570 2838 πρὸς
579 2779 627 2831 τούς
637 2779 760 2838 ύμολογητοίς
769 2782 804 2823 καί
814 2782 901 2839 πατέρας
910 2800 958 2839 γρα-

175 2852 243 2906 φέντα.
273 2852 303 2894 Εἰ
312 2853 380 2894 τοίνυν
391 2848 473 2894 δύναται
485 2849 540 2909 πυροί
552 2854 639 2893 συνετῶν
647 2855 740 2894 νοεῖσθαι
750 2851 772 2893 ἒν
782 2852 882 2893 καλλίοσιν
892 2848 957 2910 ῦπιὶρ-

196 2987 213 3024 4.
225 2990 255 3026 καλ
266 3003 296 3025 om.
308 2994 325 3025 ιἰι
337 2992 361 3025 ιιλ
372 2993 428 3026 Ριλαυ.
441 2993 494 3026 colon.
506 2994 553 3033 repet.
576 3002 615 3024 nem
628 2991 680 3024 totius
694 2990 777 3024 humanae
789 2990 866 3036 naturae)
879 2994 893 3026 ιλ
905 2993 955 3028 Ριίσ·

199 3037 312 3071 (λιν.)(11.-
326 3037 340 3071 Ι.
347 3036 442 3081 πρόςληψοι
451 3039 556 3071 emendarunt
577 3038 618 3072 υίαε.
637 3039 682 3072 Libri
693 3038 750 3071 habent
761 3033 852 3081 αρᾶληψιν.

175 3084 262 3117 Carnarius
273 3086 326 3128 (ναί-ιλ
338 3085 379 3117 enim
393 3083 439 3117 iuxta
452 3083 555 3129 assumptio-
