1988 3392
338 242 412 277 lNDEX
423 243 510 278 RERUM.
773 233 814 274 745

56 324 111 359 lactus
127 321 149 376 ab
161 321 250 356 Eustathio
262 327 280 356 et
292 328 359 356 curator
371 329 413 368 pto-

57 379 174 426 chotrophiiin
180 380 236 414 Ponto
242 379 284 413 ibid.
290 399 311 406 —
323 380 344 414 ab
351 381 412 414 Eusta-

458 323 539 358 suecessit
545 322 623 365 Achillas,
633 322 658 357 cui
665 320 753 356 Meletiani
759 320 816 355 Theo·

459 394 498 415 nam
509 387 624 427 opposuerant
634 383 673 415 795.

55 439 92 475 thio
104 437 188 478 discedit,
205 444 223 471 et
240 449 278 472 eum
289 437 374 473 hostiliter
385 437 413 472 iu·
437 439 559 473 Alexandrinae
577 437 658 472 ecclesiae
675 435 816 481 consuendam

56 495 132 542 sequitur
143 495 184 530 ibid.

460 496 541 542 episcopo
551 494 670 530 constituendo
680 497 719 529 735.

34 554 79 592 Aerii
95 553 175 598 dogmata
187 555 226 586 909.
239 572 260 580 —
284 564 318 598 quo
334 559 385 598 pacto
396 560 414 587 et
438 553 547 588 Alexandrini
562 553 638 598 episcopi
649 551 731 586 dioecesis
747 551 816 597 eiusque

56 610 85 645 ubi
95 622 133 644 cram
143 609 177 643 suis
186 610 260 653 degebat
270 609 311 644 ibid.
324 629 347 637 -
364 621 413 655 pres-

459 610 558 656 provinciae
571 613 609 644 717.

56 669 126 714 byteros
142 667 224 712 aequabat
240 666 324 712 episcopis
339 666 380 700 ibid.
392 685 415 692 -
438 667 487 712 Alogi
497 666 590 709 haeretici,
607 678 635 700 cur
646 666 670 700 ita
682 664 817 711 fuerintappel-

56 725 79 758 de
98 724 179 769 paschate
198 724 242 758 male
263 723 317 757 sensit
335 725 373 756 998.
393 743 413 749 -

460 724 491 759 lati
502 726 541 758 450.

56 788 163 817 mortuorum
180 780 284 815 memoriam
293 787 311 813 et
322 781 367 815 bona
383 792 414 825 pro
438 782 487 827 Alogi
506 780 591 827 qrromodo
615 779 733 825 Apocalypsim
756 790 817 825 repre-

57 839 90 873 illis
102 844 181 882 suscepta
192 849 245 882 opera
258 837 329 871 damnat
338 838 380 870 ibid.
392 857 413 862 —

459 839 536 874 hendaut
544 840 584 871 454.

57 895 118 930 ieiunia
127 902 172 929 stata
184 894 274 928 damnabat
285 894 326 928 ibid.
339 914 360 920 -
384 894 415 927 sub
439 897 530 940 Alagorum
550 894 624 928 haeresis
644 896 672 927 91.
699 900 739 938 post
759 899 818 926 natum

56 952 121 987 Pascha
129 951 191 985 ieiunia
201 951 223 985 ab
233 950 304 985 ecclesia
313 950 355 984 obiri
365 950 415 985 solita

56 1009 74 1042 in
90 1007 190 1042 ebrietatem
206 1014 224 1041 et
241 1008 283 1042 risus
307 1007 416 1041 convertebat

56 1065 97 1099 ibid.
110 1085 132 1091 -
155 1072 211 1099 cetera
228 1065 246 1099 in
263 1065 298 1099 vita
314 1064 416 1107 vinolentus,

58 1129 75 1157 et
90 1121 140 1166 gulae
155 1121 244 1167 ventrique
261 1121 416 1165 indulgentissimus

56 1179 97 1213 ibid.
109 1197 132 1205 -
147 1178 182 1213 eius
192 1179 274 1214 refutatio
286 1181 325 1212 908.
337 1197 360 1205 -
383 1178 416 1211 ob-

57 1237 109 1273 iectio
122 1236 196 1271 eiusdem
209 1237 252 1271 circa
264 1237 382 1282 episcoporum
399 1242 416 1269 et

462 951 605 985 Christianismum
623 950 682 984 ordine
699 952 726 983 51.
743 952 783 983 422.
795 969 817 975 -

462 1008 506 1042 unde
516 1007 541 1041 sic
550 1007 592 1042 dicti
603 1010 643 1041 423.
656 1026 676 1032 -
698 1005 819 1052 Apocalypsim

462 1072 480 1100 et
491 1065 595 1109 euangelium
608 1064 674 1098 loannis
684 1064 774 1108 repudiant
783 1063 824 1109 ibi-¹

462 1123 506 1156 dem.
522 1142 540 1147 -
565 1121 646 1160 Cerintho
662 1121 739 1154 tribuunt
756 1121 819 1164 scripta

461 1180 528 1214 Ioannis
538 1182 578 1213 424.
591 1199 612 1205 -
634 1181 714 1213 loannem
723 1178 778 1224 ipsum
788 1188 818 1211 re-

461 1237 569 1284 prehendunt
579 1236 621 1271 ibid.

57 1296 194 1343 presbyterorum
204 1295 322 1341 aequalitatem
330 1294 416 1328 etsolutio
440 1296 497 1330 altare
514 1295 578 1330 domiui
594 1298 678 1342 nunqnam
694 1293 746 1328 dehet
762 1292 821 1328 feriari

56 1354 97 1389 ibid

462 1356 501 1389 704.

35 1416 86 1448 Aetas
94 1412 153 1446 mundi
160 1412 214 1457 prima
222 1417 264 1458 quot
272 1422 353 1445 annorum
361 1409 394 1444 suit
400 1412 415 1443 5.
440 1417 492 1447 Amen
511 1412 538 1446 dei
555 1423 589 1458 quo
601 1411 676 1446 Christus
693 1410 771 1445 dominns
782 1416 819 1445 rata

36 1470 80 1506 Aelii
90 1469 172 1504 Anomoei
181 1469 280 1516 opusculum
291 1471 416 1503 924-931.-
462 1471 505 1505 fecit
514 1470 570 1504 omnia
580 1469 608 1504 dei
617 1469 706 1515 promissa,
718 1476 736 1503 et
746 1480 766 1503 eu
776 1480 820 1503 con-

57 1535 135 1562 trecenta
154 1527 228 1572 capitula
243 1527 264 1561 ab
281 1539 302 1560 eo
320 1528 416 1573 conscripta
462 1528 584 1562 firmavitaoo.

58 1589 97 1620 991.
109 1604 131 1611 -
148 1584 183 1619 eius
195 1585 277 1619 relutatio
287 1576 416 1619 991-993.-
440 1586 499 1631 Angeli
515 1585 601 1631 praesides
617 1584 703 1630 gentium,
719 1595 749 1617 cur
759 1582 821 1617 loricas

59 1655 88 1678 cnr
99 1642 156 1677 Aetius
169 1642 261 1677 catholicos
279 1649 330 1677 vocat
346 1649 416 1688 tempo·
461 1644 525 1679 hahere
542 1644 620 1677 dicuntur
637 1642 735 1687 sulphureas
748 1642 821 1688 ethya-

58 1701 109 1735 rarios
122 1702 161 1733 932.
462 1700 545 1735 cinthinas
557 1702 597 1734 457.

37 1758 81 1791 Aetii
97 1756 191 1790 absurditas
207 1756 226 1790 in
244 1764 301 1791 creato
313 1757 346 1790 deo
359 1757 416 1791 etin-
440 1758 558 1803 Angelicorum
569 1757 643 1790 haeresis
653 1756 695 1790 ibid.

60 1821 117 1848 creato
130 1817 168 1847 951.
441 1814 499 1860 Angeli
506 1826 544 1848 cum
552 1814 601 1848 coelo
609 1820 687 1858 terraque
696 1813 776 1859 producti
782 1816 821 1847 611.

37 1871 145 1904 Aelianorum
154 1870 239 1904 cavillatio
251 1870 330 1904 adversus
342 1870 416 1904 catholi·
441 1871 524 1917 Angelina
529 1870 576 1904 locus
582 1871 626 1904 intra
632 1869 772 1915 Mesopotamiam
777 1869 822 1903 unde

58 1939 87 1961 cos
98 1930 136 1960 999.
149 1946 171 1953 -
194 1927 220 1960 illi
235 1927 323 1971 apostolos
339 1934 357 1960 et
373 1938 415 1973 pro-
441 1969 444 1973 ,
462 1927 631 1972 Angelicibaeretici
643 1929 682 1960 595.

58 1983 118 2029 phetas
129 1990 211 2028 respuunt
223 1986 261 2016 991.
440 1984 499 2029 Arrgeli
510 1995 540 2017 cur
550 1996 560 2017 a
571 1983 604 2017 deo
614 1983 697 2017 innumeri
706 1991 745 2018 sunt
756 1982 822 2030 conditi

37 2040 80 2073 Anii
91 2052 178 2074 successor
189 2041 280 2074 Eunomius
290 2040 331 2074 ibid.
462 2044 502 2075 295.
802 2031 805 2034 Δ

37 2096 102 2131 Aetiani
113 2097 213 2142 rebaptizati
225 2097 265 2130 ibid.
439 2099 516 2132 Animam
528 2109 565 2130 esse
575 2097 688 2132 immortalem
698 2098 781 2142 probatur
792 2108 821 2130 ex-
839 2092 843 2100 ’

37 2152 94 2186 Aetius
106 2154 127 2188 ab
138 2153 189 2188 exilio
201 2160 290 2187 revocatos
300 2160 318 2186 et
328 2153 417 2198 episcopus
462 2155 525 2200 pressis
536 2154 629 2198 scripturae
641 2155 696 2188 verbis
708 2156 747 2188 559.

59 2219 125 2244 creatus
134 2210 175 2244 ibid.
440 2213 500 2245 Anima
510 2217 557 2245 extra
567 2222 628 2256 corpus
638 2220 754 2257 peecare'non
764 2217 822 2256 potest

37 2266 93 2310 Aetius
110 2267 178 2301 sodales
190 2279 229 2302 suos
241 2267 314 2302 athletas
331 2274 349 2302 et
360 2267 417 2301 athle-
464 2271 502 2302 565.
515 2287 538 2295 -
560 2268 591 2301 sed
602 2268 645 2302 illud
656 2269 741 2302 refutatur
753 2270 792 2303 566.

59 2324 99 2358 trias
109 2331 160 2360 vocat
168 2328 242 2359 987.-
266 2325 300 2359 eius
309 2325 388 2359 salutatio
399 2324 416 2358 in
441 2327 501 2360 Anima
516 2325 533 2359 in
551 2337 622 2371 corpore
637 2326 821 2372 inclusatanqnamin

58 2380 91 2416 fine
100 2394 139 2417 suae
151 2383 239 2418 doctrinae
250 2384 307 2429 posita
314 2396 325 2417 a
334 2382 417 2429 principio
439 2410 440 2413 ¹
462 2385 501 2418 loco
513 2383 591 2430 supplicii
603 2386 642 2418 aot.

59 2439 137 2475 dissentit
145 2441 187 2477 ibid.
199 2461 222 2469 -—
241 2442 303 2488 partim
319 2441 416 2476 Sadducae·
440 2446 489 2477 Anna
500 2449 517 2477 et
527 2442 589 2477 loacim
599 2443 659 2477 beatae
668 2442 732 2477 Mariae
742 2450 822 2490 parentes

60 2509 117 2539 orum,
131 2499 193 2545 partim
205 2500 298 2534 Gentilium
311 2511 376 2534 errores
388 2511 417 2532 sa·
463 2503 514 2535 1049.

59 2555 84 2600 pit
99 2559 139 2591 988.
151 2577 175 2584 -
193 2558 238 2592 Aetii
249 2557 300 2603 impin
312 2558 417 2604 superbaque
441 2563 567 2593 Anomoeornm
583 2558 658 2593 haeresis
675 2562 714 2593 912.
728 2579 749 2587 -
772 2559 822 2606 pn'n-

59 2613 117 2658 opiuio
136 2617 175 2651 989.
192 2635 214 2642 -
243 2615 352 2650 aetianorum
368 2627 417 2649 arro·
464 2629 503 2662 ceps
515 2617 775 2662 A'e'tiusaGeorgioordinatus
786 2617 822 2650 ibi-

60 2672 117 2714 gantia
128 2672 170 2706 ibid.

35 2723 90 2772 Agabi
100 2729 168 2774 spiritus
180 2730 290 2776 propheticus
302 2730 347 2765 circa
357 2742 417 2764 zonam

61 2785 107 2820 Pauli
118 2790 158 2821 409.

38 2842 81 2886 Agni
92 2844 186 2879 immolatio
201 2845 223 2879 ab
235 2845 321 2891 Aegyptiis
335 2846 418 2880 celebrata

61 2901 89 2934 39.

13 2970 14 2975 =
39 2955 128 2992 Alexandri
139 2961 250 2995 Alexandriae
262 2961 337 3007 episcopi
346 2972 390 2995 mors
401 2968 418 2995 et

60 3015 138 3050 substitui
147 3018 180 3052 sihi
189 3019 296 3052 Athanasium
303 3019 373 3052 mandat
379 3022 417 3052 722.

40 3069 134 3108 Alexandro
144 3083 210 3117 mortua
219 3076 299 3121 episcopo
307 3076 418 3110 Alexandriae

463 2674 507 2709 dern.
519 2692 541 2700 -
558 2673 616 2708 adulta
626 2682 682 2708 aetate
693 2681 758 2709 exteras
769 2674 821 2708 disci-

462 2731 517 2776 plinas
527 2731 588 2765 didicit
598 2735 636 2766 913.
651 2752 672 2759 -
695 2732 730 2766 eius
739 2731 821 2776 relegatio

464 2792 503 2823 914.
516 2807 536 2814 -
553 2788 588 2823 eius
600 2790 662 2835 dogma
673 2790 714 2824 ibid.
724 2810 746 2816 -
763 2788 821 2823 Ae'tius

463 2846 484 2880 ab
502 2846 567 2881 Arianis
582 2848 735 2881 excommunicatus
747 2849 787 2881 916.
799 2866 821 2872 -

463 2904 573 2938 Aelianorum
584 2905 662 2950 superbia
677 2904 719 2938 ibid.
732 2923 753 2930 -
777 2904 821 2939 Aelii

459 2961 533 3012 perfidia
540 2962 649 2996 similitudine
656 2962 781 2996 demonstratur
786 2962 822 2996 ibi-

463 3019 508 3052 dum.
520 3038 544 3044 —
567 3020 633 3054 Aetiaui
644 3019 672 3053 dei
682 3027 774 3065 praecepta
788 3032 821 3054 ne-

463 3076 528 3122 gligunt
539 3075 580 3110 ibid.
