1988 3392
162 184 190 227 2ss
451 164 533 229 ἓιαοτι
544 195 660 228 τειεαιαιι

161 269 288 323 ἐπισκόπων,
308 276 459 328 καθαιρεθῆναι
474 272 509 325 μὲν
521 270 612 325 Ἄρειον,
631 269 653 314 τό
670 272 692 314 δὲ
707 269 801 324 καθαρόν
812 275 849 324 τῆς
859 273 946 322 πίστεως

163 343 291 393 κηρυχθῆναι
303 344 360 391 πᾶσι,
376 341 411 382 καί
421 338 443 383 τό
454 341 498 395 περὶ
511 344 547 382 τοῦ
562 339 633 393 Πύσχα
643 341 672 389 είς
683 341 754 382 ἕνωσιν
766 336 823 392 ήμῶν
832 336 867 381 ὑπ’
879 338 947 382 αὐτῶν

163 408 314 461 διορθωθῆναι.
337 405 437 449 ’Έκπαλαι
449 405 486 462 γαρ
497 408 531 449 καί
543 405 583 450 ιίπό
593 411 633 450 τῶν
643 405 714 462 πρώην
725 405 802 462 χρόνων
813 406 879 460 διέστη
891 407 913 449 ἒν
923 410 948 465 τή

163 474 256 556 ἐκκλησίᾳ
266 474 371 530 διαφόρως
381 473 489 530 ιίγόμευυν,
509 474 579 528 χλεύην
590 476 689 529 ἐμποιοῦν
702 475 828 517 ααθέκαστον
842 475 892 526 ἔτος,
906 479 947 517 τῶν

163 541 198 595 μὲν
207 558 247 624 πρρ
241 540 371 596 ἑβδομάδος
380 541 493 584 ποιούντων
502 541 538 583 καὶ
548 541 717 594 φιλονεικούντων
727 539 780 596 πρός
790 540 892 595 ἀλλήλους,
907 546 948 585 τῶν

164 610 186 651 δὲ
198 626 246 662 μετα
240 608 369 664 ἑβδομαδα,
385 611 418 652 καῖ
431 613 470 650 τῶν
480 609 516 661 μὲν
526 608 717 665 προλαμβανόντων
732 627 773 652 τιον
782 610 804 652 δὲ
814 609 947 663 μεσαζόντων,

164 674 228 719 ι’ίλλων
243 677 265 719 δὲ
280 678 382 731 μετέπειτα
399 675 547 719 ἐπιτελούντων.
577 678 644 718 Καὶ
634 694 659 729 ην
670 673 740 725 οἷπλως
753 675 828 758 φύρσις
841 676 902 732 πολλή
913 679 948 720 καί

163 743 263 799 κύματος,
284 762 311 795 ως
323 748 403 794 πολλοῖς
412 741 527 800 φιλολόγοις
541 742 578 788 ούκ
588 741 691 801 ι’ίγνωστον
702 746 724 788 ἒν
736 744 809 796 πόσοις
820 752 899 801 καιροῖς
910 745 948 789 θό-

165 815 228 870 ρυβος
245 814 327 857 ἐκινεῖτο
342 814 363 856 ἓν
379 817 408 872 τῷ
421 814 575 873 ἒκιιλησιαστικῷ
591 812 703 871 κηρύγματι
720 816 766 871 περὶ
780 819 817 858 τοῦ
828 820 865 870 τῆς
877 817 947 871 ἒορτής

165 882 238 937 ταύτης
251 881 372 937 ζητήματος,
392 883 414 925 ἓν
431 899 452 925 τε
467 881 548 939 χρόνοις
559 882 697 941 Πολνκύρττου
708 885 743 928 καὶ
757 887 871 941 Βίκτωρος,
891 883 919 936 τός
935 882 948 940 ή

156 950 252 1006 ,οἰνατολή
264 951 316 1009 πρός
329 950 367 1007 τήν
376 951 440 1014 δύσιν
450 953 584 1009 διαφεραμὲνη
600 951 692 1010 είρηνικοί
704 952 751 1010 παρ’
760 952 849 1008 νἰλλήλων
858 952 896 997 ούκ
907 955 948 998 ἐδέ-

165 1038 227 1075 χοντο.
256 1019 290 1063 Ἐν
301 1019 366 1071 όλλοις
375 1021 397 1063 δὲ
407 1020 462 1070 όσοις
472 1027 562 1076 καιροῖς,
579 1023 601 1064 ἕν
610 1039 631 1065 τε
642 1022 720 1076 χρόνοις
730 1020 859 1079 Ἀλεξάνδρου
870 1022 949 1066 ἐπισκό-

166 1107 207 1133 που
225 1087 386 1144 5Ἀλεξανδρείας
397 1090 432 1131 καὶ
446 1093 588 1143 Κρισκεντίου,
609 1088 637 1140 τός
651 1090 703 1144 πρός
715 1088 812 1145 οῖλλήλους
825 1089 952 1146 εύρίσκονται

165 1159 247 1207 ἕκαστος
262 1157 329 1199 αὐτῶν
346 1156 457 1213 γράφοντες
474 1158 508 1199 καί
523 1158 677 1212 διαμαχόμενοι,
698 1160 736 1208 ἕως
746 1164 785 1201 τῶν
794 1156 895 1214 ήμετέρων
904 1159 949 1214 χρό·

165 1243 219 1276 νων,
240 1225 309 1275 ἔξότου
325 1225 425 1280 ἐταράχθη
436 1222 485 1278 μεταλ
498 1223 534 1266 τόν
545 1225 616 1280 χρόνον
627 1230 667 1268 τῶν
679 1225 816 1281 ἕμπεριτόμων
827 1225 949 1279 ἐπισκόπων,

85 1316 119 1344 pag.
128 1308 158 1336 ειν.
168 1292 232 1341 οὕτως
244 1294 330 1347 ἐφέρετο.
360 1291 398 1333 Διδ
410 1291 540 1341 συνελθόντες
552 1295 574 1334 οῖ
583 1292 709 1347 πανταχόθεν
720 1292 765 1336 τότε
775 1294 811 1336 καί
825 1292 950 1351 οἷκριβαίσαν-

79 1847 124 1892 Κεφ.
134 1846 150 1883 ι’.

165 1375 196 1408 τες
207 1359 281 1412 α’ῖρισαν
292 1357 338 1413 μεθ’
348 1357 443 1413 όμονοίας
454 1361 544 1414 γίνεσθαι
556 1358 608 1402 κατιί
618 1360 640 1403 τό
652 1362 731 1416 πρέπον
739 1365 774 1415 τής
785 1360 858 1415 ψήφου
869 1363 950 1416 καὶτῆς

167 1425 298 1476 ἀκολουθίας.

226 1841 265 1891 Εἷς
275 1845 334 1884 τοῦτο
350 1841 372 1883 δὲ
387 1843 408 1884 οῖ
418 1839 475 1884 αύτοὶ
488 1839 589 1884 Λύδιανολ
601 1842 741 1897 παραφέρουσι
755 1839 791 1896 τήν
805 1845 845 1884 τῶν
856 1838 950 1885 Ἀποστό-

167 1913 207 1953 λων
215 1908 322 1962 Διόταξιν,
343 1904 406 1952 οὖσαν
421 1911 457 1964 μὲν
471 1915 513 1960 τοῖς
528 1914 608 1960 πολλοῖς
620 1911 641 1953 ἒν
656 1909 783 1969 ἅμφιλέκτῳ,
803 1907 842 1953 ἄλλ’
854 1909 893 1954 ούκ
904 1908 951 1953 666-

168 1995 237 2032 κιμον·
252 1984 307 2021 πᾶσα
317 1976 355 2035 γιίρ
366 1980 387 2021 ἒν
399 1977 450 2038 αύτῇ
463 1977 559 2032 κανονική
569 1977 624 2029 τάξις
637 1979 753 2035 ἐμφέρεται,
767 1980 802 2022 καὶ
815 1976 874 2022 ούδὲν
887 1996 950 2035 παρα-

167 2048 312 2103 κεχαραγμένον
326 2051 362 2101 τῆς
372 2050 467 2100 πίστεως,
485 2046 548 2089 1οὐδὲ
561 2050 595 2101 τῆς
609 2044 724 2103 ὁμολογίας,
746 2045 793 2090 οὐδὲ
804 2052 840 2102 τῆς
850 2049 952 2101 ἐκκλησια-

167 2120 236 2169 στικῆς
251 2114 369 2170 διοικήσεως
384 2117 419 2158 καί
432 2116 520 2165 κανόνος
537 2116 571 2157 καί
584 2118 674 2165 πίστεως.
707 2114 734 2158 To*
750 2116 772 2158 δὲ
784 2115 855 2169 ῥητόν,
877 2114 913 2169 ἀφ’
927 2108 952 2158 οὗ

167 2182 302 2237 λαμβάνοντες
313 2185 359 2238 περὶ
369 2188 406 2226 τοῦ
419 2183 491 2238 Πάσχα
501 2187 569 2232 κακῶς
579 2182 763 2238 παρερμηνεύουσιν
774 2186 795 2226 οῖ
804 2184 952 2238 προειρημένοι,

167 2251 202 2292 καὶ
213 2248 331 2305 ἆγνοοῦντες
340 2252 411 2306 ἑτέρως
422 2249 610 2305 ὑπολαμβάνουσιν·
626 2248 713 2303 όρίζονσι
725 2250 762 2306 γαρ
776 2252 797 2293 ἒν
806 2257 830 2310 τῇ
840 2251 892 2310 αὐτῇ
905 2257 953 2294 Δια-

168 2318 222 2367 τύξει
236 2320 257 2360 οἱ
276 2317 385 2361 ιἰπόστολοι
400 2318 442 2370 ότι,
462 2318 528 2372 Ὑμεῖς
543 2316 570 2371 μή
585 2321 697 2372 ψηφίζητε,
717 2317 765 2360 6666
780 2324 854 2361 ποιεῖτε
869 2318 918 2361 όταν
934 2320 955 2361 οῖ

169 2383 253 2437 αδελφοί
264 2384 320 2438 ὑμῶν
333 2388 354 2427 οἱ
367 2387 389 2427 ἐκ
404 2391 522 2441 περιτομῆς,
538 2383 578 2439 μετ’
593 2383 659 2427 αὐτῶν
674 2384 716 2439 ἅμα
731 2389 827 2428 2ποιεῖτε.
858 2387 899 2428 Καὶ
915 2385 953 2429 οὐκ

168 2452 238 2503 εἶπαν,
248 2452 313 2494 Ὅταν
328 2455 349 2493 οῖ
362 2450 445 2505 αδελφοί
459 2452 516 2506 ύμαῖν
527 2455 549 2495 οῖ
560 2454 582 2495 ἓν
595 2457 700 2510 περιτομή,
716 2450 764 2495 οἶλλοῖ
774 2454 796 2494 οῖ
806 2454 828 2495 ἐκ
839 2457 953 2509 περιτομῆς,

168 2523 202 2563 ’ίνα
217 2523 295 2570 δείξωσι
309 2518 356 2569 τούς
377 2518 434 2562 3α’πό
449 2526 486 2575 τῆς
496 2524 606 2575 περιτομῆς
617 2521 645 2569 εἰς
655 2518 691 2572 τήν
701 2521 807 2573 ἐκκλησίαν
817 2519 949 2573 μετελθόντας

168 2586 269 2644 ἆρχηγούς
280 2585 330 2630 εἶναι
340 2587 379 2641 μετ’
392 2589 469 2631 ἐκεῖνον
480 2586 515 2631 τόν
525 2586 608 2644 χρόνον,
629 2588 664 2630 καὶ
675 2589 703 2636 είς
713 2586 734 2630 τό
748 2590 899 2642 σνμττείθεσθαι
913 2594 955 2638 τοῖς

168 2655 245 2707 ἅλλοις,
261 2657 289 2704 είς
299 2654 321 2697 τό
334 2655 361 2709 μή
374 2655 433 2698 ίίλλσν
443 2662 509 2698 ποιεῖν
525 2653 606 2705 4όῖλλιος
617 2656 652 2697 καὶ
665 2652 724 2697 ἶν’λλον
736 2650 808 2698 ύλλοτε.
842 2661 907 2699 Τοῦτο
916 2655 954 2711 γδρ

169 2724 191 2768 τό
206 2729 248 2768 πεῖν
263 2722 377 2779 συνήγαγον
396 2723 509 2780 φρόντισμα
524 2723 558 2767 διύ
576 2721 613 2778 τήν
633 2724 704 2766 ἕνωσιν
718 2722 755 2779 τήν
769 2726 827 2779 μίαν,
848 2722 925 2780 ἵναμή
941 2719 954 2785 ᾗ
972 2716 979 2730 ’

192 2890 208 2921 5.
215 2887 255 2923 λλ
256 2887 323 2933 ξανδοε
319 2899 345 2928 ας
353 2889 436 2921 nonhabet
446 2890 475 2921 οοιλ
483 2890 549 2930 Βλιιίις
596 2887 612 2921 2.
626 2889 650 2928 Cf.
662 2890 714 2922 Grabe
724 2889 818 2930 ὃμιοιλεςλ
829 2898 867 2930 μσς.
874 2885 934 2932 λδεης.

193 2935 232 2967 Cn.
241 2936 273 2967 X.
281 2954 298 2959 -
324 2937 338 2968 1.
352 2931 453 2969 λἰιλιιιαιῖδὲ
464 2936 497 2978 τῆς
509 2932 550 2979 δμο-
596 2935 612 2968 3
625 2933 750 2990 ἐκπεριτομῆς
762 2937 796 2967 cod.
811 2936 875 2975 Βλιαλίρ.

169 2980 227 3024 λογίας
237 2982 329 3015 exciderunt
343 2983 364 3013 ab
378 2981 414 3013 edit
428 2982 482 3014 Ρελον.
496 2982 549 3014 (ἰνίου.
596 2975 679 3018 4.αλλως
688 2975 956 3035 ουνῑγείμτοἄλλονς,οαοιίλίλινλ

168 3030 215 3068 repet
573 3028 634 3059 λαντον.
624 3027 810 3067 λΡαανίαιμιιλαλιοι
822 3020 887 3061 οιλλοτε
