1988 3392
284 211 376 245 canaan
388 212 430 244 niu.
437 213 468 246 ru.
480 212 536 245 nom.
542 213 556 245 1.
567 211 635 245 nana.
641 211 724 245 mxxvi.
856 204 898 244 327

111 305 134 334 ae
144 289 271 332 tenebrarum
281 288 377 332 voeabula
388 290 511 346 pronuntiet,
528 304 579 345 quae
591 289 693 332 auditione
706 288 811 341 didicerat,
828 289 899 331 horum

111 368 178 405 tamen
188 357 271 417 figuram
281 374 305 403 ae
314 357 401 418 speeiem
411 358 490 403 minime
502 359 613 417 cognoscit,
627 373 665 403 nee
677 356 786 402 cuiusmodi
798 358 824 402 sit
835 357 899 418 expli·

111 445 158 474 ecre
168 437 245 486 potest,
262 431 314 487 qnod
327 431 420 472 abutere
432 431 501 474 matris
514 445 586 474 caecus
597 430 704 488 prodierit,
727 444 751 472 ac
763 431 845 487 proinde
856 430 899 472 sin-

110 499 202 554 gulorum
223 499 349 554 qualitatem,
377 499 504 554 discrimina,
532 499 634 553 ligurasve
660 500 777 541 discernere
803 506 897 553 nequeat.

112 565 220 620 Quodlibet
233 566 286 607 enim
298 567 381 607 istorum
394 566 496 608 nominum
508 580 602 608 sensuum
614 566 737 622 perceptioni
751 565 899 620 experientiae-

111 647 149 691 qne
165 628 320 676 consentaneam
338 633 425 691 speeiem
444 631 550 690 exprimit,
572 633 645 675 sedec
662 647 756 675 sermone
770 633 867 675 declarari
879 634 899 674 ei

111 703 195 763 quinon
207 703 260 747 illam
276 703 338 748 oculis
351 703 464 762 usurparit,
487 718 552 762 neque
564 711 617 747 tactu
631 702 711 761 probari
722 702 852 747 diiudicarive
864 717 899 761 po-

110 781 158 817 test.
189 773 258 829 Quare
269 789 313 817 oum
327 774 381 816 caeci
393 775 421 816 illi
434 774 458 816 de
474 775 523 816 iisee
536 774 637 817 coloribus
650 774 786 826 disserentes,
808 774 841 829 qui
854 788 898 815 eum

110 842 168 896 nigro
180 842 296 892 candidum,
312 841 376 882 viride
388 856 432 882 eum
444 842 549 891 caeruleo,
572 850 612 882 tum
624 856 756 897 purpureum,
773 842 897 892 coccineum,

110 923 134 949 ae
146 915 226 950 ceteros
244 908 329 949 intense
348 908 411 964 perite
425 915 553 963 comparant,
576 909 599 948 de
613 908 708 963 cuiusque
719 909 800 962 generis
811 922 834 949 ae
844 909 899 949 colo-

110 977 138 1020 ris
149 976 244 1033 qualitate
260 989 272 1018 a
286 976 343 1019 nobis
359 975 522 1032 interrogantur,
543 990 581 1017 nec
598 975 650 1018 istud
669 975 747 1032 eloqui,
770 989 807 1017 nec
818 990 829 1017 a
841 976 898 1018 nobis

110 1048 190 1091 edoceri
201 1056 297 1105 possunt,
314 1048 350 1090 sed
362 1061 412 1090 voee
424 1054 482 1090 tenus
497 1046 583 1104 sibiipsis
595 1046 727 1104 persuadent,
750 1054 770 1089 et
782 1046 898 1090 auctoribus

110 1119 221 1172 imponunt,
237 1123 259 1157 ut
268 1117 346 1158 illorum
357 1116 464 1157 discrimen
477 1117 621 1170 perfectissime
633 1116 707 1157 callere
719 1116 832 1167 videantur,
848 1124 898 1157 tam·

110 1184 148 1225 etsi
162 1183 211 1224 nihil
221 1190 301 1238 praeter
314 1184 366 1223 nuda
378 1183 439 1223 verba
452 1190 534 1223 teneant
545 1196 613 1224 earum
626 1197 706 1232 rerum,
728 1197 823 1237 quarum,
846 1184 898 1237 quod

110 1265 146 1294 eas
156 1249 236 1293 minime
247 1249 415 1307 comprehendere
426 1250 511 1306 possint,
528 1263 604 1291 summa
613 1251 633 1291 in
645 1249 772 1304 ignoratione
782 1257 897 1292 versantur.

110 1322 143 1365 Ad
154 1321 206 1365 hune
217 1320 296 1364 moduni
306 1319 340 1364 ille
351 1319 376 1363 de
388 1320 425 1363 deo
436 1333 548 1363 sermonem
559 1318 656 1372 instituit,
673 1326 693 1362 et
704 1324 817 1378 corruptam
829 1320 898 1363 urascio

111 1407 169 1449 quam
182 1391 249 1443 nobis,
266 1399 348 1441 mutam,
365 1405 388 1432 ae
401 1391 490 1442 surdam,
506 1404 626 1446 caecamque
637 1390 734 1445 virginem
745 1405 782 1447 per
792 1391 898 1433 ludibrium

111 1459 186 1510 obiicit,
203 1474 238 1513 pro
249 1473 285 1500 sna
295 1460 316 1499 in
325 1459 413 1499 divinum
424 1472 496 1499 numen
510 1459 618 1513 petulantia
629 1466 734 1513 corruptus
743 1460 795 1513 ipse,
812 1466 832 1499 et
840 1459 898 1513 iguo·

111 1526 174 1569 cantia
186 1526 241 1567 velut
251 1525 276 1566 ab
288 1526 366 1579 origine
379 1533 482 1566 contracta
493 1525 589 1566 caecitate
600 1525 701 1566 laborans.
734 1523 774 1579 Qiii
785 1526 813 1566 ita
826 1526 898 1567 dedeo

111 1595 208 1651 disputat,
237 1599 259 1635 nt
275 1594 299 1635 de
319 1593 361 1635 eius
380 1600 450 1634 natura
471 1593 624 1634 sermocinando
644 1593 744 1635 coniicere
765 1607 788 1633 ac
808 1593 899 1635 divinare

111 1666 198 1709 studeat.
228 1662 334 1707 Postremo
349 1663 457 1721 discipulos
473 1678 521 1707 suos
534 1663 558 1706 ad
572 1671 682 1707 extremam
699 1662 841 1721 impudentiam
854 1678 899 1723 per-

111 1736 176 1779 duxit.

168 1801 207 1844 Vl.
237 1801 293 1842 Nihil
309 1802 361 1842 enim
374 1809 454 1855 estque
468 1816 508 1842 nou
520 1802 598 1842 illorum
612 1802 713 1857 pertingat
726 1803 816 1844 audacia.
847 1802 899 1843 Pro-

111 1870 213 1926 phetarum
229 1866 405 1927 apostolorumque
422 1868 502 1909 nomina
518 1869 643 1910 contumeliis
661 1869 771 1910 incessunt.
807 1867 899 1924 Cumque

111 1937 178 1996 urgeri
191 1936 290 1979 rationum
300 1936 321 1978 vi
331 1950 355 1978 ae
368 1936 419 1996 male
431 1935 500 1979 haberi
512 1937 627 1994 coeperint,
648 1937 746 1995 effugiunt
758 1937 853 1989 subinde,
875 1951 899 1979 ao

111 2009 227 2068 prosiliunt,
244 2015 276 2059 et,
294 2004 347 2061 lsta,
370 2006 472 2064 inquiunt,
493 2008 608 2065 apostolus,
631 2016 724 2064 tanquam
744 2009 815 2061 honio,
838 2008 897 2051 dixit.

111 2080 182 2129 Alias,
199 2076 271 2131 Quidt
263 2076 420 2128 tumihivetus‚
437 2077 500 2128 aiunt,
517 2084 656 2118 testamentum
671 2078 756 2119 obiicis?
786 2077 845 2132 Quod
857 2093 899 2134 qur

111 2148 155 2187 dem
167 2160 247 2187 mininie
259 2159 329 2186 nurum
342 2152 385 2193 est
407 2158 423 2184 si
436 2144 508 2184 dietum
522 2145 569 2185 illud
584 2145 690 2186 salvatoris
703 2147 853 2186 consideretur
874 2149 899 2185 Si
915 2153 973 2183 Mareu.

110 2220 185 2266 patrem
195 2214 281 2264 famelius
292 2212 400 2251 Beelzebub
411 2219 535 2258 vocaverunt
553 2219 624 2263 quanto
634 2226 696 2263 magis
706 2214 818 2252 domesticos
829 2189 937 2252 illius⁹
951 2188 974 2216 ὴ

112 2279 246 2326 sitammam
258 2294 335 2338 ipsum
352 2293 375 2321 aa
387 2293 456 2321 verum
469 2293 512 2322 cius
525 2280 598 2334 decus
620 2287 640 2322 et
651 2279 734 2337 uternam
746 2280 846 2338 abneffare
858 2294 898 2322 non

111 2352 213 2404 dubitant,
241 2359 315 2408 quanto
332 2351 394 2407 magis
412 2350 517 2408 prophetas
534 2350 600 2404 illius,
626 2359 646 2394 et
664 2352 766 2409 apostolos
785 2352 898 2409 negabunt?

48 2462 50 2464 ,
111 2422 221 2465 Praeterea
231 2435 279 2464 vero
290 2421 365 2462 maiore
377 2421 460 2475 quadam
473 2421 552 2461 insania
562 2435 585 2461 ac
598 2422 665 2462 furore
676 2422 763 2477 correpti
774 2422 828 2464 Aelii
840 2422 898 2464 disei-

112 2491 163 2546 puli,
180 2489 305 2530 cumbarum
317 2502 446 2538 successore,
464 2490 495 2542 qui
508 2488 619 2529 Eunomius
632 2490 681 2529 falso
694 2490 818 2540 nominatur,
841 2491 898 2530 etad

112 2558 161 2599 haec
173 2564 262 2610 tempora
274 2562 379 2610 superest,
400 2556 453 2596 aliud
465 2555 555 2609 quiddam
568 2555 687 2596 sceleratum
700 2569 724 2595 ae
735 2557 833 2596 nel'arinm
845 2571 899 2597 com-

112 2624 199 2667 mittunt.
231 2621 332 2679 Siquidem
344 2636 380 2664 eos
391 2621 425 2679 qui
434 2621 527 2679 baptizati
539 2622 578 2664 iam
590 2623 663 2663 luerint
673 2623 744 2664 iterum
759 2623 847 2680 baptizat
857 2623 899 2665 Eu-

112 2695 201 2749 nomius,
218 2709 257 2737 non
269 2694 328 2736 modo
339 2694 371 2750 qui
383 2708 394 2736 a
406 2692 517 2747 catholicis,
534 2702 568 2737 aut
578 2694 602 2737 ab
616 2694 661 2738 aliis
674 2693 799 2749 haeresibus,
814 2694 850 2737 sed
863 2709 898 2738 eos

112 2835 381 2876 eoqitooeritnonsatisessequam
389 2835 435 2865 venit
445 2844 495 2884 quirum
541 2833 569 2867 3¹2.
581 2828 634 2867 αὐτοῦ
646 2835 671 2866 ed.
682 2835 711 2868 Pe
711 2843 737 2867 uu
750 2831 802 2868 αυτοῦ
818 2835 852 2866 cod.
858 2836 899 2866 nne-

113 2880 134 2911 ab
146 2878 227 2921 aliquibus
239 2877 362 2919 redarguuntur
377 2888 397 2908 ac
409 2877 462 2930 castig
453 2889 495 2909 van
519 2880 552 2919 diq.
575 2877 635 2911 ἑαυτοῦ
647 2880 682 2911 cod.
693 2881 725 2911 len.
736 2883 751 2911 et
761 2880 797 2910 edit
809 2881 860 2918 princ.

113 2930 145 2954 tur.
174 2923 213 2954 Mihi
227 2922 345 2954 rescribendum
359 2919 445 2953 videtnr‘
435 2933 495 2955 omoui-
541 2921 569 2954 33.
576 2924 650 2953 uesano
658 2921 689 2956 καὶ
697 2921 757 2961 nauto,
768 2926 852 2962 praeeunte
861 2924 899 2954 Cor·

114 2965 208 3023 κράζονται
518 2968 570 3007 auec,
581 2967 609 3007 qul
619 2968 665 2999 vertit
675 2978 703 3011 qui
698 2947 768 2999 'adhiic
776 2966 827 2999 hodie
837 2977 899 3010 super-

137 3012 164 3048 31.
176 3011 264 3060 τρέχοντες
274 3014 309 3048 cod.
319 3009 406 3055 umam
396 3010 495 3060 oneape'poo·
518 3011 571 3046 estin
581 3011 615 3045 vita
629 3024 708 3057 magnum
719 3018 736 3046 et
746 3012 853 3047 temerarium
866 3012 900 3047 tla-

113 3064 208 3102 revideam
218 3066 240 3096 est
250 3063 275 3095 ed
285 3064 340 3096 Peleo.
352 3062 405 3095 Coton
418 3065 465 3105 repet.
517 3060 582 3109 gitium
606 3062 682 3098 Petcotos
693 3063 754 3096 volebat
766 3073 829 3100 acaum
