1988 3392
245 235 339 270 Pauuuu
350 237 394 272 ere.
402 239 432 273 ur.
444 239 500 274 Tou.
508 240 522 271 r.
534 237 602 272 Hune.
609 237 691 272 cxxvi.
819 230 860 271 241

72 318 104 360 vis
120 314 210 373 inprimis
222 316 308 373 optabile
325 323 390 359 estut
402 318 495 374 eiusque
508 319 584 375 indiget
594 319 672 373 copiam
684 317 709 359 ad
722 317 814 372 solatium
828 318 863 359 ba-

73 387 132 437 beat,
152 391 186 427 aut
198 386 215 426 si
227 386 292 428 minus
309 386 389 441 assequi
405 387 479 441 possit,
503 388 573 430 saltem
587 388 659 429 erebro
675 386 696 428 iu
709 400 802 430 sermone
814 387 862 428 illud

73 461 164 509 usurpet.
194 452 253 496 Unde
262 462 281 496 et
291 460 322 507 tu,
339 468 383 496 euru
392 455 464 511 impius
476 469 499 514 ac
512 456 544 497 dei
556 456 584 498 sis
594 470 677 512 expers,
694 455 745 511 quod
758 469 817 496 unum
831 468 863 496 re-

73 528 121 574 stat,
137 535 187 564 voce
198 529 257 564 tenus
268 523 388 579 proterendo
397 522 450 565 illius
462 524 541 565 nomine
551 532 590 566 tete
600 525 701 577 venditas,
719 522 810 579 quoniam
821 524 864 578 qui-

75 591 127 642 dem,
144 591 196 646 quod
207 590 231 633 ad
242 591 401 646 eius-timorem,
418 592 489 644 fidem,
511 606 578 648 spem,
601 600 619 635 ct
630 607 679 648 erga
691 592 747 634 illum
760 592 863 633 caritatem

74 658 157 710 attinet,
174 673 274 714 uurrquam
284 659 339 702 illum
353 675 401 703 rere
412 661 588 717 iupossessiouem
598 661 692 703 habuisti.
720 660 803 716 Alioqui
814 661 863 702 satis

75 740 121 770 esse
133 727 227 769 crederes
239 729 302 770 semel
318 729 371 771 istud
382 730 460 785 eloqui,
483 743 547 785 neque
564 729 708 785 praescriptum
725 729 816 771 ordinem
832 742 865 770 se-

75 796 165 851 riemque
181 797 326 853 praetergredi.
357 796 467 839 Manifesta
484 798 563 853 quidem
579 805 611 839 est
621 813 632 839 a
644 799 745 840 salvatore
761 805 832 839 contra
844 804 864 838 te

76 863 203 922 pronuntiata
213 865 325 917 sententia,
345 869 368 905 A
375 867 473 920 uectatus
485 880 550 906 eorum
562 870 681 918 cognosceus
692 870 756 919 ipsom-
773 880 798 908 eo
811 866 970 922 quodMatth-tlfl·

77 947 121 976 eum
133 932 178 975 ovis
193 932 244 988 pelle
256 933 284 975 sis
296 933 415 985 obvolutus,
436 934 490 975 intus
507 948 571 989 rapax
583 948 617 986 es,
639 942 658 975 et
672 949 717 976 enm
728 935 773 991 lupo
785 949 865 990 eompa-

76 1009 140 1044 ratus.
172 999 252 1044 Etenim
268 1001 285 1044 si
303 1016 314 1042 a
329 1001 400 1058 spiritu
417 1008 487 1043 sancto
505 1002 585 1057 genitus
602 1016 672 1054 esses,
697 1004 764 1045 lacere
780 1010 800 1044 te
817 1002 865 1044 illud

78 1069 194 1127 oportebat,
217 1077 239 1111 ut
259 1070 323 1112 sacris
343 1069 435 1112 omuibus
452 1070 553 1112 codicibus
570 1071 692 1128 pervolutis,
718 1070 822 1114 aGenesi
841 1072 866 1113 ad

77 1138 170 1181 Estheris
182 1145 280 1195 tempora,
296 1139 328 1195 qui
341 1148 388 1181 suut
398 1146 475 1196 septem
486 1146 506 1181 et
517 1139 588 1195 viginti
600 1139 646 1181 libri
656 1139 770 1182 testamenti
780 1140 865 1192 veteris,

78 1215 99 1250 et
109 1205 175 1250 XXll
191 1215 331 1262 numerantur,
353 1215 393 1251 tum
405 1208 539 1251 sacrosanctis
555 1207 583 1251 lV
596 1210 719 1265 evangeliis,
741 1217 761 1251 et
773 1207 797 1251 S.
809 1207 867 1251 Pauli

78 1274 132 1320 XlV
145 1277 246 1334 epistolis,
270 1292 307 1320 nec
320 1277 537 1335 nouetapostolorum
554 1277 624 1330 Actis,
647 1293 698 1334 quae
713 1279 747 1321 vel
762 1277 867 1335 superiora

79 1346 118 1390 illis
131 1353 232 1403 tempora,
249 1348 281 1390 vel
293 1347 406 1404 posteriora
417 1347 532 1400 continent,
555 1347 658 1390 catholicis
672 1348 719 1390 item
731 1346 821 1405 epistolis
834 1345 867 1389 la-

80 1416 135 1470 cobi,
157 1414 226 1469 Petri,
249 1415 343 1470 loannis,
367 1424 387 1458 et
403 1414 476 1469 ludae,
497 1417 618 1473 Apocalypsi
634 1415 728 1469 loannis,
750 1415 867 1473 Sapientiae

48 1519 50 1522 .
80 1500 159 1543 quoque
176 1484 244 1538 libris,
267 1486 304 1528 boc
319 1492 351 1529 est
366 1483 493 1539 Salomonis,
517 1485 553 1527 lilii
566 1484 651 1538 Siraeh,
675 1486 766 1529 omnibus
782 1485 867 1541 denique

80 1555 192 1612 scripturae
207 1554 263 1597 libris
280 1555 392 1614 percursis,
417 1554 543 1611 temetipsum
562 1556 679 1608 damnares,
702 1557 754 1611 quod
772 1555 869 1597 eiusmodi

79 1637 164 1676 nomen,
186 1624 210 1666 de
221 1638 260 1679 quo
272 1624 325 1666 nulla
336 1624 363 1666 sit
373 1638 455 1679 usquam
468 1624 554 1677 mentio,
576 1624 633 1666 nobis
646 1624 719 1666 afferre
738 1639 778 1667 nou
791 1624 868 1666 dubita·

80 1693 143 1737 veris.
173 1691 212 1735 Est
223 1693 276 1736 enirn
287 1692 371 1748 ingeniti
382 1706 455 1735 nomen
466 1693 546 1735 minime
557 1692 605 1735 illud
616 1693 694 1749 quidem
705 1693 809 1750 indignum
821 1694 875 1745 deo,

80 1770 102 1805 ut
113 1763 173 1805 etiam
183 1762 276 1818 pietatem
287 1762 389 1815 redoleat,
404 1776 474 1805 verum
485 1775 582 1817 nusquam
593 1762 614 1803 iu
625 1762 729 1820 seripturis
740 1764 868 1819 expressum.

81 1831 154 1888 Neque
165 1845 215 1873 vero
226 1831 276 1873 adeo
289 1831 333 1887 quis
348 1845 433 1887 uuquam
444 1830 528 1873 insanus
540 1831 620 1883 extitit,
643 1832 732 1887 genitum
743 1838 766 1874 nt
777 1845 823 1874 esse
836 1846 870 1873 co-

63 1902 155 1958 gitaret
166 1900 235 1952 deum,
258 1914 322 1956 neque
338 1900 363 1942 ob
374 1901 462 1957 genitum
480 1900 543 1942 tilium
560 1914 644 1943 neeesse
662 1901 698 1943 luit
711 1902 775 1943 solum
792 1907 870 1958 patrem

81 1971 192 2026 ingenitum
203 1970 261 2011 deum
273 1970 384 2025 appellare,
407 1983 432 2011 ne
447 1968 491 2025 quis
506 1970 526 2011 in
538 1976 594 2025 patre
611 1969 655 2012 solo
672 1984 741 2012 verum
755 1969 807 2012 istud
824 1983 870 2011 esse

83 2039 120 2081 sibi
135 2039 265 2096 persuadeat,
289 2038 324 2079 sed
340 2045 360 2079 et
375 2037 416 2080 filio
431 2052 454 2080 ac
471 2038 549 2093 spiritui
565 2045 635 2079 sancto
651 2039 768 2081 conuenire.
805 2038 871 2081 Recta

83 2108 154 2165 quippe
165 2106 216 2149 ratio
227 2113 247 2148 et
257 2106 338 2164 spiritus
353 2113 435 2149 sarrctus
447 2106 538 2149 veritatis
554 2106 607 2148 lilios
620 2108 692 2148 docent
709 2122 749 2149 non
766 2114 870 2163 tantopere

83 2177 131 2219 illud
141 2176 277 2218 admirandum
290 2189 348 2227 esse,
365 2176 400 2218 sed
411 2190 447 2232 pro
457 2189 482 2217 eo
493 2183 551 2230 atque
562 2190 573 2217 a
585 2176 643 2217 nobis
656 2175 757 2232 exigitur,
778 2176 870 2231 quodque

83 2246 105 2288 in
117 2245 174 2288 uobis
185 2245 229 2301 piae
239 2244 323 2287 rationis
334 2245 400 2298 inest,
417 2245 441 2287 de
452 2244 519 2286 divina
533 2244 636 2286 maiestate
649 2244 782 2286 sentiendum.
815 2242 871 2299 Quo·

84 2315 138 2358 uiam
149 2313 210 2371 igitur
220 2314 322 2370 ingenitus
334 2315 383 2356 deus
398 2321 440 2366 est,
461 2313 519 2370 idque
534 2314 586 2355 ultro
602 2313 722 2356 conlitemnr
737 2327 819 2367 omnes,
843 2321 872 2354 ta-

85 2384 144 2427 metsi
156 2384 210 2426 uullo
221 2397 232 2424 e
243 2382 354 2439 scripturae
366 2383 410 2425 loeo
423 2383 547 2439 comprobari
563 2383 601 2424 luce
612 2382 749 2439 appellationis
761 2396 825 2438 genus
837 2397 873 2439 po-

86 2460 138 2506 test,
162 2452 197 2493 sed
212 2466 224 2493 a
240 2452 297 2494 nobis
316 2452 365 2509 ipsis
380 2460 439 2507 atque
455 2453 528 2508 expia
543 2451 577 2493 illa
592 2451 746 2494 ratiocinatione
761 2453 872 2508 profectum

87 2529 129 2575 est,
153 2521 177 2564 ad
195 2530 243 2563 'eum
262 2521 341 2563 modum
363 2522 415 2563 scire
430 2535 467 2563 nos
483 2528 503 2562 et
518 2520 634 2562 existimare
654 2529 812 2563 consentaneum
832 2528 871 2562 est.

87 2589 130 2635 Cur
145 2590 198 2633 enim
214 2590 236 2632 in
250 2603 288 2641 eo,
312 2590 364 2646 quod
379 2589 469 2646 genitum
484 2597 528 2642 est,
551 2585 652 2632 esseutiae
671 2589 778 2631 diuortium
794 2590 873 2645 aliquod

88 2659 138 2713 erit,
155 2659 172 2702 si
183 2658 245 2716 geniti
260 2672 333 2700 nomen
348 2658 367 2700 ei
376 2659 447 2701 meritc
462 2666 572 2714 congruat,
588 2672 611 2699 ac
625 2658 711 2701 naturali
725 2658 821 2714 quadam,
838 2659 874 2700 sed

88 2728 224 2786 inexplicabili
235 2742 258 2770 ac
269 2735 309 2769 tam
324 2728 361 2769 deo
377 2728 428 2785 patri
442 2742 500 2784 quam
516 2728 535 2769 ei
546 2727 579 2784 qui
593 2726 662 2769 abillo
678 2728 728 2769 citra
745 2735 822 2784 tempus
836 2726 874 2768 ini-

88 2799 177 2855 tiumque
195 2797 274 2854 genitus
289 2804 321 2838 est
336 2796 463 2839 convenienti
482 2797 571 2849 ratione,
595 2803 615 2837 et
631 2796 709 2852 quidem
724 2810 774 2839 vere
790 2811 814 2838 ac
828 2810 875 2852 pro-

89 2867 142 2925 prie,
160 2882 200 2910 uon
211 2866 254 2909 sola
267 2867 322 2909 vocis
334 2865 429 2908 abusione
445 2865 557 2908 tribuatur?
585 2863 643 2907 Unde
656 2880 693 2908 nos
708 2879 773 2922 neque
788 2871 874 2907 creatam

90 3016 120 3040 nes
133 3004 178 3039 hanc
189 3004 271 3049 pietatem
281 3015 342 3045 nosse,
362 3001 408 3049 quod
418 3002 442 3036 sic
451 3015 470 3036 se
516 3002 532 3038 7.
550 3003 664 3048 persuadebat
681 3005 727 3038 codd.
745 3013 781 3036 noso.
802 3001 876 3046 γεγενῆ-

20 3080 23 3082 ,
89 3051 150 3096 habet)
166 3054 181 3084 et
192 3052 272 3085 Petaurus.
295 3051 339 3084 dibri
354 3048 469 3086 tremescat
493 3050 636 3085 rueretrueret.

114 3096 131 3132 ὃ.
141 3099 214 3131 Fortasse
226 3095 251 3136 εἰς
262 3094 281 3132 τὸ
294 3095 379 3140 γεννηθὲν.

126 3152 187 3190 Corpus
196 3151 290 3181 Haereseol.
298 3150 319 3179 11.
328 3152 342 3180 3.
712 3157 738 3198 1ss
