1988 3392
167 218 209 263 642
401 229 512 264 ADDENDA
524 230 554 264 ET
567 230 720 264 οουιυουινοι.

167 322 200 355 ρης
210 322 237 345 σν.
247 309 291 344 Ven.
313 308 360 342 idem
371 309 415 343 liber
424 308 476 353 paulo
486 316 526 354 post
536 309 582 343 delet
595 308 632 343 Καὶ
642 317 681 343 ante
691 307 751 352 ito'flsi,
764 318 781 344 et
792 321 824 354 pro
834 309 867 355 γάρ
877 309 897 348 ού
908 312 949 355 δείξ.

165 366 235 411 praebet
244 363 264 400 δὲ
273 362 292 400 ού
303 365 344 407 δείξ,
356 385 377 391 -
401 366 412 399 l.
420 366 436 400 6,
449 363 466 399 ἐν
475 361 521 412 ἀργῇ
533 360 555 411 ήν
567 364 640 411 όΜελγ.
657 360 722 402 Ἦλθεν
731 360 760 402 οῦν
771 366 810 411 (καί
818 366 868 402 πάλιν
878 368 948 412 ιίοουιιι)

165 420 175 458 o‘
186 421 244 467 κύριος
254 421 298 466 πρός
306 421 335 458 τόν
346 418 394 469 Ἀβρ.
407 423 450 456 ven.
463 442 485 447 —-
509 416 543 457 is.
556 425 588 456 Pro
599 422 636 457 Καὶ
646 420 655 458 ό
666 421 683 467 (ό
694 424 816 458 restituendum
826 431 852 457 est
862 424 880 457 in
892 433 949 461 nostra

165 480 214 524 edit.)
230 475 279 524 όίγιος
295 481 336 512 Veii.
355 479 426 524 praebet
442 478 479 514 Καὶ
494 475 547 519 αύτὸς
563 477 578 514 ό.
590 499 613 505 -
636 473 823 515 Ι.10.ούκούνλ7εο.
847 481 895 514 Idem
907 482 950 517 liber

164 536 205 570 ibid.
216 534 308 581 ἐπειδήπερ
314 535 358 580 περὶ.
369 556 388 562 -
405 536 417 569 l.
425 538 449 569 11.
459 533 584 572 αύτοσύστατον
593 536 671 581 γίνεσθαι
680 535 740 572 ἑαυτοῦ
751 532 801 578 (αύτό
814 537 870 581 deest)
879 540 956 576 ch.—,

164 593 175 626 1.
189 594 215 627 1¹2.
232 590 340 637 Ἐφὶιέγγετο
356 591 385 628 σύν
401 605 427 628 πι.
443 590 488 638 οἱγίῳ
503 594 545 626 Ven.
557 613 579 619 —
602 593 652 627 [14.
668 586 702 629 Ἦν
718 592 737 629 δὲ
748 593 766 629 έν
777 591 861 639 πνεύματι
873 596 914 628 Ven.
928 616 949 622 -

163 650 175 683 l.
190 651 218 684 20.
236 649 266 685 καί
280 646 356 693 ούδαμοῦ
372 649 411 694 περί
425 649 481 695 Μελγ.
498 649 543 694 λέγει
560 646 587 685 ότι
603 648 620 684 ἐν
636 654 672 690 τοῖς
687 650 782 696 γαρίσμασι
796 653 888 695 δωρεῖται,
910 648 949 689 οὔτε

164 706 181 742 ἐν
194 711 230 746 τοῖς
243 703 379 750 ῦψωμασιλῑοιι.
405 706 451 739 {dem
466 706 517 751 paulo
533 714 573 750 post
585 718 617 740 0111.
630 704 661 747 τά,
679 714 719 752 post
729 703 829 754 ᾄδεται-
852 698 948 745 miii

163 764 196 807 τῆς
207 760 291 807 ἀληθείας
301 760 359 802 αύτοῖς
370 762 490 809 συμβαίνοντα,
502 760 538 798 ἀλλ’
554 763 572 805 ἐξ
589 759 641 798 αύτοῦ
657 764 699 796 Ven.
711 783 734 789 —
757 764 768 796 1.
779 763 807 798 23.
820 766 880 799 δίοποι.
895 765 949 799 multo

164 821 249 864 copiosior
264 819 282 852 h.
297 820 309 852 l.
324 820 366 853 haec
384 821 408 852 ita
424 820 539 864 persequitur:
564 818 588 859 ολς
605 818 679 863 ἐκάστην
702 820 766 863 αἵρεσιν
783 817 865 865 ήδυνήὲη
881 819 949 866 ἀπατή-

164 877 194 912 σαί
204 889 224 912 τε
235 875 265 911 καλ
281 876 371 920 πλανῆσαι.
398 870 455 911 Ἧλὲε
470 875 490 912 δὲ
504 874 553 912 πάλιν
569 877 594 916 εἰς
609 873 669 921 ήμᾶς,
687 873 712 915 ίίς
726 888 770 916 τινες
784 875 899 921 περιττότερον
915 880 949 913 τῶν

162 932 288 978 προειρημένων
304 931 371 968 πάντων
387 932 501 977 πλανηθέντες
521 932 550 968 καλ
566 932 678 979 περισσοτέρᾳ
694 930 775 980 ἀλαζονία
791 933 854 974 ἐννοίας
869 931 950 979 ἀρδέντες

164 987 263 1035 ἐτόλμησαν
287 989 311 1029 εἰς
329 987 398 1034 ἀπορίαν
419 987 538 1034 διανοημάτων
559 990 652 1035 τραπῆναι,
677 989 706 1024 καί
724 990 749 1030 εἰς
766 988 868 1038 βλάσφημον
888 990 949 1027 έννοιαν

165 1046 221 1082 ἐλὶιεῐν
238 1046 268 1083 καί
284 1046 335 1081 εἰπεῖν
352 1045 382 1082 τόν
399 1045 450 1082 αῦτόν
466 1046 575 1093 Μελχισεδὲκ
592 1043 636 1082 εἶναι
653 1044 682 1081 τόν
699 1046 765 1091 πατέρα
782 1047 811 1082 τοῦ
829 1047 887 1092 κυρίου
899 1045 949 1092 ήμῶν

166 1100 226 1148 Ἰησοῦ
238 1104 321 1149 Χριστοῦ.
344 1104 382 1139 Καὶ
393 1099 409 1139 οἷ
419 1105 453 1147 τῆς
463 1104 497 1139 τῶν
509 1101 603 1147 ἀνδρωπων
616 1099 714 1147 ἀφυλάκτου
723 1103 787 1143 ἐννοίας
796 1103 826 1138 καί
834 1101 949 1149 ἀπατωμένης

164 1161 247 1205 καρδίας,
259 1161 289 1196 καί
301 1160 326 1205 μή
339 1159 413 1207 ἐγούσης
426 1158 485 1195 στάσιν
497 1157 586 1204 ἀληθείας.
610 1156 652 1194 Ἀπί
664 1160 694 1195 τοῦ
705 1158 738 1205 γάρ
749 1160 779 1197 τόν
791 1158 884 1196 ἀπόστολον
895 1161 949 1205 λέγειν

106 1243 107 1246 ¹
163 1215 242 1262 ἀπάτορα
258 1217 289 1252 καί
305 1216 385 1262 ἀμήτορα
402 1216 431 1253 τόν
443 1215 563 1262 Μελχισεδὲκ,
583 1214 614 1251 καί
625 1212 759 1261 ἀγενεαλόγητον
777 1216 806 1253 διά
822 1216 841 1253 τό
856 1216 948 1261 ιλπέρογκον

162 1275 195 1318 τῆς
206 1274 288 1319 φράσεως
298 1274 412 1319 πλανηδέντες
423 1273 446 1319 τῇ
459 1273 512 1319 ἐννοίᾳ
525 1273 541 1308 οἱ
551 1274 623 1309 τοιοῦτοι
633 1272 663 1307 καί
674 1274 794 1318 διανοηξνέντες
804 1272 827 1310 τοὶ
838 1274 863 1314 εἰς
874 1272 903 1310 τόν
914 1285 949 1308 πα-

162 1330 204 1374 τέρα
220 1332 254 1366 τῶν
270 1327 315 1366 όλων
327 1328 440 1375 ἀναλογοῦντα
452 1329 469 1365 ἐν
481 1329 548 1369 ἑαυτοῖς
564 1326 675 1365 ἀνετύπωσαν
691 1331 803 1376 βλασφημίας
813 1329 882 1375 πλάνην.
905 1328 948 1368 Ἀπὸ

162 1388 192 1422 τοῦ
204 1387 237 1433 γάρ
249 1386 277 1423 τόν
289 1388 355 1432 πατέρα
365 1388 399 1422 τῶν
412 1383 456 1423 όλων
469 1386 509 1422 §cii
521 1385 551 1422 τόν
564 1384 691 1431 παντοκράτορα
703 1385 748 1431 μήτε
760 1387 826 1433 πατέρα
837 1387 891 1434 ἔχειν,
904 1388 949 1434 μήτε

163 1445 239 1488 μητέρα,
253 1444 298 1489 μήτε
310 1442 365 1490 ἀργήν
376 1442 458 1488 ἡμερῶν,
471 1441 516 1488 μήτε
530 1444 578 1488 ζωῆς
589 1442 647 1487 τέλος,
659 1444 709 1478 τοῦτο
720 1443 754 1489 γάρ
766 1446 818 1480 πᾶσιν
828 1442 948 1490 αἱμολέγηται,

162 1497 289 1541 ἀπεικάσαντες
301 1502 359 1536 τοῦτον
375 1501 421 1544 (cod.
433 1498 506 1541 τούτων)
521 1499 550 1536 τόν
561 1499 681 1545 Μελχισεδὲκ,
699 1500 728 1536 διά
743 1500 763 1537 τό
778 1501 818 1545 περὶ
833 1498 885 1537 αύτοῦ
903 1499 948 1537 ούτω

162 1556 191 1593 τόν
206 1555 299 1594 ἀπόστολον
311 1557 408 1602 εἰρηκέναι,
421 1556 446 1596 εἰς
458 1553 556 1601 ἀφροσύνης
571 1557 681 1602 βλασφημίαν
693 1555 805 1598 πεπτώκασι,
820 1557 844 1602 μή
857 1556 949 1603 νοήσαντες

162 1612 185 1650 τά
197 1610 241 1650 όίλλα
257 1612 279 1649 τά
290 1614 330 1658 περὶ
346 1612 399 1650 αύτοῦ
418 1613 504 1657 εἰρημένα,
528 1613 574 1658 Περὶ
591 1611 623 1658 γάρ
640 1615 669 1649 τοῦ
686 1614 794 1659 Μελχισεδὲκ
810 1615 877 1658 εἴρηται
889 1611 915 1651 ότι
926 1608 949 1659 ήν

163 1670 220 1716 ἱερεύς
236 1668 315 1714 ύψίστου.
339 1671 363 1706 Εἰ
375 1665 403 1706 οῦν
416 1666 490 1713 ύψιστός
501 1669 546 1705 ἐστιν
564 1664 614 1709 ούτος
625 1669 655 1704 καί
672 1669 740 1716 πατήρ,
760 1664 794 1715 ἀρα
806 1670 864 1716 ἑτέρου
875 1668 948 1714 ύψίστου

163 1726 244 1774 ύπάργων
256 1726 311 1770 ἱερεύς
324 1725 382 1762 ούκέτι
393 1729 420 1772 εἴη
432 1725 488 1770 πατήρ
500 1727 534 1762 τῶν
548 1723 604 1767 όλων,
617 1725 709 1770 ἰερατεύων
721 1727 774 1773 ἑτέρῳ
786 1724 862 1772 ύψίστῳ.
885 1729 921 1764 Καὶ
933 1723 949 1764 οἷ

161 1785 195 1828 τῆς
206 1785 240 1820 τῶν
252 1782 346 1828 άνξιρωπων
358 1782 468 1830 γυδειότητος
479 1784 513 1827 τῆς
524 1782 546 1818 τά
557 1780 630 1828 ἀληθινοί
644 1782 669 1827 μή
683 1784 808 1828 κατανοούσης,
821 1783 850 1820 ἐπὶ
860 1783 882 1820 τά
893 1784 948 1821 πλοινοί

162 1840 182 1876 δὲ
194 1840 256 1885 ἑαυτήν
268 1840 370 1885 τρεπούσης.
394 1840 420 1877 Τό
433 1841 487 1884 πέρας
504 1839 536 1884 γάρ
554 1840 588 1884 τῆς
599 1838 694 1880 ἐπιλύσεως
710 1842 740 1876 τοῦ
752 1839 815 1881 παντὸς
827 1841 948 1886 ζητήματοςό

161 1895 210 1944 όίγιος
222 1896 316 1938 ἀπόστολος
334 1895 434 1942 συναγαγών
454 1896 498 1942 ἔφη,
514 1893 536 1931 Ὁ
549 1896 569 1933 δὲ
581 1895 606 1942 μή
619 1896 771 1943 γενεαλογούμενος
783 1897 802 1939 ἐξ
813 1895 880 1943 οὔτῶν,
897 1901 948 1944 δῆλον

162 1954 182 1991 δὲ
193 1952 237 1992 ἀλλά
249 1955 268 1997 ἐξ
280 1955 353 2000 ἑτέρων,
365 1952 475 1991 δεδεκάτωκε
486 1952 516 1990 τόν
527 1951 617 2000 Ἀβραάμ·
634 1953 664 1989 καί
675 1953 735 1998 πάλιν,
746 1951 782 1995 Ὃς
794 1954 811 1990 ἐν
822 1959 861 1995 ταῖς
872 1955 947 2001 ήμέραις

160 2015 194 2056 τῆς
207 2011 271 2057 σαρκὸς
283 2010 335 2047 αὐτοῦ
346 2011 417 2056 δεήσεις
428 2012 458 2045 καί
470 2011 536 2050 ἱκεσίας
547 2010 625 2050 ἐποιεῖτο,
637 2011 688 2055 φησί,
700 2011 743 2056 πρός
755 2011 785 2047 τόν
794 2010 885 2056 δυνάμενον
896 2010 948 2049 αὐτόν

162 2070 229 2113 σῶσαι,
248 2067 290 2104 όδὲ
300 2068 356 2113 πατήρ
369 2067 425 2112 σάρκα
435 2065 466 2102 ούκ
476 2066 576 2109 ἐνεδύσατο,
594 2068 651 2112 δῆλον.
675 2068 712 2102 Καὶ
726 2066 839 2112 περὶτούτων
851 2067 872 2104 δὲ
883 2070 948 2110 ἱκανῶς

161 2124 289 2170 διηγησάμενος
302 2127 373 2159 κτλ-
401 2124 450 2158 1.2‹i.
465 2124 572 2168 μυογαλίδιον
586 2125 628 2158 Ven.
653 2121 695 2157 Ιιεοι
707 2125 736 2158 lin.
748 2137 795 2171 sequ.
808 2144 830 2151 -
853 2126 904 2161 ΜΤ.
917 2126 947 2162 καλ

161 2181 243 2227 φύγωμεν
259 2180 279 2218 τό
297 2181 361 2229 ἰόβολον
378 2178 434 2225 αῦτής
448 2179 552 2226 δηλητήριον
565 2183 608 2216 Ven.
621 2201 642 2207 -
666 2182 677 2215 1.
689 2183 752 2226 penult,
771 2181 852 2227 κελεφίοις
865 2181 891 2224 ιύς
903 2180 946 2220 όλων

160 2240 204 2274 Ven.
216 2259 239 2265 -
261 2239 274 2272 1.
283 2239 314 2272 ult.
326 2236 371 2283 αύτη
383 2237 396 2284 ή
409 2238 475 2282 αἵρεσις
486 2238 509 2284 τῇ
521 2238 587 2285 διανοίᾳ
598 2242 633 2278 τοῖς
646 2236 700 2279 εύδύς
712 2240 755 2272 Ven.

206 2297 261 2343 Pag.
270 2297 321 2333 144.
344 2296 355 2329 l.
368 2298 384 2330 2.
398 2293 489 2340 ζητήματα
500 2294 569 2339 ἐμποιεῖ
579 2297 621 2328 Ven.
634 2315 655 2321 -
679 2296 690 2329 1.
702 2296 718 2330 3.
730 2294 795 2340 ταύτης
805 2296 838 2341 τῆς
847 2294 886 2343 παρ’
895 2296 946 2343 ήμῶν

161 2353 254 2398 γενομένης
270 2351 308 2388 κατ’
321 2350 377 2397 αύτής
393 2351 490 2396 ἀνατροπῆς
501 2363 521 2387 τε
534 2352 565 2387 καὶ
576 2351 676 2398 ἀντιλογίας,
700 2351 727 2388 Ού
739 2352 796 2400 τάγιον
809 2355 850 2387 λὀο,
862 2375 886 2381 -
908 2357 919 2390 1.
929 2357 945 2391 fi.

161 2409 321 2455 ἐσυκοφαντημένος
335 2412 377 2443 Ven.
393 2430 414 2436 -
438 2409 449 2442 Ι.
462 2411 477 2445 7.
489 2407 522 2453 τήν
534 2409 603 2454 μνήμην
615 2406 741 2452 ἀπεικάσαιτας
757 2406 806 2457 αύτῷ
818 2412 840 2457 τῇ
856 2411 902 2456 παρά
912 2414 946 2457 τῆς

161 2467 244 2511 αἱρέσεως
256 2465 318 2513 βλάβῃ.
342 2468 397 2503 Τοῦτο
409 2464 442 2512 γὰρ
455 2464 507 2501 αύτοῦ
519 2464 538 2502 τό
551 2463 629 2510 ἀδίκημα
641 2464 713 2513 ύπάργει
725 2469 773 2510 Veri,
788 2468 834 2501 cuius
844 2469 945 2515 subscriptio

159 2524 177 2557 h.
186 2525 199 2557 l.
207 2533 233 2558 est
242 2523 292 2560 Κατά
304 2525 464 2570 Μελγισεδεκιανῶν
474 2522 497 2559 λε’
506 2519 519 2568 ή
533 2523 563 2559 καί
573 2520 594 2560 ιε’
597 2548 601 2557 .

206 2583 217 2615 l.
229 2583 255 2616 λθ.
272 2581 323 2618 Κατοί
335 2582 481 2626 Βαρδισιανιστῶν
498 2582 541 2614 Ven.
555 2600 574 2606 -
599 2581 611 2614 Ι,
624 2582 650 2615 Ιῦ.
668 2580 701 2627 τήν
716 2582 765 2618 πόλιν
777 2584 820 2616 Ven.
843 2583 890 2618 idem
902 2584 943 2618 ibid.

160 2641 226 2686 πρῶτον
238 2634 300 2683 ἀριστό
311 2652 337 2680 τις
347 2636 395 2685 ἀνήρ.
408 2659 428 2665 -
446 2638 457 2672 l.
466 2637 492 2673 19.
504 2635 610 2674 Ἐδεσσινων
622 2641 637 2674 δ.
650 2635 699 2684 ἀνδρί
710 2637 800 2685 ὁσιωτάτῳ
812 2639 844 2684 (ita
855 2643 916 2687 corrig.
927 2643 944 2676 iu

160 2711 198 2732 mea
210 2697 260 2741 edit)
272 2697 302 2731 καί
312 2696 412 2743 λογιωτάτῳ
419 2695 470 2738 έξοικ.
483 2697 525 2729 Ven.
537 2715 560 2721 —
582 2696 593 2729 l.
603 2696 631 2730 24.
642 2695 696 2741 λέγων
706 2697 813 2731 retinendum
823 2706 855 2739 est,
868 2711 899 2744 pro
910 2712 944 2745 quo

160 2756 219 2801 scripsi
231 2754 330 2799 ψέγων-
353 2755 363 2786 l.
372 2755 400 2789 25,
413 2751 455 2797 ύπὲρ
468 2747 489 2787 ού
499 2749 589 2799 εύσεβείας
600 2754 643 2787 Ven.
669 2753 717 2786 idem
728 2755 829 2800 paulopost
840 2753 900 2800 φήσας
914 2755 943 2793 τὸν

160 2811 234 2860 ἀνάγκη.
246 2832 269 2837 -
292 2812 303 2844 l.
314 2811 341 2845 30.
354 2811 387 2852 ἕως
399 2809 428 2847 ότε
439 2811 465 2857 τῷ
478 2805 527 2856 αύτῷ
540 2811 621 2857 σγίσματι
632 2811 665 2856 τῆς
674 2809 737 2847 ,ἑαυτοῦ
751 2814 791 2846 λὀω
804 2831 826 2838 -
854 2813 866 2849 l.
877 2814 904 2849 31.
915 2814 942 2851 δί-

159 2884 192 2915 κην
204 2871 237 2910 &iic
249 2870 290 2914 (sic)
302 2872 338 2913 γεγ.
351 2871 411 2903 Venet.
423 2888 446 2894 -
474 2868 486 2901 l.
499 2869 561 2912 penult.
580 2869 692 2912 λακισδείσης
706 2867 811 2915 ἀπολομένης
821 2882 841 2906 τε
853 2870 885 2915 τήν
896 2868 942 2908 ἀποι-

115 2925 117 2927 ¹
160 2939 190 2963 σαν
204 2930 264 2960 venet.

206 2986 260 3032 Pag.
270 2984 322 3021 146.
344 2984 379 3019 λλ.
391 2986 453 3029 δηλητ.
465 2983 515 3020 τοῦτο
527 2982 557 3019 καί
568 2985 599 3027 ζιζ.
611 2985 665 3026 Ven.,
683 2983 711 3030 qui
727 2984 779 3030 paulo
795 2991 835 3029 post
847 2985 894 3020 delet
904 2999 941 3022 voc.

160 3043 190 3079 καί
202 3039 259 3083 ἀλλας.
271 3062 292 3067 -
310 3043 321 3076 l.
330 3042 347 3078 3.
359 3040 443 3089 προβολάς
452 3049 509 3076 tuetur
520 3042 563 3076 Veii,
588 3043 666 3077 Ceterum
678 3042 752 3076 conferri
763 3049 820 3088 potest
833 3043 889 3078 Grahe
901 3044 941 3090 Spi-

161 3101 187 3135 cil.
199 3104 211 3144 1,
224 3114 241 3148 p.
249 3100 287 3137 27&
302 3119 321 3126 -
346 3100 357 3134 l.
366 3102 382 3135 i.
393 3100 423 3136 καί
434 3099 464 3147 νέᾳ
476 3097 554 3147 διαὲήκη
566 3102 608 3138 Ven.
622 3121 643 3127 -
667 3099 678 3134 l.
690 3098 706 3136 6.
718 3100 748 3137 καί
760 3094 809 3142 ούτος
820 3100 864 3146 μετὰ
875 3115 893 3139 π.
904 3103 940 3138 Ve-
