1988 3392
154 214 195 259 178
232 268 234 270 ,
441 222 524 257 ειαοτι
535 222 652 256 εειειιιυιι

60 317 106 360 Κεφ,
118 315 140 363 η’,
206 301 265 345 Ἐπεὶ
279 296 318 345 οὖν
329 299 343 356 η
354 306 413 357 μῆνις
423 299 459 343 ἄπ’
476 298 538 343 αύτοῦ
551 298 577 343 ού
588 301 684 353 διέλειπε,
703 298 752 343 καθ’
762 299 847 356 ἓκόσιην
862 300 939 359 ἡμέραν

154 368 242 426 ηύξανον
256 372 278 413 οί
290 370 357 427 λόγοι,
376 370 410 413 καὶ
422 369 539 424 προέβαινεν
551 369 652 424 ἀναμέσον
667 367 734 412 ον’τῶν
745 366 757 411 ό
769 373 838 423 ζηλος,
853 369 909 427 λόγοι
918 389 939 415 τε

153 436 192 482 ούκ
209 437 285 495 όγαθοὶ
302 441 336 482 καί
351 438 442 492 διαβολαὶ
457 435 498 481 ύπό
511 442 547 482 τοῦ
560 437 638 493 ’Λερίου
650 436 700 481 κατό
713 436 832 481 Εύσταθίου
844 440 937 495 ἐγίνοντο.

152 505 179 550 ‘0
190 508 212 551 δέ
222 509 331 557 ἐπίσκοπος
339 505 462 556 Εὖστιίθιος
473 502 644 561 μετακαλούμενος
654 506 690 550 τόν
695 506 776 563 Ἀέριον
787 505 886 559 ε’θεόπενε,
901 526 939 551 πα-

152 574 221 635 ρῄνει,
237 574 321 631 ἠπείλει,
337 577 469 631 ένεβριμεῖτο,
485 574 602 631 παρεκάλει,
622 576 657 618 καὶ
670 572 729 618 οὐδὲν
742 573 795 629 ἤνυε.
824 574 855 619 ’Τό
868 573 906 632 γδρ
918 577 939 627 ἐξ

153 644 216 702 όρχῆς
227 643 352 699 καταβληθὲν
362 645 390 693 είς
400 644 450 699 μέγα
459 641 523 686 κακόν
532 641 554 686 τό
566 644 625 699 έργον
635 641 715 697 ἤλαυνε.
747 644 817 700 Πέρας
830 646 893 700 1γούν
903 661 938 687 κα-

153 712 241 756 ταλιπυέν
250 711 272 755 τό
284 717 448 767 πτωχοτροφεῖον
457 708 469 753 ό
480 710 560 767 ’Λέριος
570 710 698 767 αίνεχύρησεν.
727 709 832 755 Ἐντεῦθεν
842 710 880 766 την
889 711 938 768 πρό-

155 795 216 833 φασιν
233 779 297 835 σόςπερ
314 779 366 823 κατό
384 781 459 835 ἐχθροῦ
475 779 598 834 βουλόμενός
615 785 662 830 2τις
677 778 742 836 εύρεῑν
754 778 768 834 ἢ
779 778 830 822 κατιί
841 783 938 833 πολεμίου

153 851 259 902 ἐπαφεῖναι
269 849 333 903 βέλος,
349 846 458 903 ἆνηρεύνα,
473 848 507 889 καλ
516 845 588 891 λοιπόν
595 852 644 891 πᾶσι
653 846 765 902 διαβάλλων
774 847 810 890 τόν
820 846 939 891 Εύσιιίθιον

153 918 228 973 έλεγεν,
253 914 325 959 Ούκέτι
336 922 427 967 τοιοῦτος
437 914 531 972 ύπόρχει,
552 914 591 958 ἄλλ’
602 917 676 959 έκλινεν
691 918 719 966 είς
731 914 837 970 χρημάτων
848 930 938 972 συναγω-

152 986 190 1043 γην
199 988 234 1029 καὶ
242 987 271 1035 είς
280 990 349 1040 κτῆσιν
357 987 454 1027 παντοίαν
459 985 465 1010 ·’
475 983 533 1026 ἅτινα
544 979 570 1038 ἦν
580 988 642 1026 ταῦτα
653 987 779 1038 συκοφαντία
789 984 825 1038 μὲν
833 981 880 1038 παρ’
889 985 937 1027 ἐκεί-

152 1072 197 1106 νου,
212 1058 237 1113 τῇ
250 1054 271 1096 δέ
283 1052 369 1111 ἀληθείᾳ
380 1051 415 1102 ταὶς
426 1049 588 1107 ἐκκλησιαστικυίς
598 1055 665 1109 χρείας
675 1053 726 1107 έχων
736 1051 785 1107 μετιί
794 1057 860 1108 χεῖρας
872 1049 885 1095 ό
896 1050 939 1094 Εύ-

152 1121 237 1172 στόθιος
254 1119 333 1171 3όίλλως
348 1120 385 1164 ούκ
400 1119 488 1175 ἠδύνατο
505 1119 604 1177 πράττειν,
634 1122 675 1163 Καὶ
690 1116 717 1175 ἦν
734 1119 839 1164 4πειθανύ
854 1119 879 1163 ταί
896 1118 938 1163 ύπό

152 1194 188 1234 τοῦ
202 1189 279 1248 Ἀερίον
293 1188 395 1247 λεγόμενα.

211 1330 307 1382 Νομίσειε
318 1325 334 1373 δ’
344 1324 370 1370 όίν
382 1344 422 1378 τις,
444 1323 551 1381 ἐπειδήπερ
566 1323 617 1368 κατδ
628 1324 706 1383 ’Λερίου
720 1327 810 1384 λέγοντες
819 1324 939 1370 Εύστόθιον

151 1395 306 1454 παρηγόγομεν,
327 1394 354 1450 μή
369 1413 388 1439 τι
404 1392 462 1451 δόρυ
480 1395 516 1437 καὶ
535 1393 570 1437 τόν
585 1394 704 1438 Εὐστόθιον
718 1396 739 1438 ἐν
753 1396 844 1446 ἐπαίνοις
858 1397 938 1451 ἐχομεν;

156 1464 196 1509 Τόν
208 1465 244 1521 μέν
260 1463 297 1522 γόρ
308 1465 353 1519 βίον
365 1464 428 1507 αὐτοῦ
440 1465 474 1507 καί
487 1461 524 1518 τήν
536 1467 636 1507 πολιτείαν
647 1462 685 1507 υύκ
697 1463 761 1520 ὀλίγον
772 1462 844 1522 όίνδρες
856 1463 939 1520 θαυμαί-

153 1541 227 1587 ζουσιν.
257 1536 312 1577 Εἴθε
321 1534 343 1577 δέ
352 1534 386 1576 καὶ
395 1538 420 1592 τη
429 1536 492 1576 πίστει
505 1531 575 1590 όρθῶς
584 1533 687 1588 ἐφρόνησε.
711 1532 738 1577 Τό
749 1532 788 1591 γδρ
801 1531 895 1591 θἈρείου
904 1535 939 1577 καὶ

151 1603 214 1656 αὐτός
226 1603 318 1658 αἰπαργῆς
328 1604 366 1653 ἕως
376 1603 445 1653 τέλονς
457 1603 548 1658 κατέσχε,
564 1603 598 1646 καὶ
610 1601 656 1646 ούτε
668 1605 691 1646 αἱ
699 1607 781 1658 θλίψεις
792 1608 832 1647 τῶν
844 1606 939 1661 διωγμῶν

152 1672 215 1718 αύτόν
224 1673 374 1732 διωρθώσαντο.
391 1670 493 1728 Ἐδιιέχθη
503 1671 540 1729 γαίρ
551 1671 599 1728 μεταλ
609 1677 649 1716 τῶν
660 1674 706 1730 περὶ
716 1676 819 1716 Βασίλειον
829 1674 863 1717 καὶ
872 1671 938 1717 Ἐλεύ-

151 1758 209 1797 σιον,
230 1744 264 1787 καί
277 1741 365 1792 λοιπούς.
389 1739 461 1793 Ἔδοξε
475 1743 496 1785 δέ
507 1742 542 1785 καὶ
552 1740 605 1799 πρός
614 1743 712 1800 Λιβέριον
728 1740 805 1798 Ῥώμης
820 1741 856 1786 τόν
873 1760 938 1798 μακα-

152 1816 209 1870 ρίτην
219 1811 335 1870 πρεσβεύειν
347 1809 389 1865 δόμα
400 1809 466 1861 ι’ίλλοις
476 1809 603 1864 ἐπισκόποις,
622 1812 657 1854 καὶ
667 1815 692 1871 τη
703 1812 781 1855 ἐκθέσει
791 1816 826 1867 τῆς
835 1811 887 1855 κατό
900 1814 938 1856 Νί-

150 1900 210 1925 καιαν
225 1883 332 1939 γενομένης
349 1878 437 1923 συνόδου
451 1881 523 1939 κοίτη
540 1878 635 1940 όμολογίμ
648 1886 685 1936 τῆς
696 1879 817 1937 όρθοδοξίας
827 1879 938 1939 ύπογεγρα-
982 1926 986 1938 4

151 1952 217 2004 φέναι.
247 1953 287 2002 Εἰς
297 1950 381 2007 ὕστερον
392 1949 413 1992 δὲ
424 1947 489 2005 σ’ίςπερ
499 1951 606 2003 μνησθεὶς,
627 1951 662 1993 καὶ
674 1951 694 2001 ἐξ
706 1949 789 2006 ὀνείρων
802 1948 898 2002 όναστδς,
913 1948 938 1993 τό

151 2020 225 2063 ἑαυτοῦ
236 2019 296 2063 πόλιν
305 2023 376 2074 πρῶτα
387 2023 423 2072 τῆς
433 2023 473 2061 τοῖν
484 2017 595 2070 Ἀρειανῶν
605 2020 725 2070 κακοδοξίας
736 2017 903 2074 ἐπισκεπτόμενος
913 2016 938 2062 ού

151 2090 253 2132 διέλειπεν.
276 2087 348 2143 Ὅμως
362 2087 408 2143 περὶ
422 2084 499 2144 Ἇερίου
513 2085 563 2142 ἡμῖν
580 2085 592 2131 o‘
607 2087 665 2145 λόγος
679 2089 725 2131 ἐστί.
755 2086 794 2131 Διό
810 2082 873 2138 αὖθις
887 2086 939 2146 πρός

151 2155 214 2201 αὐτόν
231 2157 394 2215 7ἐπιστρεπιέον.

63 2311 109 2357 Κεφ,
119 2309 141 2358 γ’,
210 2289 276 2345 Οὗτος
287 2292 300 2337 ό
309 2292 386 2350 ’Λέριος
400 2290 434 2335 διδ
445 2290 494 2343 τούς
504 2293 610 2344 τοιούτους
622 2291 695 2350 λόγους
706 2293 821 2349 σεμνύνεται
836 2294 872 2349 μέν
886 2292 937 2339 υίπυ-

153 2365 221 2414 ταξίαν
230 2364 252 2406 ἐν
263 2361 320 2423 ύρχη.
350 2360 471 2406 Καταλιπύν
488 2361 510 2404 δέ
528 2359 551 2404 τό
566 2368 727 2419 πτωχοτροφεῑον
746 2365 862 2421 παρείλκυσε
874 2362 938 2407 πολύν

153 2430 214 2488 χορόν
223 2430 302 2488 ἀνδρῶν
310 2448 331 2474 τε
342 2433 377 2474 καὶ
385 2436 492 2489 γυναικοῖν.
522 2429 655 2485 Ἀπηλαύνετο
667 2431 689 2474 δέ
699 2428 760 2482 αύτός
769 2431 818 2487 μετοί
829 2437 865 2488 τῆς
874 2430 938 2476 αύτοῦ

153 2500 195 2543 α’πό
210 2506 250 2544 τῶν
261 2502 371 2556 ἐκκλησιῶν
387 2503 421 2543 καί
437 2498 504 2557 όγρσῖυ
519 2500 553 2543 καί
563 2505 649 2554 κωμῶν,
669 2501 704 2543 καί
719 2506 760 2544 τεόν
775 2498 839 2544 ι’ίλλων
852 2500 936 2545 πόλεσιν.

154 2568 257 2619 Πολλύκις
269 2569 291 2612 δέ
304 2567 353 2624 μετιί
363 2573 438 2612 πολλοῦ
449 2566 509 2623 όχλου
520 2572 558 2610 τοῦ
570 2569 623 2611 ἰδίου
639 2567 757 2624 1νιφόμενοι
775 2567 863 2626 οίγρύθεν
877 2571 938 2614 διειέ·

152 2643 213 2691 λονν,
235 2636 336 2693 ύπαιθροί
344 2654 365 2680 τε
380 2639 412 2681 καί
428 2635 470 2681 ύπό
485 2637 559 2694 πέτρας
573 2635 697 2692 αὐλιζόμενοι
702 2672 708 2691 ,
730 2640 752 2682 ἐν
766 2637 823 2690 ύλαις
838 2637 937 2691 καταφεύ-

152 2723 226 2763 γοντες.
251 2698 291 2748 Ἠν
305 2706 327 2749 δὲ
346 2704 418 2765 λαύτρῐ
430 2704 443 2749 ό
453 2704 512 2762 λόγος
527 2704 629 2761 μανιύδης
643 2711 717 2760 μᾶλλον
733 2705 784 2762 ἥπερ
799 2707 937 2758 καταστάσεως

154 2772 293 2832 όνθρωπίνης.
319 2775 367 2826 Καὶ,
383 2776 440 2830 φησὶ,
455 2777 474 2817 τί
485 2776 538 2817 ἐστιν
548 2775 657 2826 ἐπίσκοπος
667 2774 719 2831 πρός
728 2774 874 2833 πρεσβύτερονς
895 2775 937 2820 015-

176 2857 279 2891 leL-
305 2856 320 2890 1.
332 2854 349 2901 γ’
360 2849 388 2892 οὖν
403 2859 480 2900 scriptum
491 2859 534 2891 ινλυλ
557 2855 706 2900 ethaeam.
724 2855 937 2899 ιι31,8.,νυῐιαιαιοι

151 2905 169 2937 ιἰι
180 2905 215 2937 cod.
226 2913 256 2936 ms.
268 2906 339 2944 utroque.
555 2907 589 2936 eam
600 2905 675 2937 αδὶεολλνι·
687 2912 737 2946 ηαυπτ
751 2904 823 2935 adverbii
832 2904 903 2945 γὐιιπαοι
911 2913 936 2938 τι·

175 2952 191 2981 λ.
203 2960 240 2983 τινα
252 2950 313 2981 volebat
325 2950 406 2983 petavius.
553 2952 640 2991 posuimus.
660 2951 738 2984 Ρελυυλυε
748 2950 789 2981 enim
797 2949 847 2982 edidit
855 2947 925 2985 πιθαναὶ.

175 2993 191 3027 3.
204 2989 255 3034 ἄλλος
265 2996 322 3028 vitium
336 2997 359 3027 ιιι
373 2996 397 3028 εδ.
410 2996 467 3030 Ριλαυ.
479 2996 532 3029 Colon-
578 2996 594 3028 ὁ.
608 2996 657 3038 λἀλρο
668 2987 707 3038 ἆρα.

151 3043 199 3081 repet.
577 3039 594 3073 6.
606 3041 630 3074 ua
646 3043 679 3074 iam
695 3044 731 3074 απλι
748 3040 831 3073 Ρελανίαοι
847 3042 937 3074 correxerat

175 3083 191 3118 4.
203 3083 275 3121 πειθανιλ
287 3086 333 3120 codd.
348 3095 385 3120 mss.
400 3090 415 3120 ει
431 3088 468 3121 edit.
480 3087 533 3129 princ.
555 3088 643 3121 Carnarius
652 3089 669 3121 in
678 3087 804 3129 ὶκλειμιιλαλλαιε
814 3087 879 3120 Latino„
891 3087 936 3120 Libri
