1988 3392
138 208 179 249 174
426 216 509 251 ειαατι
520 216 636 250 mmmm

107 305 109 307 ’
136 298 236 349 λειοντης
250 293 375 349 ἀποφάσεως
392 293 479 350 ε’γοιίσης.
512 292 571 338 Οῦτα
587 311 621 348 μοι
639 295 673 338 ιιαλ
686 294 732 351 περὶ
742 293 866 349 πνεύματος,
886 297 920 341 ιιαί

136 366 194 416 υίοῦ,
208 364 241 406 καί
252 362 328 418 πατρὸς
337 362 374 417 τὴν
386 366 432 417 μίαν
442 367 515 419 γνοῦσιν
525 364 560 405 καί
570 360 607 416 τήν
617 366 744 421 προγνωσίαν
755 369 827 417 σαφοῖς
837 364 921 420 ἐχούσης

137 437 173 487 τῆς
187 429 246 488 ἀγίας
260 427 340 489 τριάδος
354 430 391 485 την
405 429 515 486 τελειότητά
530 447 551 473 τε
566 432 600 475 παλ
615 430 730 487 ταυτότητα.

43 572 125 618 Κεφ-ιθ.
196 571 238 612 Καὶ
253 566 348 624 ἀμιίθητα
364 569 404 610 έστι
419 567 465 624 περὶ
481 566 559 610 τούτων
575 568 648 624 λέγειν,
668 570 702 611 ιιαὶ
714 566 754 612 ἀπῦ
769 571 829 620 θείας
840 574 921 626 γραφῆς

137 636 199 695 ίίγιιον
213 642 326 695 μαρτυριῶν
342 637 421 693 φέρειν,
440 637 475 679 ιιαὶ
490 638 518 687 είς
528 635 603 686 πλάτος
614 635 755 691 ἒπιμηιιῦυειν,
777 641 812 681 ιιαὶ
829 636 920 692 ιιοίματον

137 708 227 762 ἐμποιεῖν
243 711 284 756 τοῖς
301 703 458 761 ἐντυγχάνουσιν.
487 702 583 762 Ἀριιετοίς
597 703 635 762 γάρ
651 706 673 748 ε’ν
682 704 761 766 ,Ῑποίση
773 707 847 763 αἱρέσει
858 705 921 750 πολλοί

137 775 226 825 εἰπόντες
243 774 278 824 τάς
289 772 355 824 παίσας
366 775 387 816 ἒν
402 778 454 816 θεοῦ
465 772 549 828 δυνάμει
564 771 622 828 ἡμεῖς
633 774 655 817 οί
668 772 761 825 ἀσθενεῖς
777 773 921 833 ἀνετρέψαμεν,

137 846 171 889 ιιαί
187 842 315 897 ἀπεδείξαμεν
330 840 433 899 ἀλλοτρίας
451 840 513 893 οῦσας
530 846 566 897 τῆς
582 839 688 898 ἀληθείας,
709 844 743 886 οιαὶ
759 841 844 900 εἰιοίστην
853 843 922 889 αὐτῶν

137 916 296 969 βλασφημοῦσαν
306 913 340 954 καί
351 909 477 968 ἀρνουμένην
486 911 523 967 την
534 911 640 966 ἀληθειαν,
656 910 694 955 ιιάν
702 929 723 955 τε
733 914 754 957 εἰν
764 916 839 970 βραχεῖ,
854 912 893 957 νῦν
901 931 922 957 τε
982 928 983 931 ’

121 1033 123 1036 y
137 984 159 1026 ἐν
168 985 240 1040 πολλῷ.
268 978 304 1031 Ὡς
315 981 350 1024 καί
362 975 420 1024 οὗτοι
434 980 498 1036 μοίτην
514 982 543 1031 εἰς
558 979 594 1024 τῦν
606 980 677 1038 αῦριον
692 983 867 1037 βλασφημοῦντες,
887 983 921 1026 καὶ

138 1049 197 1102 είςτδ
211 1049 269 1107 ἀγιον
280 1054 369 1104 πνεῦμα,
389 1050 423 1092 ιιαί
438 1048 466 1105 μη
478 1051 555 1105 ἔχοντες
564 1049 613 1105 μήτε
626 1051 726 1103 ἐνταῦθα,
745 1050 795 1107 μήτε
806 1053 865 1110 ἓντῷ
876 1052 921 1107 μέλ·

137 1126 191 1164 λοντι
208 1121 267 1163 αἰῶνι
283 1116 334 1162 αατά
349 1117 374 1161 τῦ
388 1115 429 1162 ῦπιί
445 1122 516 1176 ιιυρίου
527 1119 620 1175 εἰρημένα
631 1117 703 1171 ἀφεσιν
712 1117 826 1178 ἀμαρτιοῑν,
841 1119 875 1163 διά
885 1119 922 1176 τὴν

138 1192 166 1242 είς
176 1188 198 1233 τί
212 1188 270 1246 ίίγιον
280 1191 358 1241 πνεῦμα
368 1190 505 1242 βλασφημίαν,
525 1188 697 1242 καταπατηθέντες
708 1185 741 1231 ἀπ’
755 1188 819 1244 αῦτῆς
827 1193 864 1243 τῆς
875 1187 921 1244 ἀλη-

137 1262 197 1309 θείας
210 1260 268 1312 δίκην
281 1255 378 1313 ιιεράστου
393 1257 460 1299 δεινοῦ
475 1256 623 1313 μονοτέρωτος,
642 1259 679 1298 τοῦ
692 1261 730 1299 νοῦ
741 1262 777 1312 τῆς
788 1259 921 1313 βλασφημίας,

138 1328 251 1382 δυναμένου
262 1324 309 1368 ὅλον
321 1322 343 1367 τῦ
354 1329 411 1379 σῶμα
421 1327 524 1381 φθείρειν,
539 1327 655 1374 πεισθέντες
663 1329 691 1383 τῷ
702 1329 738 1368 τοῦ
751 1324 810 1377 ξῦλου
820 1325 873 1386 λόγῳ
886 1327 922 1370 τιαί

138 1402 163 1456 τῇ
182 1399 218 1440 τοῦ
238 1398 359 1450 μονογενοῦς
378 1393 466 1452 ἀληθινῇ
481 1391 576 1452 ὁμολογίᾳ
594 1393 625 1436 ὅτι
644 1397 671 1451 τῷ
686 1396 838 1449 βλασφημοῦντι
857 1397 885 1446 εἰς
898 1393 921 1439 τῦ

138 1470 217 1520 πνεῦμα
227 1462 273 1507 οῦιε
282 1463 303 1505 ἐν
313 1466 341 1520 τῷ
353 1463 411 1505 αἰῶνι
421 1460 497 1520 τούτῳ,
516 1460 562 1505 οῦτε
573 1464 595 1506 ἐν
605 1467 633 1521 τῷ
642 1463 731 1517 μέλλοντι
742 1460 878 1518 ἀφεθήσεται,
894 1461 922 1515 οίς

139 1537 197 1589 έφην.
229 1532 410 1585 Καταπατηθέυτες
419 1532 453 1574 καὶ
464 1531 606 1587 συντριβέντες,
622 1528 650 1585 μὴ
661 1530 760 1586 ι’σγῦοντες
769 1530 820 1574 ιιατά
830 1537 865 1587 τῆς
874 1531 922 1588 ἀλη-

55 1614 128 1654 ρεςεοε.
141 1607 204 1652 θείας.
235 1597 351 1656 Πῦλαιγάρ
369 1598 422 1658 ᾅδου
442 1598 524 1653 ἀληθοῦς
538 1601 741 1656 πᾶσαιαίαίρέσεις,
763 1599 922 1657 ῦλλάιιατάτῆς

139 1673 211 1728 πέτρας
222 1669 247 1713 οῦ
257 1666 406 1723 αατισγῦσουσι,
421 1666 510 1711 τοῦτεστι
521 1667 572 1710 ιιατά
581 1672 617 1723 τῆς
627 1668 728 1722 ἀληθείας.
758 1666 805 1712 Κάν
815 1686 836 1712 τε
847 1668 886 1726 γάρ
900 1672 921 1722 ἐξ

139 1741 207 1783 αὐτῶν
217 1755 269 1788 τινες
278 1736 383 1791 θελήσειαν
393 1737 455 1793 λέγειν
465 1736 503 1789 ὅτι,
521 1735 562 1791 Τὴν
573 1736 609 1791 μὲν
620 1740 685 1780 πίστιν
695 1735 731 1791 την
743 1738 859 1781 έιιτεθεῑσαν
870 1737 921 1782 ιιατά

140 1811 228 1853 Νιιιαίαν
240 1807 275 1850 ιιαί
285 1803 342 1849 αὐτοὶ
352 1803 495 1862 δμολογοῦμεν,
510 1807 574 1856 δεῖξον
586 1806 608 1848 δέ
619 1823 653 1860 μοι
664 1802 698 1849 ἀπ’
712 1803 775 1861 αὐτῆς
786 1804 817 1850 ῦτι
828 1805 851 1850 τῦ
864 1805 922 1865 ἅγιον

138 1884 218 1933 πνεῦμα
229 1878 249 1919 ἐν
258 1879 283 1934 τῇ
296 1873 378 1928 θείτητι
388 1870 550 1930 συναριθμεῖται,
562 1899 589 1907 -
609 1872 755 1931 εὑρεθήσονται
765 1876 799 1917 ταὶ
810 1873 845 1919 ἀπ’
856 1875 921 1931 αὐτῆς

139 1945 266 2004 ἐλεγχόμενοι.
298 1942 329 1986 Ου’
340 1944 407 1999 γέγονε
418 1943 440 1985 δὲ
450 1941 494 1985 τότε
505 1942 550 1998 περὶ
561 1946 597 1986 τοῦ
609 1941 722 1998 πνεύματος
731 1941 745 1998 ἡ
755 1941 839 1999 ζήτησις.
863 1943 921 2003 Πρῦς

138 2015 176 2074 γάρ
188 2013 210 2058 τδ
221 2012 336 2058 ῦποπίπτον
352 2013 373 2055 ἐν
383 2016 458 2070 πατρῷ,
478 2013 513 2054 καὶ
528 2016 603 2071 καιρῷ,
623 2014 647 2055 αί
661 2011 744 2056 σύνοδοι
759 2011 795 2068 τήν
811 2011 921 2067 ἀσφάλειαν

138 2089 250 2129 ποιοῦνται.
265 2080 318 2125 Ἐπεί
329 2075 367 2124 οῦν
378 2079 391 2124 δ
401 2079 481 2138 ’Ἀρειος
491 2082 520 2131 είς
531 2079 567 2123 τῦν
576 2079 622 2123 υίῦν
629 2079 665 2136 τήν
677 2084 791 2137 δυσφημίαν
801 2079 921 2135 ἀπετείνετο,

138 2153 211 2198 τοῦτου
222 2154 279 2196 ἕνεκα
294 2149 343 2206 μετὰ
356 2154 450 2207 περισσῆς
465 2151 558 2205 διαλογῆς
573 2147 665 2206 ἀκρίβεια
680 2155 721 2193 τῶν
735 2149 800 2207 λόγων
814 2152 921 2208 γεγένηται.

132 2222 187 2280 Ὅρα
196 2223 218 2265 δέ
229 2219 262 2264 ἀπ’
273 2220 336 2275 αὐτῆς
344 2223 380 2273 της
390 2215 496 2274 ὁμολογίας
507 2217 539 2260 ίίτι
548 2216 594 2261 οῦτε
605 2217 700 2277 ἐντούτῳ
711 2216 856 2275 εῦρεθησονταί
863 2237 882 2262 τι
891 2221 921 2263 λέ-

139 2309 207 2350 γοντες
218 2293 239 2334 οἱ
248 2291 277 2339 είς
288 2287 310 2331 τῦ
322 2291 401 2341 πνεῦμα
412 2289 585 2341 βλασφημοῦντες,
601 2288 622 2329 οί
633 2286 805 2343 πνευματομοίγοι,
819 2288 853 2331 ναί
865 2286 922 2332 ἀλλέ-

139 2379 190 2419 τριοι
200 2364 237 2414 της
251 2356 313 2401 αὐτοῦ
324 2358 400 2411 δωρεᾶς
412 2357 447 2398 ιιαλ
463 2353 580 2412 οἵγιαστείας.
611 2354 686 2405 Εῦθῦς
700 2354 738 2413 γάρ
754 2354 859 2411 ηέιιθεσις
874 2354 921 2412 δμο-

139 2435 205 2487 λογεῖ,
220 2428 254 2471 καὶ
265 2426 303 2470 οῦιι
314 2424 409 2482 ἀρνεῖται.
441 2424 564 2479 Πισιεῦομεν
575 2422 612 2481 γάρ
624 2426 652 2475 εἷς
667 2425 703 2467 ένα
720 2423 771 2468 θεὸν
781 2427 858 2482 πατέρα
870 2443 921 2469 παν-

139 2497 256 2556 τοιιράτορα.
289 2493 316 2538 T&
328 2494 349 2536 δὲ
363 2493 486 2549 Πιστεῦομεν
497 2490 534 2547 οῦχ
545 2490 613 2543 ἀπλιῦς
625 2495 711 2549 είρηται,
727 2491 800 2549 ἀλλοίη
812 2497 878 2545 πίστις
892 2495 921 2545 είς

139 2566 175 2611 τὸν
190 2565 246 2611 θεόν.
277 2565 318 2606 Καὶ
333 2564 361 2613 εἰς
377 2565 411 2606 ἕνα
427 2563 498 2620 ιιιίριον
510 2560 589 2616 Ἰησοῦν
604 2560 692 2618 Χριστῦν
707 2560 744 2618 οάγ
758 2560 825 2614 ἀπλῶς
838 2565 921 2621 εἴρηται,

140 2634 180 2680 ἀλλ’
191 2636 220 2686 εἰς
229 2631 280 2677 θεδν
291 2630 305 2687 ἡ
316 2634 386 2682 πίστις.
416 2633 458 2675 Καὶ
469 2633 497 2682 εἰς
509 2629 531 2674 τῦ
543 2631 600 2687 ἅγιον
610 2634 689 2685 πνεῦμα
697 2632 732 2674 ιιαὶ
742 2631 780 2687 οὐχ
789 2629 857 2683 ἀπλοῦς
868 2634 920 2690 είρη-

139 2722 183 2759 ται,
199 2701 238 2746 ἀλλ’
248 2703 277 2752 είς
289 2703 336 2756 μίαν
347 2703 471 2758 δοξολογίαν,
487 2701 521 2743 καὶ
532 2701 560 2749 είς
572 2701 620 2754 μίαν
629 2701 699 2743 ἕνωσιν
709 2699 812 2756 θεότητος,
826 2701 860 2745 ιιαί
872 2704 921 2757 μίαν

164 2867 203 2902 (λιι,
212 2867 260 2901 XIV.
272 2884 295 2890 -
319 2864 334 2897 1.
345 2861 393 2911 πάσῃ
405 2866 440 2899 τοῦ.
452 2864 518 2906 Πλαίίς.
541 2863 584 2899 πᾶσι
594 2864 630 2898 τοί.
641 2864 673 2897 len.
685 2867 700 2897 τί
710 2863 753 2896 editi.
