1988 3392
148 205 191 247 206
439 214 521 248 ειαοντ
532 214 648 248 τετειτιαα

99 310 102 313 ⁴
141 289 256 348 ’Ότανγολρ
271 289 340 350 ε’ίπήό
351 290 469 348 μονογενής,
490 289 519 341 οἷς
532 289 574 335 όλνω
590 310 624 346 μοι
636 294 723 350 εἴρηται,
737 292 782 335 Ἵνα
790 292 902 350 γινόσκαισί
912 310 933 339 σε

147 359 183 405 τόν
196 359 260 417 μόνον
270 358 368 418 ἀληθινόν
379 358 438 414 θεόν,
460 361 494 405 καὶ
505 359 529 406 δν
540 361 654 415 ἀπέστειλας
665 360 742 420 Ἰησοῦν
755 361 860 423 Χριστόν,Ι
875 363 933 421 διφαλ-

148 447 201 490 ρισεν
219 432 290 477 ἔαυτόν
307 432 348 476 ἇπό
363 437 399 488 τῆς
412 435 498 485 κτίσεως.
533 431 568 486 Ὡς
584 435 618 478 καὶ
635 432 647 478 ό
661 433 772 486 ἀπόστολος
789 433 872 491 φόσκει,
893 436 933 489 Εἷς

147 502 206 554 θεός,
227 505 247 555 ἐξ
264 498 407 555 οδτόιπόντα,
428 504 463 546 καὶ
476 501 533 558 ήμεῖς
548 502 572 547 δι’
586 504 659 557 αὐτοῦ,
680 505 713 548 καὶ
730 502 759 555 εἷς
773 504 843 563 κόριος
852 506 934 561 Ἰησοῦς

149 572 245 629 Χριστός,
265 571 291 615 δι’
303 566 328 614 οὗ
340 568 365 613 τό
378 569 454 624 πόντα,
474 570 576 626 καλήμεῖς
590 571 617 615 δι’
630 572 699 616 αὐτοῦ.
729 576 771 616 Καὶ
783 572 933 632 όργῖςμένποῖς

147 642 221 692 έδειξεν
237 642 273 684 ἕνα
286 639 336 683 θεόν
347 638 383 683 τόν
396 641 482 697 πατέρα,
504 642 538 684 ἕνα
551 641 573 684 δὲ
583 640 654 697 κόριον
664 640 698 685 τόν
712 644 733 693 ἐξ
745 642 807 686 αὐτοῦ
819 645 933 700 γεγεννημέ-

61 731 95 760 pag.
108 723 193 761 οτανον,Ι
212 710 245 751 καλ
258 709 296 751 οὐκ
311 706 377 760 εἶπεν,
397 706 437 758 Εἷς
446 708 505 760 θεός,
519 710 554 751 καί
565 706 594 758 εἷς
603 709 684 764 κόριος,
704 709 741 752 σόν
754 715 803 754 πᾶσι
814 718 857 761 τοῖς
868 714 889 762 ἐξ
898 711 933 755 αό-

146 781 183 819 τοῦ
192 775 303 831 γεγονόσιν,
324 775 375 826 ἀλλ’,
391 774 522 830 Εἷςκόριος,
542 774 568 818 δι’
576 771 602 818 οὗ
610 775 635 818 τοὶ
645 776 716 818 πόντα.
746 779 776 818 Εἰ
784 778 806 820 δὲ
817 776 846 827 εἷς
855 778 932 834 πόριος,

146 841 172 885 δι’
184 838 209 885 οὗ
224 841 249 884 rr)
260 843 327 885 πολντα
339 844 403 894 ἐστὶν,
424 842 527 885 οίικέστιν
539 841 567 893 εἷς
581 844 603 885 ἐκ
613 842 705 895 πάντων,
726 842 774 886 ἄλλα
791 845 876 900 ποιητής
892 850 932 889 τῶν

147 909 252 964 ολποίντων,
268 916 324 955 4τοῖν
338 912 471 966 κεκτισμένων
485 911 567 955 πόντων
582 910 661 967 κτιστής
675 910 775 970 όπόρχων.

54 1070 99 1118 Κεφ,
112 1069 135 1109 ς’,
208 1058 249 1098 Τοῦ
260 1054 283 1098 δὲ
293 1055 341 1098 rior
355 1055 378 1098 εἰι
393 1052 468 1111 πατρός
484 1053 636 1112 γεγεννημένου,
657 1055 691 1098 καλ
706 1055 729 1099 εἰι
739 1053 815 1113 πατρός
825 1053 931 1114 τνγχόνον-

146 1142 191 1177 τος,
214 1122 240 1168 δι’
256 1119 281 1167 οὗ
296 1122 320 1166 τολ
341 1123 406 1167 πάντα
422 1125 534 1181 γεγένηται,
556 1123 653 1178 ἀνόμοιος
672 1126 714 1174 τοῖς
732 1128 794 1168 πᾶσίν
810 1126 872 1179 ἐστιν,
897 1124 931 1170 οἷοι

147 1193 172 1249 δή
181 1191 261 1248 κτιστής
274 1192 302 1236 δν
310 1197 350 1236 τῶν
363 1191 469 1246 ολποίντων,
488 1191 556 1248 ἐπειδή
568 1190 597 1242 εἷς
609 1193 643 1235 καλ
657 1190 686 1243 εἷς
695 1192 745 1244 θεός
755 1191 766 1237 ό
777 1194 854 1251 πατήρ,
875 1196 895 1246 ἕξ
905 1189 931 1239 οδ

146 1261 171 1304 τολ
182 1262 258 1313 πάντα,
279 1263 313 1304 καὶ
328 1260 399 1318 κόριος
412 1261 500 1314 Ἰησοῦς,
524 1259 549 1303 δι’
566 1256 591 1304 οὗ
605 1260 630 1303 τολ
644 1261 718 1315 πόντοι,
740 1264 931 1318 σννενονμένήςτής

146 1328 189 1373 όλνω
200 1331 280 1382 λέξεως,
300 1328 334 1372 διολ
345 1334 381 1372 τοῦ
392 1326 432 1378 Εἷς
441 1330 475 1371 καὶ
486 1327 535 1380 Εἷς,
550 1330 584 1371 καί
597 1327 631 1371 διολ
640 1333 677 1371 τοῦ
685 1329 720 1379 Ἐξ
731 1323 756 1372 οὗ
766 1331 800 1372 καὶ
811 1328 844 1373 Δι’
856 1325 892 1383 οὗ,
907 1322 930 1374 τό

146 1398 182 1451 μὲν
192 1402 263 1450 σαφῶς
274 1399 296 1440 ἐκ
312 1395 388 1451 πατρός
402 1396 437 1438 τόν
452 1395 497 1438 οἷόν
512 1396 631 1449 δεδήλωκεν,
651 1395 673 1438 τό
691 1396 713 1438 δέ
724 1395 790 1439 οόκέτι
803 1396 842 1446 τόν,
851 1397 897 1440 αίόν
907 1401 929 1442 ἐκ

145 1469 187 1506 τῶν
198 1468 276 1506 λοιπῶν
290 1460 341 1505 εἶναι
355 1467 477 1514 θαυμαστῶς
495 1454 623 1516 όπεφήνατο,
642 1460 674 1504 Δι’
688 1457 714 1504 οδ
726 1462 750 1504 τολ
760 1463 826 1505 πάντα
837 1463 928 1517 φόσκων,

447 1531 452 1547 ἱ
482 1527 499 1546 Η
525 1529 536 1544 ,Ι
589 1528 595 1544 Γ

145 1533 179 1574 ’ίνα
189 1533 243 1592 δείξῃ
255 1531 331 1588 πατέρα
342 1528 400 1584 όντα,
419 1548 455 1574 και
466 1547 511 1573 νιον
524 1547 572 1573 οντα
581 1530 622 1574 οπό
632 1529 707 1587 πατρός
717 1528 775 1582 όνιος
785 1530 820 1576 τόν
831 1537 929 1589 μονογενῆ

146 1599 222 1659 κόριον.
246 1597 315 1659 Ἔλεγε
325 1600 346 1645 δὲ
356 1604 418 1644 ταῦτα
432 1597 445 1644 ό
460 1596 572 1651 ἀπόστολος
585 1598 682 1656 πνεόματι
695 1596 746 1662 ολγίῳ
760 1598 881 1661 φερόμενος,
896 1603 928 1648 διό

147 1671 186 1716 οὐκ
198 1674 240 1729 ἔσχε
255 1675 321 1730 χρείαν
333 1673 378 1730 περὶ
392 1670 505 1727 πνεύματός
516 1690 535 1715 τι
544 1674 643 1727 δηλῶσαι,
664 1670 700 1728 οόχ
712 1669 740 1724 τίς
750 1671 778 1728 μή
789 1675 929 1731 σννδοξαζομέ-

146 1761 184 1787 νον
194 1748 231 1787 τοῦ
240 1742 353 1797 πνεόματος
363 1743 423 1798 πατρὶ
434 1743 469 1785 καὶ
481 1743 529 1801 rifi,
545 1738 588 1785 οὐδ’
600 1744 634 1785 ἵνα
644 1739 693 1786 αότό
703 1740 744 1786 αἰπό
755 1747 795 1786 τοῖν
803 1741 885 1788 πόντων
894 1759 929 1800 σή-

147 1812 200 1872 μοίνγγ
211 1817 251 1856 τῶν
261 1810 287 1855 δι’
294 1814 341 1855 οἱοῦ
351 1812 487 1866 κεκτισμένων.
503 1810 572 1868 Ἤρκει
583 1810 621 1867 γολρ
631 1809 653 1854 τό
661 1817 840 1868 σνναριθμήθήναι
849 1811 883 1856 διολ
893 1819 929 1869 τῆς

147 1884 229 1936 βεβαίας
240 1878 346 1936 ὁμολογίας
356 1884 392 1923 τοῦ
402 1881 449 1922 νίοῦ
460 1881 521 1935 πατρὶ
531 1881 564 1922 καλ
576 1881 623 1937 υἱῷ,
639 1881 661 1922 έν
670 1884 698 1938 τῷ
711 1882 783 1933 εἰπεῖν,
794 1880 929 1933 Ἀπελθόντες

146 1952 254 2004 βαπτίσατε
266 1951 294 1999 εἰς
302 1947 366 2003 όνομα
378 1947 465 2004 πατρός,
479 1949 514 1990 καὶ
526 1950 583 2000 rior,
596 1949 631 1990 καλ
643 1945 701 2003 ἇγίον
711 1946 829 2001 πνεύματος.
860 1952 927 2006 Φθεγ·

146 2016 231 2072 γόμενος
241 2021 291 2071 γοῦν
302 2014 315 2058 ό
326 2014 446 2067 ἀπόστολος,
467 2015 573 2067 μᾶλλονδὲ
584 2013 607 2056 τό
619 2020 698 2068 πνεῦμα
710 2014 732 2057 τό
743 2014 801 2070 ἅγιον
815 2016 927 2072 φθεγγόμε·

145 2101 181 2125 νον
192 2085 214 2125 ἒν
225 2083 291 2139 αὐτῷ,
312 2082 351 2125 οὖν
361 2081 433 2135 ἐδήλου
444 2082 490 2136 περὶ
505 2079 587 2123 ιαὐτοῦ.
616 2080 690 2135 Σαφής
700 2081 738 2137 γολρ
748 2077 773 2135 ἦν
785 2081 799 2136 ή
809 2084 854 2139 περὶ
864 2081 928 2127 rivo&

145 2155 228 2209 γνῶσις,
249 2149 298 2194 οὐδὲ
312 2147 352 2194 όπό
368 2149 522 2193 τῶνἸονδαίων
538 2145 710 2203 όμφιβαλλομένή·
730 2148 842 2204 ἒταμιεόετο
859 2150 881 2194 δέ
893 2153 928 2195 ἵνα

145 2219 173 2279 μή
183 2218 330 2265 αιἰτοσόστατον
342 2220 372 2276 είνγ
384 2216 406 2264 τό
420 2216 477 2278 δίγιον
489 2220 577 2274 πνεῦμα,
595 2215 623 2262 ²3
634 2214 646 2262 ό
658 2216 769 2270 ἀπόστολος
782 2217 819 2263 σόν
831 2218 928 2278 πνεόματι

145 2290 196 2353 ολγίῳ
213 2293 301 2349 ἐφέρετο.
332 2292 372 2334 Καὶ
387 2291 434 2349 περὶ
448 2288 523 2348 πατρός
536 2290 588 2348 έλεγε
598 2291 632 2334 καὶ
642 2292 700 2344 νιόῦ,
720 2292 753 2334 ἵνα
766 2292 837 2352 δειχθῇ
848 2289 860 2348 ή
871 2291 928 2351 τριτλς

146 2363 178 2406 όιεὶ
190 2357 252 2415 οὖσα,
273 2362 308 2405 καὶ
322 2361 421 2416 μηδέποτε
430 2363 558 2404 διαλείπονσα
568 2363 604 2403 τοῦ
616 2358 672 2403 εἶναι.
701 2359 741 2415 Μή
753 2360 843 2416 θαόμαζε
857 2362 879 2405 δὲ
892 2361 927 2406 ἐόν

146 2430 245 2490 ολκοόσιχς,
270 2428 306 2480 Εἷς
320 2429 379 2483 θεός,
400 2431 421 2481 ἐξ
437 2425 463 2473 οὗ
477 2428 502 2472 τοί
517 2428 593 2481 πόντα,
614 2430 648 2472 καλ
664 2427 703 2479 Εἷς
718 2428 799 2484 κόριος,
822 2428 847 2473 δι’
861 2425 887 2473 οὗ
902 2429 926 2474 τολ

146 2501 217 2544 πάντα.
250 2504 282 2558 Τῷ
293 2498 331 2556 γολρ
344 2501 406 2543 εἰπεῖν
421 2497 456 2542 τόν
470 2497 515 2541 νῖόν
526 2497 597 2554 κόριον
608 2498 633 2540 οὐ
645 2496 725 2548 πόντως
738 2498 838 2553 ἠρνήσατο
851 2497 864 2543 ό
875 2499 926 2543 τἰπό·

145 2574 214 2618 στολος
225 2567 248 2611 τό
262 2566 313 2610 εἶναι
323 2566 358 2611 τόν
368 2567 439 2624 κόριον
450 2567 485 2610 καὶ
495 2565 554 2609 θεόν·
570 2566 604 2609 καλ
615 2570 643 2624 τῷ
654 2568 727 2618 εἰπεῖν,
742 2564 782 2616 Εἷς
792 2565 848 2619 θεός,
864 2565 889 2610 δι’
900 2562 926 2610 οδ

144 2636 169 2679 τό
181 2635 256 2687 πάντα,
272 2633 310 2677 οόκ
323 2634 424 2690 ήρνήσατο
439 2633 461 2676 τό
478 2630 529 2675 εἶναι
544 2632 579 2675 τόν
593 2631 643 2676 θεόν
657 2635 691 2676 καλ
708 2633 783 2689 κόριον.
812 2631 876 2688 Ὁμοῦ
887 2633 925 2690 γολρ

144 2705 179 2746 καὶ
194 2702 264 2759 κόριος
281 2703 315 2744 καὶ
329 2701 388 2754 θεός,
410 2704 445 2744 καὶ
462 2698 512 2749 θεός
528 2701 562 2741 καὶ
574 2698 653 2755 κύριος,
673 2701 706 2742 καὶ
720 2699 779 2743 οὐδὲν
795 2703 865 2743 διοίσει
879 2702 925 2756 περὶ

167 2841 183 2878 4.
196 2841 226 2878 καὶ
236 2851 266 2884 pro
277 2841 311 2877 τῶν
321 2842 366 2875 πονιτ
375 2843 412 2876 edit.
422 2842 488 2882 Ριλον.,
499 2841 525 2874 in·
570 2838 586 2873 2.
602 2841 627 2874 Ιιο
642 2841 684 2874 iibri.
707 2839 782 2874 petavius
798 2841 888 2883 suspicatus
903 2842 925 2875 ert

143 2893 181 2927 vilis
192 2892 236 2925 libris
247 2899 298 2924 τηοειιι
308 2891 382 2924 exoratis.
547 2882 557 2922 ὅ
567 2882 583 2924 δ’
591 2883 690 2928 ἀπόστολος.
707 2889 738 2921 Ner
748 2888 824 2929 improbo.
838 2889 925 2922 Carnarius

169 2938 209 2982 Cap.
222 2937 253 2972 ΙΧ.
268 2956 288 2964 -
313 2937 328 2970 1.
340 2935 400 2972 ἑαυτοῦ
411 2937 469 2970 habent
478 2936 524 2968 οοιλδ.
546 2936 592 2968 vertit
603 2935 693 2968 Manifesta
707 2933 751 2967 enim
766 2941 802 2967 erat
813 2934 888 2979 cognitio
903 2935 925 2969 de

144 2996 182 3020 mss.
199 2989 267 3026 αλειςατ.
295 2984 342 3025 Quod
358 2993 413 3017 verum
432 2993 464 3017 εεει
479 2985 524 3024 prro.
546 2980 593 3025 ipso,
611 2988 630 3014 ut
641 2981 663 3014 de
675 2991 771 3026 quareque
782 2979 923 3025 iudaeiambige-

144 3034 197 3065 Ελίαοι
214 3033 301 3065 Carnarius
317 3031 364 3063 vertit
380 3029 402 3063 δε
417 3030 473 3074 seipso
489 3039 524 3061 non
545 3033 595 3067 τεαῖς
611 3028 727 3061 reservabatur
737 3032 803 3066 autem,
814 3033 863 3061 utne
873 3027 925 3072 spiri-

144 3076 230 3111 indicarit.
546 3080 573 3107 tus
582 3081 649 3107 sanctus
659 3073 731 3118 seipsum
740 3072 855 3106 constitueret.
879 3079 924 3117 Apo-
