1988 3392
231 205 325 267 rancun
337 233 381 267 uio.
389 235 420 268 ur.
432 234 487 268 rom.
496 235 510 267 1.
522 234 591 268 unua.
600 233 701 266 Lxxxni.
830 226 859 267 99

71 321 122 355 trem
135 312 165 354 sui
178 312 248 355 similis
259 327 304 355 esse
314 313 348 355 lilii
361 320 448 370 patrem,
465 322 485 357 et
497 314 557 356 lilium
570 314 654 356 similem
668 327 714 355 esse
728 313 802 369 patris,
819 329 858 369 quo

72 396 99 424 cx
117 388 172 438 patre
188 381 239 423 blius
258 380 383 438 intelligitur.
420 382 472 425 Tum
491 384 529 425 hoe
548 384 632 439 insuper
649 382 766 434 statuimus,
793 397 858 438 eoque

71 451 163 507 dogmate
179 460 266 494 mentem
280 451 305 493 ab
324 452 378 492 omni
391 449 524 493 Sabellicrunr
537 467 561 494 ao
577 460 690 494 ceterorum
705 464 774 492 errore
787 465 860 507 purga-

71 534 127 562 mus:
151 534 215 576 neque
233 520 293 562 lilium
311 526 388 576 patrem
401 534 447 562 esse
465 535 537 576 posse,
562 535 626 577 neque
637 528 714 576 patrem
728 519 801 572 lilium,
823 520 859 561 sed

71 588 132 630 lilium
144 602 189 631 esse
200 589 269 641 lilium,
282 596 303 631 et
313 595 388 646 patrem
400 603 446 631 esse
458 597 542 645 patrem,
558 605 597 631 non
610 589 679 631 lilium.
710 586 734 630 In
746 588 777 629 bis
788 587 859 644 quippe

71 664 164 699 accurata
175 671 305 714 personarum
318 658 419 700 distinctio
437 659 562 711 continetur,
584 666 605 700 ut
621 666 698 714 patroni
717 657 860 713 sempiternum

71 740 117 767 esse
130 734 218 783 patrem,
240 726 338 769 etcarnis
353 735 469 782 expertem,
492 734 551 783 atque
566 728 710 779 immortalem,
734 726 794 767 lilium
810 739 860 767 vero

71 795 133 836 lilium
152 809 197 837 esse
215 810 305 851 semper,
330 809 367 837 nec
382 810 467 851 unquam
482 803 557 850 patrem
574 810 620 837 esse
636 796 763 837 definiamus.
794 792 860 836 Porro

72 877 115 905 eum
127 878 201 917 semper
211 864 294 905 dicimus
307 863 344 904 hoc
353 864 417 919 ipsum
427 864 530 915 volumus,
553 863 596 905 eius
610 864 726 919 hypostasin
739 871 798 905 extra
810 870 860 904 tem-

72 946 108 987 pus
119 946 190 983 omue,
212 939 231 972 et
247 932 391 986 intelligentiae
406 932 604 986 comprehensionem
617 946 671 973 esse.
703 930 743 973 Sed
758 932 812 973 illum
826 933 861 973 de-

71 999 131 1055 nique
142 1013 222 1041 caruero
231 1001 255 1041 de
267 1000 327 1055 patris
336 1000 439 1041 voluntate
450 999 571 1055 suscepisse,
583 1014 605 1041 ac
616 1007 700 1041 mortem
709 1007 778 1042 nostra
789 1014 860 1042 caussa

72 1069 199 1110 sustinuisse.
232 1066 310 1123 Quibus
325 1068 377 1109 bunc
393 1068 413 1109 iu
430 1068 508 1110 modum
524 1067 598 1123 liquido
615 1067 719 1121 stabilitis,
742 1068 817 1125 egregii
832 1069 861 1110 illi

72 1137 148 1179 erroris
159 1138 238 1193 patroni
251 1137 289 1178 duo
304 1138 402 1193 quaedam
413 1137 491 1178 efficere
504 1136 601 1178 nituntur.
633 1135 720 1178 Primum
731 1144 753 1179 ut
766 1152 792 1178 ue
803 1144 861 1193 pater

72 1206 156 1262 amplius
167 1220 191 1248 ac
202 1206 268 1258 illins,
285 1206 319 1248 sed
331 1206 432 1260 ingenitus
443 1220 466 1246 ac
477 1206 556 1261 genitus
570 1206 653 1247 dicotur.
685 1204 731 1260 Qua
741 1206 819 1247 ratione
830 1207 862 1247 lu-

72 1289 116 1316 cum
129 1289 151 1316 se
163 1276 241 1328 lacere,
259 1281 318 1329 atque
331 1274 436 1315 ecclesiam
447 1273 593 1325 circumvenire
604 1281 673 1330 putant
686 1289 753 1329 posse.
783 1273 861 1316 Verum

73 1343 104 1399 qui
125 1343 234 1385 divinarum
253 1357 320 1384 rerum
339 1341 436 1398 sapientia
452 1343 537 1398 pollent,
560 1356 685 1398 nequaquam
703 1344 741 1385 boc
757 1343 859 1400 ignorant,

72 1412 155 1468 ingeniti
168 1426 238 1454 vocem
250 1412 365 1453 inferiorem
378 1425 423 1452 esse
436 1411 498 1467 patris
512 1411 603 1463 nomine,
625 1420 730 1468 propterea
742 1414 793 1468 quod
804 1412 862 1468 inge-

73 1481 109 1523 niti
121 1481 176 1523 notio
188 1495 234 1538 prae
246 1495 267 1523 se
277 1480 324 1522 illud
341 1495 399 1522 unum
417 1481 468 1532 lert,
491 1487 512 1522 ut
524 1495 564 1522 uon
580 1495 626 1522 esse
638 1481 718 1537 genitus
729 1482 860 1539 intelligatur,

73 1551 161 1592 nondum
173 1558 239 1592 tamen
251 1550 303 1591 sitne
314 1556 372 1605 pater
382 1549 477 1591 declarat.
509 1549 536 1591 At
548 1563 597 1592 vero
608 1557 664 1606 pater
674 1551 758 1607 amplius
770 1552 861 1607 quiddam

74 1628 104 1661 est
115 1619 199 1675 ingeniti
211 1619 320 1671 vocabulo,
337 1618 429 1674 quoniam
441 1618 461 1659 iu
473 1619 522 1670 boc,
545 1619 573 1660 uti
586 1619 640 1671 dixi,
661 1619 692 1661 vis
704 1620 738 1661 illa
750 1621 811 1676 patris
821 1636 862 1663 uon

73 1689 200 1746 exprimitur.
237 1687 278 1730 Sed
294 1688 315 1729 in
332 1687 393 1744 patris
409 1687 488 1729 nomine
504 1687 552 1729 illud
570 1702 608 1729 una
626 1688 765 1744 significatur,
786 1696 862 1745 patrem

74 1772 114 1799 uon
123 1772 169 1800 esse
180 1751 250 1809 lilium,
267 1758 284 1798 si
294 1757 374 1812 proprie
384 1764 441 1812 pater
452 1756 582 1812 intelligatur,
599 1771 623 1798 ae
636 1758 668 1798 sui
678 1757 749 1800 similis
765 1772 811 1800 esse
826 1759 863 1800 lilii

73 1826 199 1882 principium.
231 1826 323 1868 Alterum
339 1826 390 1881 quod
402 1825 500 1882 perlicere
512 1827 631 1867 studuerunt
643 1827 691 1879 luit,
713 1834 734 1868 ut
746 1827 861 1869 dissimilem

75 1895 162 1937 essentia
174 1895 236 1936 filiuni
249 1895 311 1951 patris
325 1908 371 1935 esse
387 1894 467 1951 scriptis
481 1895 606 1936 mandarent.
638 1893 684 1949 Quo
701 1896 782 1938 nomine
798 1896 863 1938 eccle-

74 1964 124 2006 siam
141 1964 275 2005 coudemnare
294 1978 316 2005 se
333 1976 393 2019 posse
411 1971 506 2018 putarunt
521 1964 547 2004 iis
563 1963 628 2005 literis
646 1979 695 2019 quas
710 1965 734 2006 ab
753 1964 864 2007 venerabili

76 2033 169 2089 episcopo
186 2031 250 2073 Hosio
266 2046 302 2087 per
321 2032 409 2072 fraudem
427 2031 563 2082 abstulerunt,
586 2034 607 2073 in
623 2033 693 2087 quibus
711 2034 813 2075 dissimilis
832 2048 865 2076 es-

75 2102 139 2144 sentia
152 2101 233 2157 legitur.
264 2099 340 2143 Verum
352 2114 396 2141 cum
409 2098 525 2142 Orientales
538 2098 632 2142 Sirmium
645 2102 730 2155 profecti
744 2102 802 2144 buius
815 2112 864 2158 quo-

76 2185 114 2226 que
133 2170 222 2211 haeresis
237 2168 383 2225 improbitatem
395 2183 434 2211 una
453 2184 497 2211 cum
510 2170 553 2211 aliis
567 2177 635 2211 essent
649 2169 759 2226 complexi,
781 2184 806 2212 ue
817 2185 864 2227 pro-

75 2246 119 2295 pter
128 2253 164 2281 eos
173 2238 206 2295 qui
216 2238 333 2280 orientalem
346 2238 392 2279 lidei
403 2238 549 2294 professionem
561 2246 677 2294 pervertere
688 2253 729 2280 uon
741 2239 863 2292 dubitarunt,

76 2308 100 2350 ad
113 2307 233 2350 reddendam
247 2308 345 2349 rationem
360 2307 521 2363 impellerentur,
544 2307 667 2350 substantiae
680 2323 765 2361 nomen,
788 2309 865 2365 quoda

76 2376 166 2433 patribus
180 2377 204 2418 ad
217 2390 252 2418 eas
264 2390 346 2418 caussas
358 2390 406 2432 quas
417 2376 519 2431 attigimus
529 2376 549 2417 iu
562 2391 619 2419 usum
633 2384 735 2433 receptum
747 2378 823 2430 luerat,
840 2378 865 2420 ab

77 2445 212 2487 ecclesiastica
229 2444 284 2487 onrui
302 2445 392 2487 doctrina
410 2445 516 2501 profligare
533 2447 599 2487 conati
616 2455 674 2499 sunt,
697 2454 718 2488 ut
734 2447 770 2489 bac
786 2447 865 2489 ratione

78 2529 135 2558 suam
149 2514 248 2556 baeresim
264 2513 427 2556 corroborarent.

136 2582 172 2626 Sic
187 2582 240 2625 euim
252 2584 304 2639 apud
321 2596 344 2624 se
365 2582 488 2637 cogitarunt,
509 2582 528 2623 si
544 2584 627 2626 excluso
645 2584 768 2626 substantiae
783 2585 864 2627 nomine
873 2594 960 2640 Gava.

78 2653 156 2695 actione
169 2652 212 2694 sola
228 2666 251 2694 ac
262 2652 364 2693 voluntate
377 2651 461 2693 similem
473 2652 534 2706 patris
546 2666 591 2693 esse
604 2652 665 2694 lilium
679 2654 781 2706 dicerent,
803 2653 865 2696 licere

77 2722 116 2764 sibi
135 2722 212 2764 sublato
229 2734 311 2778 prorsus
328 2720 452 2761 substantiae
463 2720 543 2762 nomine
556 2721 671 2764 dissimilem
686 2723 789 2778 deincepS,
812 2723 863 2778 quod

78 2792 103 2833 ad
117 2791 181 2848 ipsum
193 2804 238 2832 esse
250 2796 270 2831 et
281 2789 370 2831 existere
387 2789 486 2843 pertinet,
507 2790 569 2845 patris
580 2792 709 2845 pronuntiare
721 2791 792 2833 filium.
823 2789 864 2832 Sed

79 2907 97 2938 ttt
108 2898 178 2948 Semper
187 2910 244 2937 autem
255 2903 325 2936 dicimus
334 2909 406 2947 propter
414 2909 460 2936 tem
506 2902 522 2937 6.
534 2907 554 2937 lo
566 2906 611 2937 tibris
627 2907 675 2947 uutpo
691 2908 713 2938 est
722 2906 797 2945 scriptum

79 2950 126 2995 poris
136 2949 250 2983 exclusionem
264 2956 282 2982 et
292 2949 395 2983 substantiae
412 2961 458 2983 com
482 2941 517 2984 edu.

80 2995 249 3040 prehensibilitatem.
507 2995 546 3028 Cur.
560 2996 599 3028 XV.
658 2997 673 3030 1.
761 2991 821 3034 adelae
830 2997 865 3028 eccl.

103 3039 120 3074 4.
132 3042 176 3074 Libri
187 3037 265 3075 trabentd
279 3041 314 3085 .
483 3044 514 3075 leo.
686 3044 724 3074 editt
739 3042 780 3074 ttbri.

103 3089 119 3119 ).
131 3088 211 3128 Rescripsi
222 3087 274 3129 elue.
298 3089 342 3120 Lttrt
353 3087 410 3119 liabent
421 3086 460 3121 .
483 3096 537 3119 vocem
548 3097 578 3119 om.
590 3090 626 3120 cod.
637 3089 705 3127 fluedtp.

693 3145 726 3187 7*
