1988 3392
152 220 194 262 630
384 226 495 260 αωαεινινα
506 226 537 260 ατ
549 226 705 259 confflem.

153 308 210 343 Τοῦτο
220 303 254 350 γάρ
267 317 319 350 φησιν
335 304 364 342 διεί
376 303 409 348 τήν
425 307 484 349 ψήφου
494 305 524 340 τοῦ
536 307 554 340 ω
564 305 594 339 καί
608 301 665 348 άλφα,
683 301 694 340 ά
704 304 741 340 ἐστι
751 303 853 349 περιστερά,
870 303 938 349 ἐπείπερ

312 362 355 404 Εγω
372 361 407 404 εἰμι
420 359 440 395 τὸ
452 362 464 394 α
475 360 506 395 καί
521 356 556 405 ἐγώ
568 360 603 404 είμι
614 360 634 396 τὸ
644 362 665 396 H)-
689 360 719 396 Διὸ
736 361 766 395 καί
777 361 795 396 ἐν
806 362 831 407 τῷ
843 360 938 407 δωδεκάτῳ

152 419 186 454 έτει
195 419 229 461 τῆς
238 417 336 462 γεννήσεως
346 414 398 451 αύτοῦ
411 416 475 462 εἰςάγει
485 415 516 452 τὸν
525 413 595 460 Ἰησοῦν
606 415 616 451 n*
627 417 698 457 Λουκᾶς
711 415 793 461 εἰρηκότα
805 416 849 460 πρὸς
858 416 889 461 τήν
901 417 939 452 Μα-

152 473 194 519 ριάμ
212 474 296 518 ζητοῦσαν
314 470 376 515 αὐτὸν,
393 471 446 517 ήνίκα
462 477 498 512 τοῖς
509 471 621 512 διδασκάλοις
636 473 763 518 τροςδιελέγετο
778 473 795 508 ἐν
808 470 939 517 Ἱεροσολύμοις,

153 527 191 566 Ούκ
201 526 262 577 ᾔδειτε
275 526 302 565 άτι
313 530 330 565 ἐν
341 534 377 569 τοῖς
386 529 416 564 τοῦ
427 528 493 572 πατρός
504 541 536 573 μου
546 531 589 562 Ven.
601 549 623 554 —
647 530 659 562 l.
668 530 696 564 23.
709 527 742 565 άπύ
753 530 783 565 τοῦ
793 527 855 575 γράνου
864 530 895 564 τοῦ
907 532 939 575 βα-

151 587 247 632 πτίσματος
263 585 300 627 υἱὸς
311 586 378 632 γε’γονεν
389 586 421 621 τοῦ
433 586 485 630 θεοῦ,
503 583 588 630 ἐλθούσης
601 585 625 626 εἰς
636 583 688 623 αῦτὸν
702 587 735 630 τῆς
746 587 847 631 περιστεράς
857 583 879 631 ήν
888 598 940 632 φασιν

153 642 196 680 εἶναι
207 643 236 680 τὸν
247 643 333 688 Χριστὸν,
351 643 382 678 καί
394 643 423 678 ἵνα
440 644 501 687 σαφῶς
516 643 587 688 γνωσθῇ
599 644 641 676 Ven.
654 662 675 669 -
699 642 745 677 1:24.
759 641 821 683 ὁθεός
832 642 892 688 λύγος,
910 644 941 679 καί

152 699 207 737 ἐλθών
220 699 313 745 ἐσαρκώθη
326 702 367 732 Ven.
380 719 400 724 -
426 699 437 732 λ.
445 699 472 734 26.
486 696 556 745 σημάνῃ
569 700 610 732 Ven.
623 718 646 724 —
670 699 710 733 ibid.
723 700 760 743 τοῦ,
772 708 812 734 aute
822 699 893 745 πατρὸς,
907 713 940 735 στιν.

153 760 197 793 Ven.
210 778 232 784 -
255 757 304 792 128.
321 754 420 802 ύπάδειγμα
435 756 485 792 τοῦτο
502 757 545 789 Ven.
559 777 579 782 -
603 757 614 790 l.
624 756 641 791 6.
651 757 673 791 ab
683 757 714 791 inf.
733 759 778 791 Rene
789 759 849 792 venet.
865 756 894 795 διά
908 759 941 803 τῆς

152 813 227 862 γάριτος.
236 835 258 842 -
282 814 294 847 l.
302 817 318 848 ὃ.
329 815 350 848 ab
359 815 391 848 inf.
402 811 445 850 Ἀπί
456 813 496 850 τᾶτε
507 812 527 850 δέ
536 812 558 850 τοί
569 814 627 850 τέλεια
636 811 701 861 ἤρξατο
712 828 729 852 π.
742 816 839 862 θεοοημεία
848 817 888 861 (sic)
898 818 940 851 Ven.

155 893 178 900 -
190 873 202 907 1.
215 873 246 907 ult.
258 869 300 918 δύο,
316 868 337 913 ἃς
348 863 387 916 παρ’
401 869 450 919 αὐτῷ
463 871 529 918 ἔμειναν
542 873 584 907 ven.
607 873 652 906 Hinc
663 871 767 908 restituenda*
781 882 807 908 est
819 875 887 919 vulgata
898 875 941 908 scri-

153 938 209 976 ptura.

200 990 255 1036 Pag.
262 988 299 1026 84.
321 988 333 1021 l.
341 986 358 1022 3.
370 985 409 1032 παρ’
420 984 477 1024 αύτιῦν
490 988 530 1033 (sic)
543 987 619 1033 ἐπιφέρει
629 989 682 1033 λέγων
695 991 737 1023 Ven.
750 1009 774 1015 -
796 990 808 1023 I.
818 989 834 1025 6.
845 990 878 1035 τής
889 990 942 1025 Γαλι-

154 1047 212 1089 λαίας,
229 1046 260 1082 καί
275 1039 298 1090 ήν
310 1045 349 1081 ἐκεῖ
363 1043 375 1092 ή
388 1044 445 1091 μήτηρ
461 1046 491 1081 τοῦ
502 1042 567 1090 Ἰησοῦ.
590 1044 671 1091 Ἐκλήθη
682 1046 702 1083 δὲ
712 1043 783 1092 Ἰησοῦς
796 1047 827 1082 καί
838 1048 853 1083 οἱ
864 1047 943 1092 μαθηταί

154 1102 208 1140 αῦτοῦ
224 1104 249 1144 είς
260 1103 289 1139 τὸν
305 1102 365 1148 γάμον.
384 1099 437 1138 Ἔδει
448 1102 481 1148 γάρ
496 1103 526 1138 καί
543 1103 595 1150 ἐντῷ
606 1100 658 1150 γάμῳ
669 1100 721 1139 αῦτόν
737 1104 823 1148 κληθέντα
836 1104 943 1146 καταξιῶσαι

154 1160 181 1197 ἐπ’
191 1158 261 1208 εύλογίςι
270 1161 300 1196 τοῦ
312 1159 378 1205 γάμου·
397 1160 428 1195 καί
439 1157 574 1204 ὑστερήσαντος,
590 1161 646 1206 φησί,
663 1161 706 1196 οἴνου
717 1161 762 1206 λέγει
772 1160 785 1206 η
797 1160 854 1207 μήτηρ
865 1163 907 1195 ven.
920 1181 943 1188 -

154 1219 166 1254 l.
177 1219 202 1253 λλ.
215 1217 271 1253 ἐλθεῖν
282 1215 333 1253 αύτίν
345 1214 379 1253 άπὸ
388 1219 421 1260 τῆς
430 1216 495 1262 ἐρήμου
507 1216 552 1253 κατά
562 1216 593 1262 τήν
605 1215 705 1254 α’κολουθίαν
714 1219 744 1253 τοῦ
754 1220 859 1263 πειρασμοῦ,
872 1217 903 1254 καί
910 1231 943 1254 πα-

156 1276 266 1321 ραληφθῆναι
282 1275 307 1314 εἰς
321 1271 437 1318 Ἰερουσαλήμ
454 1273 483 1309 καὶ
499 1275 560 1318 στῆναι
575 1274 603 1310 ἐπί
613 1275 639 1320 τῳ
653 1275 739 1320 πτερυγίῳ
750 1276 781 1311 τοῦ
793 1276 849 1320 ἱεροῦ,
867 1276 898 1311 καί
908 1273 942 1312 άπὸ

154 1330 279 1378 Ἱεροσολύμων
289 1329 401 1377 οἱνενεγθήναι
411 1331 436 1371 εἰς
447 1327 486 1375 ίίρος
496 1330 564 1375 ύψηλόν
573 1331 619 1375 λίαν,
637 1328 679 1376 ὅπερ
689 1331 736 1377 παρά
746 1334 813 1372 πολλοῖς
822 1333 890 1378 λέγεται
901 1331 943 1368 εἶναι

154 1388 174 1425 τὸ
185 1387 250 1435 Θαβωρ
261 1385 311 1433 ἔρος,
323 1385 333 1423 δ
344 1387 456 1433 ἑρμηνεύεται
466 1385 571 1434 Ἰταβύριον,
584 1389 633 1424 τοῦτο
644 1389 664 1424 δέ
676 1388 720 1424 ἐστιν
731 1389 748 1424 ἐν
759 1390 782 1435 τῇ
793 1390 887 1437 Γαλιλαίᾳ·
899 1389 943 1425 ταύ-

155 1459 186 1490 την
197 1444 230 1491 γὰρ
241 1444 273 1489 τήν
285 1443 385 1481 ἀκολουθίαν
397 1443 407 1480 ἆ
417 1445 508 1484 Ματθαῖος
520 1443 603 1486 ὑπέθετο,
615 1441 641 1485 ιίύς
651 1457 714 1490 φησιν,
726 1442 812 1486 Ἀκούσας
822 1446 842 1483 δὲ
853 1445 862 1482 ὁ
873 1444 944 1491 Ἰησοῦς

155 1501 183 1540 ὅτι
193 1500 276 1546 Ἰωάννης
285 1499 386 1547 παρεδόθη,
403 1495 456 1546 ήλθεν
473 1501 498 1541 εἰς
515 1500 547 1547 τήν
558 1502 662 1537 Γαλιλαίαν·
681 1500 723 1538 ὁδε
733 1504 802 1543 Λουκᾶς
817 1504 848 1539 καί
864 1503 896 1548 τήν
909 1500 942 1540 άπὸ

155 1563 185 1598 τοῦ
199 1558 249 1607 ὅρους
260 1557 316 1604 ἆρμήν
326 1557 404 1605 ἀκριβῶς
414 1557 496 1603 δηλώσας
505 1559 571 1602 πρῶτον
581 1559 611 1604 μἐν
621 1559 660 1604 περί
670 1561 700 1595 τοῦ
713 1557 763 1604 άρους
773 1559 836 1604 είπών,
853 1560 882 1596 καί
892 1563 943 1607 βασι-

156 1620 206 1655 λειῶν
217 1613 240 1654 οἷν
252 1616 306 1658 ἔδειξε
316 1617 342 1662 τῷ
355 1616 408 1662 κυρίῳ
419 1613 429 1651 ὁ
440 1615 530 1662 διάβολος,
543 1612 612 1660 ῦστερον
623 1616 669 1661 λέγει
680 1616 719 1660 περί
729 1620 759 1651 τοῦ
770 1618 859 1662 πτερυγίου
871 1616 943 1653 καλἹε-

157 1674 257 1721 ρουσαλήμ,
274 1673 311 1709 Καί
321 1672 346 1713 οἷς
358 1671 456 1716 άνέκαμψεν
470 1672 495 1712 είς
507 1670 538 1716 τήν
548 1673 641 1708 Γαλιλαίαν
652 1672 682 1707 καί
691 1673 785 1718 Ναζαρέθ·
804 1673 873 1720 συνῳδὰ
884 1673 904 1711 δέ
914 1675 944 1710 καί

157 1732 167 1768 0‘
177 1733 267 1771 Ματθαῖος
278 1731 335 1775 λέγει,
352 1728 464 1765 Καταλειπιλν
480 1729 520 1774 (εἰς)
536 1728 569 1773 τήν
579 1729 662 1773 Ναζαρὲθ
676 1723 730 1774 ήλθεν
741 1730 766 1770 είς
776 1729 808 1774 τήν
818 1730 943 1775 Καφαρναούμ.

154 1783 221 1824 Ἦλθεν
229 1786 262 1832 γὰρ
273 1787 297 1827 είς
306 1785 395 1830 Ναζαρέθ,
407 1784 490 1822 κάκεῖθεν
500 1786 525 1826 είς
534 1784 563 1821 τὸν
572 1782 661 1830 Ἰορδάνην
671 1784 714 1830 τρίς
723 1785 752 1821 τὸν
761 1783 848 1831 Ἰωάννην,
861 1787 891 1822 καί
901 1786 944 1831 μετὰ

156 1844 175 1881 τὸ
188 1846 261 1881 διελθεῖν
271 1843 339 1880 διτίτού
349 1840 435 1886 Ἰορδάνου
446 1841 496 1877 πάλιν
512 1840 544 1885 τήν
557 1840 613 1886 ὁρμήν
623 1842 671 1888 έσγεν
682 1841 743 1879 ἐπίτοὶ
754 1843 818 1883 οἰκεῖα,
836 1844 878 1879 ἔνθα
887 1841 945 1879 οἷνετέ-

157 1904 222 1945 θραπτο
231 1899 275 1944 πρὸς
285 1898 317 1943 τήν
329 1899 396 1943 μητέρα
408 1898 424 1933 ἐν
436 1897 529 1941 Ναζαρὲθ,
542 1897 581 1933 ἐκεῖ
590 1911 609 1933 τε
619 1899 725 1942 παραμείνας
737 1896 768 1933 δύο
778 1897 855 1942 ήμέρας,
874 1896 903 1934 Γύτε
915 1900 945 1934 καλ

158 1958 173 1993 οἱ
183 1956 223 2001 περί
231 1953 312 2000 Ἀνδρέαν
323 1952 362 1998 παρ’
372 1951 420 1999 αύτῷ
432 1953 509 1997 ἔμειναν,
527 1952 583 1989 λοιπὲν
594 1951 676 1998 ήπείγετο
687 1955 721 1998 τῆς
731 1955 818 1998 σωτηρίας
831 1956 865 1990 τῶν
876 1953 945 2000 ἅνθρω-

129 2034 131 2036 -
155 2025 192 2048 πων
207 2013 262 2048 ἕνεκεν
272 2013 302 2046 τοῦ
315 2009 426 2055 κηρύγματος
439 2007 534 2053 ἄρξασθαι,
553 2010 583 2045 καί
597 2010 653 2054 ἔμεινε
669 2009 699 2054 μὲν
715 2009 746 2046 δύο
762 2009 830 2055 ήμέρας
844 2010 873 2047 διά
884 2010 903 2047 τύ
916 2010 945 2048 διά

156 2068 217 2115 χρόνον
229 2065 281 2103 αῦτόν
294 2066 359 2110 ἐλθεῖν,
373 2066 432 2112 ἔχοντα
443 2062 482 2110 μεθ’
494 2066 555 2101 ἑαυτοῦ
567 2062 597 2106 οῦς
606 2066 702 2111 παρείληφε
714 2066 806 2111 μαθητάς,
818 2068 849 2103 καί
858 2066 946 2108 οίπολύσας

157 2124 197 2165 τούς
213 2122 365 2168 ἀκολουθήσαντας
382 2120 430 2170 αύτῷ
448 2119 501 2162 εύθῦς
517 2122 589 2166 ἐξῆλθεν
603 2122 630 2158 ἐπί
641 2121 674 2167 τήν
684 2123 777 2159 Γαλιλαίαν
789 2122 818 2159 διά
832 2123 851 2160 τί
864 2122 946 2170 κήρυγμα

157 2182 188 2218 καί
198 2181 228 2219 διοί
238 2180 258 2218 τὸ
271 2181 319 2226 ἔργον
330 2181 361 2215 τοῦ
372 2180 476 2225 θεοσημείου
487 2181 531 2214 Ven.
544 2200 567 2205 —
589 2179 601 2212 l.
610 2180 636 2214 19.
649 2178 674 2220 αἱς
684 2179 694 2217 ά
706 2177 790 2225 Ἰωάννης
800 2183 842 2215 Ven.
855 2201 876 2207 -
900 2183 945 2217 1:20.

158 2237 194 2284 ήδη
206 2240 236 2274 τοῦ
247 2238 302 2283 ἔργον,
315 2233 342 2273 ύτι
351 2240 394 2270 Ven.
405 2238 463 2270 Recte.
474 2256 495 2262 -—
519 2236 530 2269 1.
537 2236 564 2270 21.
578 2237 620 2270 Dele
632 2249 697 2271 comma
707 2244 747 2282 post
757 2238 849 2284 βαπτίζειν.
860 2257 883 2264 -
898 2239 910 2273 ί.
917 2239 945 2274 22.

157 2297 225 2341 πνεῦμα
239 2297 340 2341 καταβαῖνον
357 2294 374 2330 ἐν
389 2294 432 2331 είδει
448 2295 491 2328 Ven.
505 2315 527 2321 -
551 2291 598 2328 124.
615 2294 643 2330 Γι’νοι
657 2290 698 2331 ὅταν
711 2296 753 2329 ven.
778 2295 825 2329 Idem
836 2296 899 2330 ibidem
911 2309 945 2330 non

157 2355 209 2388 habet
219 2353 236 2389 ἐν
246 2360 286 2399 post
295 2349 367 2389 άνωθεν.
381 2371 403 2377 ·-
426 2351 473 2386 l.26.
491 2348 799 2397 οἱτοιοῦτοιαἱρεσιῶταιάπδλίοα.
812 2374 835 2380 -
858 2354 906 2389 λῖδ.
919 2352 946 2390 Ου’

157 2410 190 2458 γάρ
199 2413 264 2447 πιστοῦν
277 2411 302 2452 εἷς
313 2409 417 2458 φρονούντων
428 2407 540 2457 ἀποβάλλοιτο
550 2408 571 2446 τοί
583 2411 609 2457 τῷ
620 2409 664 2456 α’γίῳ
676 2409 760 2455 πνεύματι
771 2409 801 2448 διά
810 2412 845 2447 τῶν
857 2412 907 2448 θείων
918 2409 946 2449 εύ-

159 2470 242 2517 αγγελίων
254 2466 332 2516 ἀκριβῶς
344 2468 431 2514 εἰρημένα.
454 2465 512 2504 Κάντε
524 2467 556 2513 γάρ
569 2467 640 2513 λέγωσιν
652 2465 699 2517 άτιῦ
712 2467 742 2514 μἐν
752 2469 844 2510 Ματθαῖος
854 2470 884 2505 καί
894 2468 946 2514 Μάρ-

159 2541 189 2568 κος
200 2528 231 2563 καί
242 2528 312 2566 Λουκᾶς
328 2528 344 2562 οἱ
360 2523 481 2572 εῦαγγελιοταί
497 2526 603 2571 διηγήσαντο
619 2525 658 2571 περὶ
674 2527 704 2562 τοῦ
723 2527 801 2573 σωτῆρος
821 2523 847 2564 ὅτι
865 2526 909 2572 μετά
926 2525 946 2563 τύ

160 2583 249 2633 βάπτισμα
263 2583 332 2631 άνήγθη
349 2585 375 2624 είς
389 2583 421 2629 τὴν
438 2584 501 2629 ἔρημον
518 2583 548 2619 καί
564 2583 643 2628 ἐποίησεν
660 2582 729 2629 ήμέρας
745 2583 873 2628 τεσσαράκοντα
886 2597 945 2630 πειρα-

160 2642 240 2688 ζόμενος,
258 2642 288 2677 καί
298 2641 342 2687 μετά
353 2641 382 2678 τὸν
392 2640 487 2686 πειρασμὸν
504 2639 580 2682 οἰκούσας
590 2638 617 2677 ὅτι
626 2638 710 2686 Ἰωάννης
719 2638 809 2687 παρεδόθη
821 2641 876 2678 ἐλθών
886 2641 945 2689 κατῴ-

158 2711 213 2745 κησεν
225 2699 250 2739 εἰς
260 2698 380 2745 Καφαρναούμ
390 2698 422 2745 τήν
437 2696 485 2743 παρά
496 2698 597 2743 θάλασσαν,
615 2697 624 2734 ὁ
636 2698 656 2735 δὲ
666 2695 750 2743 Ἰωάννης
761 2697 845 2742 ψεύδεται
855 2697 880 2744 μή
895 2700 946 2735 εἰπών

158 2756 198 2802 περί
213 2754 289 2800 τούτων,
307 2754 343 2791 ἀλλ’
354 2753 408 2797 εύθύς
423 2755 456 2793 ἀπὸ
469 2755 550 2800 πρώτης,
569 2753 599 2792 ὅτε
609 2750 662 2801 ήλθεν
674 2754 683 2792 ὁ
696 2755 755 2801 σωτήρ
766 2756 809 2802 πρὸς
819 2756 848 2793 τᾶν
858 2755 946 2803 Ἰωάννην,

158 2812 220 2851 καλτά
231 2809 275 2850 άλλα
290 2810 324 2849 ύσα
339 2814 384 2859 λέγει
399 2814 438 2859 περὶ
453 2811 507 2849 αὐτοῦ
517 2813 637 2858 πεποιηκέναι,
654 2812 760 2858 φανήσονται
775 2813 820 2850 κατά
830 2813 885 2851 πάντα
901 2815 947 2852 κατὰ
976 2854 978 2864 s

158 2871 190 2916 τήν
206 2868 293 2918 οἷκρίβειαν
309 2872 342 2906 τῶν
354 2869 457 2917 εῦαγγελίων
473 2868 585 2915 η’γνοηκότες.
608 2868 691 2915 Ἰωάννης
708 2870 741 2916 γάρ
755 2870 764 2908 ὁ
777 2869 901 2918 εῦαγγελιστής
914 2871 946 2918 πρὸ

158 2932 188 2964 τοῦ
203 2929 324 2974 παραδοθῆναι
337 2926 367 2964 τὸν
383 2927 477 2975 βαπτιστήν
488 2925 570 2972 Ἰωάννην
583 2928 662 2973 σημαίνει
671 2927 700 2964 τὸν
711 2927 767 2973 κύριον
780 2928 824 2974 μετά
837 2927 869 2970 τάς
879 2928 947 2975 ήμέρας

159 2988 189 3022 τοῦ
203 2987 298 3032 πειρασμοῦ
311 2985 354 3030 πρὸς
365 2984 418 3022 αῦτὸν
429 2985 534 3030 ἐληλυθέναι.
558 2986 602 3025 Πιῦς
613 2984 645 3030 γάρ
657 2983 738 3021 Ἰωάννου
754 2987 879 3031 παραδοθέντος
891 2987 946 3024 ἐνεδέ-

159 3056 198 3090 χετο
209 3042 234 3079 ἔτι
244 3042 273 3079 τίν
285 3044 356 3087 σωτῆρα
367 3042 410 3088 πρός
420 3042 472 3080 αύτὸν
486 3041 535 3079 πάλιν
550 3043 605 3079 ἐλθεῖν
621 3043 650 3078 ἐπὶ
661 3041 690 3078 τὸν
702 3039 796 3088 Ἰορδάνην.
821 3042 860 3080 Ούκ
871 3044 946 3088 έγνωσαν

159 3099 179 3138 δὲ
190 3097 217 3136 ὅτι
228 3101 244 3136 οἱ
260 3097 307 3136 άλλοι
322 3094 369 3145 τρεῖς
384 3097 504 3147 εῦαγγελισταλ
520 3098 550 3136 τάν
565 3100 625 3147 χρόνον
641 3098 669 3136 τὸν
685 3098 729 3145 μετά
748 3098 767 3136 τῦ
784 3102 902 3147 παραδοθῆναι
917 3100 946 3142 τὸν
