1988 3392
262 228 355 262 rnunuu
367 229 408 262 Lis.
418 230 448 262 ur.
460 229 516 263 Tou.
526 230 538 262 r.
551 228 618 263 nunu.
627 227 708 261 dxxiv.
835 217 877 259 287

91 309 131 353 tari
143 308 218 366 possit3
234 316 302 351 cetera
320 308 398 360 omnia,
421 309 453 350 ubi
472 309 583 351 atrinitate
595 307 724 359 discesseris,
747 307 787 363 pati
805 306 877 362 aliquid

92 384 185 435 possunt3
202 377 239 419 nisi
251 378 301 419 lorte
308 391 382 433 expers
391 376 424 419 ille
435 377 546 421 allectionis
556 377 621 420 omnis
633 376 717 419 similem
729 376 825 432 quendam
837 383 878 417 sta-

92 454 132 488 tum
147 459 183 502 per
194 445 375 503 incorruptionem,
398 446 469 502 qnibus
486 447 578 501 libuerit,
599 445 695 503 singulari
708 445 791 501 quodam
804 444 879 486 berneli-

92 515 123 557 cio
135 514 190 568 large
202 515 327 570 benigneque
338 515 470 557 concesserit.
501 514 565 569 Quem
579 516 656 571 quidem
671 512 826 568 incorruptionis
839 521 879 554 sta-

92 591 133 626 tum
147 598 187 625 nou
202 597 229 625 ex
245 583 362 639 incorporea
381 583 447 640 aliqua
464 591 547 635 natura,
572 584 607 626 sed
625 598 652 626 ex
667 582 715 625 boni
732 589 752 623 et
768 581 879 623 affectionis

92 651 157 695 onmis
168 646 258 708 expertis
269 652 300 693 dei
314 651 407 708 largitate
420 660 577 709 consequuntur.
609 651 667 708 Quod
681 659 746 693 autem
763 650 834 691 unicus
847 649 879 690 dci

92 721 144 763 lilius
155 721 175 763 iu
187 735 248 763 carne
259 720 286 762 sit
300 735 382 777 passus,
404 722 476 763 nnllam
493 721 544 763 istud
557 721 576 762 in
587 720 650 777 ipsius
664 720 789 762 divinitatem
802 717 879 774 passio-

92 803 138 832 nem
149 789 277 832 transluudit.
309 787 433 845 Quamquam
448 790 495 831 illud
510 796 566 831 recta
581 789 630 830 fides
645 803 668 830 ac
684 789 763 830 sincera
779 786 878 843 professio

42 870 44 873 ’
93 858 163 910 docet,
186 858 217 899 dei
235 858 330 910 verbnm,
353 858 405 913 quod
421 872 457 913 per
468 872 514 900 sese
531 858 571 914 pati
586 856 635 899 nihil
651 863 729 913 potest,
751 856 878 898 nihilominus

93 939 139 968 esse
153 940 240 983 passum.
272 925 326 968 idem
344 940 404 981 porro
422 926 490 968 eadem
509 926 553 982 ipsa
568 925 654 982 patiendi
670 925 717 966 nibil
732 925 752 966 in
764 925 878 969 conditione

93 993 214 1052 permansit,
236 1009 273 1036 nec
284 995 305 1036 in
316 1002 387 1035 natura
402 1008 439 1036 sua
449 994 564 1036 mutationis
580 992 652 1049 aliquid
665 1001 698 1035 ant
709 992 830 1035 diversitatis
843 1007 879 1034 ex-

94 1070 162 1120 pertus
181 1070 220 1104 est.
251 1061 386 1118 Quamobrem
405 1061 438 1103 ille
454 1062 487 1117 qni
503 1061 601 1118 sapientia
617 1076 640 1102 ac
658 1063 706 1103 deus
723 1068 766 1102 erat
780 1061 879 1117 passionis

94 1132 159 1173 omnis
172 1145 259 1187 expers,
276 1145 320 1172 cum
332 1130 425 1187 patiendo
437 1131 499 1172 sciret
511 1144 533 1172 se
544 1144 579 1172 eos
589 1130 717 1172 liberaturum
729 1144 775 1172 esse
783 1130 816 1185 qui
826 1144 880 1171 mor-

95 1206 134 1241 tem
147 1199 283 1256 patiebautnr,
300 1213 340 1240 non
353 1199 440 1254 legatum
453 1199 526 1250 ullum,
543 1213 582 1240 nou
595 1199 686 1253 angelum
699 1198 764 1251 misit,
780 1212 821 1239 nou
834 1212 880 1254 pro-

94 1268 164 1326 pbetas
176 1267 272 1324 denique,
289 1267 398 1310 cuiusmodi
410 1267 516 1310 adrentum
527 1282 584 1310 suum
598 1274 760 1319 antecesserant,
782 1267 818 1308 sed
827 1267 880 1323 ipsc-

95 1344 137 1378 met
147 1336 238 1378 dominus
254 1337 322 1388 venit,
344 1350 367 1377 ae
379 1335 529 1391 perpessionem
544 1335 572 1377 ita
588 1337 608 1377 in
624 1350 646 1377 se
660 1336 704 1391 ipso
719 1349 806 1390 vereque
819 1336 880 1376 susti—

96 1405 151 1458 nuit,
168 1404 277 1447 utiuterim
291 1418 365 1461 expers
378 1404 479 1460 passionis
491 1404 584 1446 divinitas
597 1404 639 1460 ipsa
650 1411 784 1460 permaneret.
816 1401 879 1446 Cuius

96 1474 175 1530 quidem
185 1474 225 1514 vim
237 1487 260 1515 ac
272 1473 379 1530 potentiam
394 1472 442 1514 nibil
454 1472 565 1514 incarnatio
582 1472 624 1529 ipsa
637 1472 735 1513 diminuit.
765 1471 819 1514 Nam
831 1487 880 1514 euri-

96 1541 171 1583 demin
183 1540 287 1584 divinitate
298 1555 347 1593 sun,
365 1554 415 1597 quae
427 1541 458 1583 dei
472 1541 553 1597 propria
564 1548 622 1592 suut,
639 1547 773 1597 praestantem
785 1541 828 1582 siue
840 1541 880 1582 ullo

96 1610 163 1653 caruis
174 1610 315 1666 impedimento
328 1611 439 1662 ceruimus,
456 1611 511 1652 velut
523 1625 566 1652 cunr
579 1618 656 1659 veritos,
673 1624 726 1650 mere
736 1617 756 1650 et
763 1612 839 1664 fluetus
849 1614 878 1651 ln-
887 1625 975 1662 nunant

95 1686 172 1733 erepat,
188 1693 230 1719 eum
240 1681 338 1719 Lazarum
346 1682 428 1732 proprrb
438 1679 557 1720 auctoritate
568 1685 651 1730 evocat,
667 1685 688 1719 et
697 1678 774 1718 inlinita
786 1678 824 1720 alia
834 1661 967 1734 [πο-103111111ἳῆ

96 1746 173 1804 digiosa
183 1761 207 1789 ae
218 1747 314 1804 stupenda
328 1747 415 1789 molitur.
447 1746 570 1803 Quamquam
582 1746 660 1788 interim
674 1746 765 1803 quicquid
779 1754 822 1789 erat
833 1762 881 1790 con-

96 1824 213 1858 sentaneum
227 1816 306 1872 corpori
321 1816 427 1858 tribuebat.
457 1814 511 1858 Nam
525 1823 545 1857 et
556 1816 634 1857 diabolo
646 1822 724 1857 tentare
736 1816 838 1872 permisit,
860 1824 880 1859 et
898 1823 975 1855 Manent

98 1885 210 1928 bominibus
219 1886 317 1937 caedere,
334 1892 353 1927 ct
367 1885 397 1927 bis
410 1884 444 1941 qni
456 1884 650 1942 comprehendebant
661 1899 744 1942 capere,
766 1892 787 1927 ut
798 1885 818 1927 iu
832 1886 881 1942 pnti-

97 1954 132 1997 bili
145 1961 216 1997 natura
233 1954 332 2011 passionis
349 1968 423 2011 expers
436 1961 550 2010 pateretur,
572 1961 593 1995 et
606 1954 686 1995 interim
699 1955 719 1996 in
731 1968 767 1997 sna
778 1954 881 1998 divinitate

98 2023 197 2082 passionis
210 2037 288 2080 ⁸expers
308 2030 409 2075 maneret,
433 2038 473 2065 uon
490 2022 569 2064 alienus
585 2037 597 2065 a
614 2023 713 2079 passionis
731 2031 815 2081 experte
833 2024 879 2077 deo,

98 2093 134 2137 sed
147 2092 213 2135 omnia
226 2092 322 2148 singulari
334 2092 418 2148 quodam
434 2098 454 2133 et
467 2090 577 2134 admirabili
588 2092 685 2149 mysterio
698 2100 768 2149 suapte
778 2093 880 2135 voluntate

98 2162 218 2219 suscipiens.
248 2160 418 2218 Quemadmodum
429 2167 450 2202 et
459 2168 516 2217 pater
527 2161 576 2203 deus
586 2175 630 2203 curn
641 2161 744 2217 unigenito
754 2162 797 2218 ipso
807 2177 831 2204 ac
841 2163 881 2219 spi-

98 2231 139 2275 ritu
154 2238 236 2285 saneto;
260 2245 311 2288 qnae
327 2230 405 2287 quidem
426 2231 528 2287 perlecta,
553 2237 574 2272 et
588 2230 687 2287 passionis
703 2244 776 2288 expers
791 2231 879 2282 trinitas,

98 2314 178 2358 unaque
193 2300 287 2342 divinitas
303 2300 397 2342 universa
414 2299 562 2356 complectitur,
585 2300 634 2342 deus
646 2314 710 2353 unns,
732 2315 756 2343 ae
769 2301 881 2344 dominatus

101 2384 152 2413 uuus
167 2370 287 2412 continentis
303 2370 370 2411 cronia
385 2369 424 2411 dei.

157 2440 182 2480 ll.
211 2436 283 2494 Neque
295 2453 344 2480 vero
355 2438 406 2495 quod
417 2438 520 2480 continere
530 2438 607 2480 dicatur
616 2438 694 2491 omnia,
709 2439 784 2481 idcireo
795 2439 882 2497 patiendi

100 2507 209 2551 conditioni
224 2507 340 2560 subiicitur,
364 2508 410 2549 lieet
429 2522 479 2563 quae
494 2507 518 2549 ab
536 2507 580 2564 ipso
598 2507 792 2564 comprehenduntur
807 2509 826 2550 ei
842 2509 882 2565 legi

101 2577 223 2620 subiaceant.
254 2574 293 2617 Est
302 2576 354 2618 einim
364 2576 414 2618 intra
426 2577 492 2618 omnia
501 2583 522 2618 et
531 2582 589 2618 extra
598 2576 663 2617 omnia
673 2577 812 2619 universorum
823 2578 881 2631 dens,

101 2659 166 2702 neque
183 2653 248 2688 tamen
267 2658 311 2686 curn
330 2645 369 2687 ulla
382 2659 405 2687 re
421 2652 526 2688 concretus
541 2659 563 2686 ac
579 2645 702 2701 permixtns3
723 2660 751 2688 ex
767 2661 806 2702 qno
824 2648 883 2690 litut

101 2728 167 2772 neque
184 2715 235 2771 quod
253 2712 325 2769 ubique
341 2713 380 2765 sit,
402 2728 466 2770 neque
480 2714 531 2770 qnod
544 2720 601 2755 extra
614 2715 680 2756 omnia
692 2715 729 2767 sit,
751 2729 815 2772 neque
830 2718 881 2772 quod

102 2783 255 2841 comprehendat
269 2782 346 2835 onmia,
367 2797 431 2838 neque
447 2784 498 2839 quod
513 2783 533 2824 in
544 2783 587 2839 ipso
598 2783 692 2825 universa
705 2777 835 2837 moveantur,
856 2786 881 2827 ob

101 2852 122 2895 id
138 2853 177 2909 pati
190 2852 287 2909 quiep'iam
305 2851 449 2894 existimandus
462 2853 488 2894 sit
500 2851 593 2894 immunis
610 2851 635 2892 ab
648 2852 701 2894 omni
714 2852 801 2909 patiendi
814 2855 882 2896 condi-

102 2921 157 2963 tioue
167 2922 223 2964 deus.
254 2919 312 2964 Sicut
321 2934 358 2963 nec
368 2919 460 2977 idipsum,
477 2922 528 2978 quod
538 2921 616 2962 unicum
627 2920 687 2962 lilium
699 2921 775 2977 genuit,
791 2922 882 2978 quodque

103 2990 174 3032 unicus
185 2990 218 3032 ille
229 2990 307 3046 genitus
319 2997 361 3042 est,
377 2997 412 3031 aut
421 2991 473 3046 quod
483 2997 562 3033 sanctus
574 2989 616 3031 eius
627 2989 708 3045 spiritus
720 2990 804 3032 emissus
815 2999 846 3033 est
856 2992 881 3033 ab

103 3059 159 3116 ipso,
180 3055 238 3101 ullam
253 3059 390 3102 sanctissimae
406 3059 489 3102 trinitati
505 3059 628 3102 affectionem
642 3058 723 3102 inferet.
754 3057 831 3118 Quippe
844 3075 882 3104 nec
