1988 3392
240 237 334 273 raunnn
345 238 388 273 nin.
395 238 424 273 nt.
438 238 494 275 uon.
502 239 515 274 r.
526 236 595 272 nanu.
602 235 684 271 cxxiii.
818 224 857 267 131

129 318 230 377 Quoniam
245 334 295 364 vero
307 320 397 364 nonnulli
412 336 482 365 vocum
499 322 590 373 illarum,
613 332 663 376 quac
675 318 696 361 in
707 316 811 374 scripturis
823 330 860 359 ex·
889 326 929 371 cap.

72 396 126 443 tant,
148 404 229 433 sensum
242 390 397 447 detorquentes,
420 399 479 448 atquc
491 392 549 434 aliter
562 405 619 447 quam
634 403 671 446 par
685 387 711 430 sit
725 387 860 444 interpretan-
871 373 941 407 xm·

71 467 114 512 tes,
131 473 196 514 neque
208 467 242 501 aut
252 460 359 502 verborum
370 461 511 517 proprietatem
521 468 556 502 aut
568 474 635 501 rerum
646 464 736 499 naturam
747 456 861 511 intelligen-

72 534 102 568 tes
114 527 149 568 lilii
159 527 283 569 divinitatem
293 536 386 570 evertere
398 543 438 569 non
454 528 554 581 dubitant,
576 528 632 569 etad
643 527 691 569 illud
703 524 812 568 creationis
824 538 860 566 vo·

71 594 160 636 nabulum
172 595 283 647 offendunt,
297 597 348 652 quod
356 596 376 638 in
385 594 501 638 Proverbiis
511 597 595 652 legitur:
609 600 710 648 Dominus,
719 594 792 649 iuquit,
804 607 859 633 ereo·
867 599 914 629 Pron
923 598 965 637 ψ.

71 665 99 703 uit
108 677 138 703 me
148 666 223 704 initiant
234 667 308 705 vaurum
318 679 398 706 suoram
408 668 428 705 in
437 679 495 718 opero
505 668 577 718 ipsias,
595 679 644 720 quos
656 664 735 720 quidem
747 660 860 717 oportebat,

70 732 165 784 utbaficum
172 734 237 785 patalis
246 736 335 786 spiritum
340 764 347 783 ,
364 747 420 787 qucum
430 736 544 774 occidentem
554 735 629 774 literam
638 735 704 786 sequi,
719 733 801 786 spiritus
810 732 860 769 enim
868 735 882 765 ².
888 735 943 772 cona,
951 737 965 765 ⁶.

70 801 165 853 vivificet:
186 814 224 855 age
241 808 261 842 ct
273 815 311 843 nos
323 802 347 843 de
360 802 391 842 his
404 816 467 857 panea
482 802 616 858 disputemus3
638 816 678 843 uon
690 801 778 857 quodpa
791 813 825 840 res
837 798 861 840 ab

70 869 96 913 iis
108 870 196 928 perlecto
208 877 292 913 tractata
303 885 344 913 non
356 869 416 913 luerit
431 871 464 927 qui
475 877 522 913 anto
533 884 570 913 nos
583 870 685 913 dixerunt.
716 868 795 912 Furere
808 868 861 910 euim

70 939 124 983 illum
142 954 227 984 necessa
239 940 315 997 estqui
329 941 381 984 istud
398 948 483 983 asserat.
515 939 587 997 Neque
603 942 654 997 quod
670 941 752 983 doctore
764 953 814 996 opus
826 938 861 981 ha·

70 1010 142 1053 beatis.
173 1009 217 1053 Vos
235 1010 287 1052 cnim
306 1010 343 1067 ipsi
359 1010 456 1053 divinitus
473 1011 522 1053 estis
537 1010 610 1052 edocti.
640 1008 682 1053 Sed
694 1019 716 1053 ut
728 1010 752 1052 de
764 1010 822 1051 nobis
835 1009 861 1051 sit

70 1079 117 1122 illud
132 1079 154 1122 in
167 1080 290 1122 conscientia
306 1087 375 1122 vestra
390 1080 530 1133 manifestum,
553 1094 626 1136 cupere
641 1094 679 1122 nos
697 1079 778 1137 spiritus
796 1078 862 1121 saneti

71 1149 123 1191 dona
139 1149 286 1191 communicare
302 1150 414 1191 vobiscum.

113 1246 117 1253 x
128 1214 221 1272 lnprimis
231 1217 298 1272 itaque
309 1217 381 1268 crede,
398 1216 446 1258 nihil
458 1231 495 1258 neo
505 1217 525 1258 iu
536 1217 610 1258 ceteris
621 1217 733 1272 scripturae
744 1216 805 1267 tonis,
824 1230 862 1257 noc

70 1284 90 1326 in
103 1298 140 1337 en,
157 1286 181 1326 de
194 1298 233 1339 quo
245 1285 304 1326 modo
316 1285 405 1340 agimus,
421 1285 461 1326 ulla
471 1284 509 1326 sibi
520 1285 607 1326 invicem
618 1298 664 1326 esse
677 1285 788 1340 scripturae
799 1284 861 1324 verba

70 1353 184 1405 contraria3
201 1352 280 1393 tametsi
292 1352 317 1393 iis
329 1354 438 1404 duntaxat,
455 1353 488 1408 qui
499 1353 533 1394 vel
544 1366 592 1393 sana
605 1352 642 1393 lide
655 1352 739 1407 praediti
752 1366 793 1393 non
804 1356 859 1403 sunt,

71 1420 103 1462 vel
115 1419 251 1462 imbecillioris
263 1420 338 1475 ingenii
350 1427 408 1472 sunt,
425 1434 538 1476 repugnare
550 1419 663 1462 videamur.
694 1419 773 1461 Deinde
786 1420 860 1461 nullum

7 1540 9 1542 ,
69 1488 176 1531 inmundo
190 1488 302 1545 exemplum
317 1488 403 1545 reperiri
415 1503 475 1545 posse
491 1489 542 1545 quod
554 1489 578 1530 ad
591 1488 781 1545 repraesentandam
792 1488 862 1544 unige-

72 1557 109 1601 niti
120 1566 210 1602 naturam
225 1572 262 1615 per
273 1572 319 1601 sese
332 1557 424 1601 sufficiat.
456 1557 522 1615 Quam
534 1559 559 1601 ob
573 1573 663 1601 caussam
677 1559 776 1616 scriptura
790 1558 862 1601 multus

72 1628 127 1671 adid
139 1628 265 1686 excogitatas
279 1629 367 1672 rationes
378 1635 399 1671 et
413 1629 556 1686 appellationes
571 1630 720 1682 accommodat3
743 1628 809 1685 siquo
822 1629 862 1671 lor-

71 1706 127 1742 tasse
136 1699 196 1742 modo
209 1712 236 1741 cx
247 1698 289 1751 his,
311 1713 361 1756 quae
374 1698 432 1741 nobis
445 1700 551 1742 familiaria
565 1706 612 1740 sunt
622 1706 642 1741 ct
654 1700 746 1755 cognita,
767 1712 817 1754 quae
829 1712 863 1740 ca-

71 1776 126 1826 ptum
136 1776 226 1811 nostrum
236 1775 331 1825 superant
339 1767 509 1824 comprehendere
518 1767 626 1825 possimus,
642 1775 663 1810 ct
673 1783 701 1811 ex
710 1769 796 1823 cognitis
805 1769 863 1825 igno-

72 1845 135 1880 tarum
147 1851 214 1880 rerum
225 1836 334 1879 informare
344 1836 447 1889 notitiam,
463 1851 475 1878 a
488 1837 599 1894 perspicuis
610 1837 649 1879 illis
660 1836 781 1892 pedetentim
795 1838 819 1879 ad
830 1852 863 1879 ar-

73 1920 123 1948 eana
135 1906 252 1960 uootultaquc
263 1906 360 1961 perducti.
392 1903 452 1959 Quod
463 1905 525 1961 igitur
541 1906 623 1961 eosqui
639 1906 660 1947 in
674 1904 777 1948 Christum
792 1907 862 1947 crede·

73 1980 119 2015 rent
129 1974 212 2015 credere
225 1973 331 2027 oportebat
341 1973 425 2014 similem
441 1986 487 2014 csse
499 1974 560 2028 patris
573 1973 645 2024 filium,
666 1981 735 2029 utpote
752 1988 797 2014 cum
808 1973 862 2016 illius

73 2041 107 2096 qui
120 2054 179 2096 supra
191 2039 257 2081 omnia
268 2047 300 2080 cst
310 2040 375 2094 imago
388 2039 414 2080 sit
425 2039 458 2080 illc
469 2040 502 2094 qui
514 2040 605 2095 pervadit
615 2040 694 2092 omnia,
715 2048 736 2082 et
748 2054 807 2094 quern
817 2055 864 2096 pro-

74 2109 133 2150 ducta
144 2114 190 2150 sunt
200 2108 279 2160 omnia,
301 2107 372 2149 tamin
385 2106 442 2149 coelo
458 2122 515 2162 qnam
528 2107 549 2149 in
560 2114 626 2158 terra,
649 2107 716 2163 imago
733 2121 793 2163 porro
809 2108 863 2150 eius·

75 2176 126 2218 modi
139 2190 180 2218 non
191 2170 297 2232 qualis'est
305 2174 387 2217 animati
398 2176 473 2231 figura,
490 2176 509 2217 id
521 2175 573 2231 quod
586 2175 664 2216 animae
677 2182 709 2217 est
719 2189 806 2231 expers,
827 2190 863 2217 nc·

74 2259 113 2304 que
125 2245 181 2288 velut
191 2244 241 2287 artis
251 2243 344 2298 effectio,
365 2251 399 2287 aut
408 2244 519 2287 effectionis
531 2259 593 2303 opuS,
616 2245 650 2286 sed
662 2252 755 2302 tauquam
766 2244 864 2302 genitoris

74 2316 94 2359 id
106 2316 158 2373 quod
167 2314 255 2373 genitum
269 2322 311 2368 est,
334 2329 417 2372 cumque
433 2323 538 2373 praeterea
549 2316 606 2358 nolas
618 2315 645 2358 sit
655 2316 679 2358 ad
693 2315 790 2373 unigeniti
802 2331 864 2373 gene-

75 2386 184 2439 rationem,
205 2399 256 2441 quae
270 2385 356 2427 sacculis
372 2385 463 2428 omnibus
474 2386 529 2443 prior
544 2392 587 2438 est,
610 2400 720 2442 corporeae
733 2392 753 2427 et
766 2384 863 2428 humanae

75 2455 211 2513 generationis
230 2454 321 2511 proprias
337 2462 395 2497 notas
413 2455 577 2511 conditionesque
593 2457 714 2507 translerrc,
738 2469 762 2495 ac
779 2456 864 2511 denique

76 2539 120 2566 cum
132 2524 156 2566 ad
168 2523 277 2581 sapientiae
286 2523 339 2566 illius
350 2523 475 2579 exemplum,
499 2538 549 2580 quae
560 2523 656 2565 humanas
668 2523 799 2579 cogitationes
810 2540 864 2566 oom-

76 2593 181 2650 plectitur‚
196 2591 224 2633 ita
237 2591 272 2633 lilii
283 2593 309 2634 sit
321 2592 421 2648 exigenda
431 2593 536 2647 generatio
551 2600 572 2634 nt
584 2606 620 2648 per
628 2606 674 2633 sese
686 2592 782 2634 subsistat
793 2594 865 2635 nihilo-

76 2660 142 2703 miuus
153 2668 175 2702 et
185 2659 272 2702 existat:
288 2659 334 2701 idco
345 2659 439 2702 ambabus
447 2660 488 2702 illis
499 2660 631 2712 dictionibus,
647 2660 756 2702 creationis
768 2674 791 2702 ac
803 2675 865 2716 gene·

67 2729 173 2780 -rationis‚
195 2727 224 2770 uti
238 2727 336 2784 scriptura
349 2727 423 2778 voluit,
446 2742 490 2770 cum
503 2731 581 2769 Creauit
590 2728 672 2783 perinde
683 2729 734 2770 dixit
746 2743 770 2769 ao
783 2732 863 2780 Geraia·

77 2810 117 2837 non
127 2803 150 2837 ut
159 2797 228 2837 eadem
238 2796 262 2835 de
272 2808 294 2835 re
304 2795 362 2835 simul
373 2795 474 2835 contraria
484 2796 523 2836 diei
532 2797 645 2847 videantur,
662 2797 697 2836 sed
708 2803 729 2836 ut
738 2809 774 2851 per
783 2800 867 2836 Crenndi

77 2862 195 2905 vocabulum
207 2862 348 2904 subsistentem
359 2875 382 2902 ac
394 2861 484 2903 stabilem
497 2864 575 2904 unicum
589 2875 635 2903 essc
650 2863 681 2903 dci
695 2863 767 2914 lilium,
790 2877 826 2919 per
837 2864 866 2905 al-

77 2938 220 2983 removero,
243 2933 322 2980 (lenuit,
344 2928 439 2972 eximium
455 2944 480 2972 ac
496 2931 596 2987 peculiare
613 2930 704 2986 quiddam
721 2931 795 2973 habere
810 2947 866 2974 mon-

79 3007 150 3044 starct.
185 3002 240 3055 Ego,
260 2999 335 3057 inquit,
355 3000 408 3041 enini
421 3013 433 3040 u
447 3007 505 3054 putre
519 3008 539 3042 et
553 3001 607 3042 oudo.
645 2998 769 3057 Quamquam
785 3001 819 3044 vel
835 3016 867 3045 sa·
884 3010 937 3076 {pipp

77 3096 167 3139 tangendus
182 3105 218 3129 curn
232 3094 266 3139 τῆς
283 3092 353 3139 σοφίας;
373 3090 605 3140 ευὺίεοιαηιεειμονογενής,
623 3096 643 3128 de
655 3097 760 3129 enuntiatione
775 3099 855 3138 mammo.
902 3069 907 3085 ⁷
933 3067 938 3077 ·

685 3154 719 3197 9*
