1988 3392
458 195 541 230 SANGTI
552 194 669 229 EPIPHANH

209 390 369 427 ΑΝΤΙΓΡΔΨΟΝ
381 388 531 426 ΕΠΙΣΤΟΔΗΣ
543 389 704 430 ΜΔΡΚΕΔΛΟΥ,
718 391 751 426 ΟΝ
763 390 891 427 ΚΑΘΕΙΔΕΝ
902 392 921 428 Η

368 446 483 483 ΣΥΝΟΔΟΣ
494 445 571 481 XAPIN
582 445 759 487 ΕΤΕΡΟΔΟΞΙΑΣ.

77 533 123 578 Κεφ.
135 528 157 577 β’.
230 532 263 588 Τῷ
280 526 425 585 μακαριωτάτη)
443 529 587 585 συλλειτουργῷ
603 525 679 585 Ἰουλίῳ
697 526 817 586 Μάρκελλος
833 529 855 572 ἐν
873 532 953 589 Χριστῷ

169 600 251 654 χαίρειν.
640 607 642 611 “

227 665 307 721 Ἐπειδή
323 681 374 714 τινες
390 668 430 707 τών
445 664 628 721 καταγνωσθέντων
645 664 742 722 πρότερον
759 667 792 709 ἐπὶ
806 670 834 725 τῷ
844 664 873 721 μη
885 663 954 722 άρθώς

170 733 281 787 πιστεύειν,
302 733 338 783 οῦς
348 731 386 789 ἐγώ
399 734 456 791 ἐντῇ
466 731 517 775 κατά
529 735 618 776 Νικαίαν
632 733 712 792 συνόδῳ
728 732 831 792 διηλεγξα,
850 732 894 779 κατ’
905 736 955 790 ἐμοῦ

169 803 248 862 γράψαι
257 807 282 863 τῇ
291 804 396 860 θεοσεβείᾳ
407 815 444 844 σου
456 800 576 857 ἐτόλμησαν,
592 800 620 853 ώς
629 799 656 845 dlv
667 805 717 858 ἐμοῦ
729 802 756 859 μη
768 803 849 860 ὀρθοῖς,
865 803 914 859 μήτε
924 806 955 848 έκ-

169 876 312 928 κλησιαστικῶς
330 875 465 927 φρονοῦντες,
486 869 508 914 τδ
527 872 604 914 ἐαυτών
622 872 709 928 ἔγκληρον
726 874 755 923 είς
769 873 803 927 ἐμὲ
821 877 954 928 μετατεθῆναι

170 940 324 993 σπουδάζοντες,
345 938 419 984 τοῦτο-υ
434 941 500 983 ἕνεκεν
517 938 626 996 άναγκαῖον
636 938 742 997 ἡγησάμην
752 939 870 995 άπαντήσας
880 943 908 992 είς
919 940 955 997 την

169 1008 245 1066 Ῥώμην
255 1008 371 1065 ῦπομνῆσαί
381 1024 413 1061 σε,
434 1010 468 1051 ἵνα
477 1007 525 1058 τοῦς
536 1007 578 1052 κατ’
589 1010 640 1064 ἐμοῦ
650 1008 769 1066 γράψαντας
781 1013 893 1070 μεταστείλη
904 1008 954 1068 ῦπέρ

170 1083 206 1123 τοῦ
221 1077 390 1132 ιάπαντησαντας
402 1075 477 1127 αῦτοῦς
493 1074 524 1120 ἐπ’
536 1077 659 1133 ἀμφοτέροις
669 1080 786 1135 ἐλεγχθῆναι
796 1076 830 1122 ὕπ’
843 1081 904 1133 ἐμοῦ,
924 1078 955 1123 ὅτι

133 1151 134 1154 '
170 1166 191 1192 τε
201 1147 381 1204 καὶδγεγράφασι
396 1144 439 1189 κατ’
452 1147 513 1200 ἐμοῦ,
533 1148 602 1200 ψευδῆ
616 1144 664 1189 άντα
674 1145 776 1204 τυγχάνει,
796 1148 830 1191 καί
842 1147 873 1191 ῦτι
883 1150 911 1191 ἐτι
920 1150 955 1191 καὶ

170 1223 207 1261 νῦν
217 1216 334 1271 ἐπιμένουσι
344 1220 368 1274 τῇ
379 1215 458 1257 ἑαυτῶν
469 1214 556 1272 προτέρμ
566 1213 645 1273 πλάνη,
663 1217 699 1258 καὶ
710 1214 766 1259 δεινά
775 1215 826 1259 κατά
836 1233 857 1259 τε
867 1222 908 1260 τών
918 1222 954 1260 τοῦ

170 1290 223 1330 θεοῦ
235 1287 344 1338 ἐκκλησιῶν
353 1284 387 1327 καὶ
398 1281 456 1338 ἡμῶν
464 1287 504 1325 τών
514 1281 645 1338 προεστώτων
654 1283 721 1326 αῦτοῦν
730 1283 878 1339 τετολμήκασιν.
899 1283 955 1328 Ἐπεὶ

169 1358 238 1398 τοίνυν
245 1351 359 1406 άπαντῆσαι
367 1350 405 1395 οῦκ
416 1350 584 1405 ἳήβοοληθησαν,
599 1351 753 1402 άποστείλαντιίς
763 1368 800 1396 σου
807 1354 955 1410 πρεσβυτέρους

170 1421 222 1479 πρδς
235 1420 320 1471 αῦτοῦς,
343 1422 378 1463 καὶ
394 1425 457 1463 ταῦτα
471 1422 521 1473 ἐμοῦ
537 1420 628 1463 ἐνιαοτδν
642 1422 676 1464 καὶ
688 1427 740 1478 τρεῖς
750 1420 810 1472 ὅλους
823 1427 887 1476 μῆνας
899 1424 921 1465 ἐν
930 1428 954 1482 τῇ

168 1490 234 1550 Ῥώμη
249 1487 394 1543 πεποιηκότος,
415 1487 525 1543 άναγκαῖον
540 1486 654 1544 ἡγησάμην,
677 1491 751 1543 μέλλων
766 1492 859 1533 ἐντεῦθεν
876 1492 954 1542 ἐξιέναι,

170 1557 274 1617 ἐγγραφόν
292 1573 324 1600 σοι
340 1555 376 1611 τὴν
390 1558 478 1611 ἐμαυτοῦ
493 1559 560 1599 πίστιν
576 1554 624 1611 μετά
641 1555 707 1611 πάσης
719 1557 815 1613 άληθείας
827 1563 853 1618 τῇ
864 1560 953 1613 ἐμαυτοῦ

170 1630 220 1684 χειρὶ
238 1626 319 1684 γράψας
335 1627 448 1678 ἐπιδοῦναι,
470 1624 496 1680 ἣν
511 1626 600 1679 ἐμαθον,
620 1626 642 1668 ἐκ
658 1642 679 1668 τε
690 1631 730 1669 τών
742 1629 805 1669 θείων
820 1633 905 1684 γραφῶν
915 1629 953 1671 ἐδι-

171 1696 262 1753 δάχθην,
284 1696 319 1737 καὶ
335 1698 376 1736 τών
392 1698 460 1744 κακῶς
475 1691 509 1736 ὑπ’
524 1693 591 1736 αῦτῦν
604 1695 716 1750 λεγομένων
733 1692 849 1750 ῦπομνῆσαί
863 1710 897 1749 σε,
919 1698 954 1754 ἵνα

170 1770 224 1824 γνῷς
237 1762 267 1814 οἷς
279 1762 378 1820 χρώμενοι
389 1762 441 1820 πρῦς
455 1760 534 1817 άπάτην
548 1768 589 1805 τῦν
603 1761 719 1806 άκουάντων
731 1764 798 1820 λόγοις
809 1762 846 1819 την
857 1762 955 1820 άλὴθειαν

170 1832 265 1891 κρῦπτειν
276 1830 387 1887 βούλονται.
419 1832 472 1873 Φασὶ
483 1830 520 1886 γάρ
532 1829 560 1885 μη
570 1833 623 1873 ἰ’διον
633 1832 666 1874 καὶ
678 1828 776 1885 άληθινδν
786 1831 847 1888 λόγον
857 1831 908 1876 εἶναι
917 1838 955 1876 τοῦ

170 1899 334 1956 παντοκράτορος
344 1904 397 1942 θεοῦ
408 1897 443 1941 τάν
455 1896 501 1941 υίδν
514 1897 549 1941 τάν
559 1897 630 1954 κῦριον
643 1896 700 1953 ἧμών
710 1897 788 1954 Ἰησοῦν
801 1899 899 1957 Χριστάν,
915 1899 956 1944 ἄλλ’

171 1972 238 2024 ἕτερον
250 1968 314 2011 αὐτοῦ
325 1966 386 2023 λόγον
397 1964 458 2019 εἶναι,
480 1968 514 2010 καί
525 1967 592 2021 έτέραν
602 1971 688 2020 σοφίαν,
707 1967 845 2022 καδδύναμιν.
879 1974 956 2012 Τοῦτον

170 2037 278 2095 γενόμενον
289 2034 324 2078 ὑπ’
334 2033 397 2078 αῦτοῦ
406 2034 526 2088 ω’νομάσθαι
534 2034 601 2090 λόγον,
617 2037 651 2077 καὶ
662 2039 747 2088 σοφίαν,
762 2037 797 2079 καὶ
808 2036 906 2091 δύναμιν,
920 2039 955 2080 καὶ

171 2105 205 2149 διά
214 2104 237 2149 τά
249 2104 313 2155 οῦτως
324 2102 397 2154 αῦτοῦς
407 2109 501 2161 φρονεῖν,
522 2102 582 2158 άλλην
592 2101 703 2147 ῦπάστασιν
715 2106 822 2148 διεστῶσαν
833 2110 870 2149 τοῦ
881 2105 957 2161 πατρδς

171 2172 222 2217 εἶναί
235 2187 303 2225 φασιν.
326 2172 372 2215 Ἔτι
388 2174 424 2226 μέν
439 2189 470 2214 τοι
485 2173 520 2215 καὶ
535 2173 672 2228 προϋπάρχειν
687 2177 723 2215 τοῦ
738 2174 785 2215 υίοῦ
795 2172 831 2216 τάν
843 2176 919 2231 πατέρα
931 2173 956 2217 δι’

172 2237 201 2285 ὧν
210 2240 323 2298 γράφουσιν
334 2238 490 2292 άποφαίνονται,
508 2240 558 2282 3καὶ
570 2239 597 2293 μή
608 2237 660 2282 εἶναι
668 2238 730 2283 αῦτδν
739 2239 821 2295 άληθῶς
831 2240 877 2285 υἷδν
887 2243 909 2286 ἐκ
919 2247 955 2285 τοῦ

146 2307 149 2312 ’
171 2314 229 2353 θεοῦ.
258 2306 315 2351 Ἀλλά
326 2307 365 2351 κάν
376 2309 466 2363 λέγουσιν
476 2309 498 2351 ἐκ
509 2312 545 2350 τοῦ
562 2312 623 2360 θεοῦ,
644 2308 708 2358 οῦτως
723 2309 814 2364 λέγουσιν
827 2307 855 2360 ώς
867 2309 955 2354 ἰκαίτά

172 2378 245 2421 πάντα.
267 2374 314 2418 Ἔτι
326 2375 367 2431 μὴν
379 2377 413 2419 καὶ
429 2376 461 2420 ὅτι
472 2371 498 2431 ἦν
509 2392 557 2419 ποτε
573 2375 622 2419 ὄῦτε
639 2375 678 2419 οῦκ
692 2371 718 2431 ἦν
728 2377 791 2434 λέγειν
804 2382 900 2433 τολμῶσι,
920 2380 956 2423 καὶ

172 2450 244 2501 κτίσμα
257 2443 319 2488 αῦτδν
334 2446 369 2488 καὶ
379 2447 456 2500 ποίημα
469 2443 530 2498 εἶναι,
553 2447 670 2501 διορίζοντες
685 2443 746 2488 αῦτδν
761 2444 802 2489 άπδ
821 2451 858 2489 τοῦ
872 2446 954 2504 πατρίς.

176 2514 229 2565 Τοῦς
240 2509 278 2557 οῦν
287 2519 349 2557 ταῦτα
357 2515 449 2570 λέγοντας
460 2513 573 2570 άλλοτρίους
583 2518 619 2568 τῆς
628 2518 739 2568 καθολικῆς
749 2515 853 2569 ἐκκλησίας
863 2513 913 2559 εἶναι
922 2533 956 2560 πε·

172 2584 283 2638 πίστευμαι.
315 2581 407 2626 Πιστεῦω
419 2583 439 2626 δὲ
450 2581 547 2638 ἑπόμενος
556 2587 599 2632 ταῖς
608 2585 673 2633 θείαις
685 2588 773 2640 γραφαῖς
783 2582 814 2627 ῦτι
824 2581 853 2635 εἷς
861 2582 912 2635 θεδς
921 2587 956 2629 καὶ

173 2651 269 2696 ὄτοῦτου
279 2651 389 2709 μονογενὴς
400 2650 444 2703 υἱδς
453 2651 521 2710 λόγος,
541 2648 595 2695 δάεὶ
607 2650 737 2707 συνυπάρχων
747 2656 774 2709 τῷ
784 2653 856 2709 πατρὶ,
875 2654 910 2697 καί
918 2671 955 2710 μη-

173 2720 277 2765 δεπώποτε
292 2719 355 2777 ἀρχὴν
370 2725 406 2763 τοῦ
420 2719 470 2764 εἶναι
486 2718 582 2776 ἐσχηκώς,
603 2718 685 2775 άληθῶς
699 2721 722 2764 ἐκ
736 2724 773 2764 τοῦ
787 2724 839 2765 θεοῦ
851 2718 955 2780 ῦπάρχων,

197 2861 237 2894 Gn.
246 2862 268 2893 11.
280 2879 304 2885 -
328 2859 342 2893 1.
354 2861 399 2893 Libri
412 2863 459 2904 νυλρο
473 2855 551 2903 ἅπαντά·
596 2860 612 2894 3.
625 2859 655 2895 καλ
669 2862 777 2902 particulam,
795 2869 836 2902 φατι
849 2863 897 2905 vulgo
912 2864 956 2898 abest

174 2918 237 2946 σαιτος.
261 2908 308 2948 Quod
319 2908 376 2940 νλιίαυι
388 2908 474 2940 Carnarius
484 2908 507 2951 (in
516 2916 552 2940 ver·
574 2907 650 2946 (subtis,
668 2909 760 2948 οοιοιμλοιη
773 2907 956 2948 εμλλαοαῇἳνοουωιλῑ

172 2956 215 2987 sione
225 2955 285 2997 λολὶηο)
295 2956 310 2987 ολ
321 2955 397 2987 Petamus
406 2955 506 2987 ενελαλααυλ,
571 2954 807 3000 υεοειεδιαλιο,ελιοονίοολατα
812 2957 889 2989 revocavi.
901 2957 955 2990 Etiam

195 3000 212 3033 λ.
224 2997 343 3043 ηκολούλησαι
355 3000 389 3033 cod.
401 3000 466 3042 λλλαλίφ.
