1988 3392
183 214 209 256 18
474 222 556 257 SANGTI
569 222 682 258 EPIPHANH

182 302 330 358 ἀποβλέπουσι,
350 303 385 346 καὶ
396 300 421 346 τοί
432 297 473 346 τάτα
485 302 548 347 αύτοῦ
560 304 588 353 εἰς
597 304 664 359 δέησιν
678 300 754 346 αὐτῶν·
769 302 815 355 καί,
832 301 883 358 Χείρ
895 303 968 357 κυρίου

183 374 263 427 ἐποίησε
277 376 339 414 ταῦτα
356 371 430 415 πάντα
452 374 497 424 καί,
522 370 573 427 Ούχὶ
586 370 600 426 ἡ
612 376 651 429 χείρ
667 389 706 427 μου
721 374 801 426 ἐποίησε
817 375 879 414 ταῦτα
895 369 967 421 πάντα,

183 439 360 496 σκληροτράχηλοι,Ι
375 443 420 493 καὶ,
435 439 458 483 Ὁ
470 439 556 497 ούρανός
568 458 601 494 μοι
610 440 696 495 θρόνος,
712 438 725 495 ἡ
737 441 759 483 δὲ
769 444 794 497 γῆ
804 436 920 482 ύττοπόδιον
928 443 969 481 τῶν

183 510 253 550 ποδῶν
264 525 316 561 μου,
338 508 421 550 καὶύσα
435 512 517 550 τοιαῦτα
532 509 579 561 περὶ
593 514 645 550 θεοῦ
658 509 778 563 γέγραπται,
797 505 883 558 καὶίίτι,
904 504 968 548 Εἶδον

96 589 170 626 pagan.
182 572 218 616 τόν
233 574 304 629 κύριον
315 574 408 629 Σαβαοίθ
424 574 541 628 καθήμενον
557 575 591 616 ἐπὶ
602 574 683 630 θρόνου
697 572 779 628 ύψηλοῦ
795 574 829 615 καί
846 574 967 632 ἐπηρμένου,

183 642 218 683 καὶ
230 644 257 696 ἠν
268 640 282 695 η
292 641 369 696 κεφαλή
385 641 448 683 αὐτοῦ
460 639 506 691 τίςεί
519 643 574 696 ἔριον
586 639 667 692 λευκόν,
688 641 722 682 καί
734 640 756 682 τό
766 638 893 694 περιβόλαιον
905 639 969 681 αύτοῦ

184 706 229 759 αίςεὶ
245 708 299 765 χιοίν.
330 711 371 752 Καὶ
383 707 444 768 δρᾷς,
466 710 527 764 φησί,
548 713 592 758 πῶς
606 705 682 751 ἐστιτδ
699 712 756 762 σῶμα
769 706 812 750 κατ’
822 706 890 750 εἰκόνα
905 711 968 758 θεοῦ;

183 781 218 823 καί
230 780 267 823 εἰσι
278 777 316 823 κάν
326 777 390 839 τούτῳ
403 777 552 830 ἀντιπίπτοντος
562 778 597 822 καὶ
606 775 721 835 βιαζόμενοι
729 774 780 835 ύπίρ
792 775 878 833 δύναμιν
888 775 969 835 ἀνθρω-

184 852 252 902 πείαν,
271 846 375 908 1κόίντῷ,
390 847 466 904 ’Ώφθη
478 847 549 907 κύριος
559 854 601 898 τοῖς
613 846 734 905 προφήταις.
764 848 805 891 Καὶ
816 845 880 903 α’ίφθη
892 849 969 903 μέντοι

184 916 212 969 τίς
224 919 321 974 ἠθέλησε,
341 917 428 969 δυνατός
445 917 473 961 σίν
483 920 505 962 ἐν
517 917 590 971 ἀπασι,
613 919 647 961 καί
660 917 698 961 οῦκ
711 915 829 973 ἀρνούμεθα
843 916 875 961 δτι
886 914 940 959 εἶδον
950 917 971 959 οί

183 992 287 1042 προφῆται
304 986 367 1039 θεόν,
389 985 414 1030 ού
430 986 492 1041 μόνον
507 987 528 1030 δὲ
543 989 564 1030 οί
575 992 690 1041 προφῆται,
711 985 760 1029 ἀλλά
774 987 808 1029 καί
824 987 845 1028 οί
856 984 969 1028 ἀπόστολοι.

185 1056 239 1107 Φησί
249 1053 287 1110 γάρ
298 1052 310 1096 ό
321 1054 378 1111 ἀγιος
388 1056 494 1107 Στέφανος
506 1053 518 1097 δ
528 1053 683 1110 πρωτόμαρτυς,
697 1051 761 1105 Ἰδού,
782 1051 824 1109 δρῶ
836 1052 871 1096 τόν
882 1051 969 1106 ούρανόν

183 1119 320 1177 ἀνεῳγμένον,
340 1123 374 1163 καί
386 1121 421 1163 τόν
432 1120 478 1163 υἱόν
489 1126 526 1162 τοῦ
538 1121 653 1175 ἀνθρώπου
669 1122 691 1162 ἐκ
703 1123 773 1170 δεξιῶν
785 1122 859 1162 ἑστῶτα
870 1124 907 1161 τοῦ
918 1123 969 1160 θεοῦ

182 1188 217 1229 καὶ
234 1186 315 1242 πατρός.
342 1187 401 1229 Ἀλλά
416 1192 440 1245 τῇ
459 1189 500 1245 ἰδίη
516 1186 600 1240 δυνάμει
615 1185 665 1235 θεός
680 1184 693 1228 ό
708 1185 832 1242 ίπανάγιος,
855 1191 970 1241 φιλανθρω-

183 1254 294 1308 πευόμενος
307 1253 330 1296 τό
343 1257 394 1298 ίδιον
406 1253 496 1309 πλάσμα,
520 1257 570 1297 3ίνα
585 1254 613 1310 μή
624 1271 675 1304 τινες
685 1258 725 1296 τῶν
736 1252 827 1297 ἀπίστων
841 1257 937 1308 νομίσωσι
945 1251 970 1295 τά

182 1323 228 1381 περί
238 1327 290 1367 θεοῦ
300 1324 363 1382 λέγειν
377 1321 427 1368 εἶναι
439 1321 507 1375 άπλῦς
521 1322 584 1384 λόγῳ,
605 1325 640 1368 καί
651 1320 689 1368 οῦκ
701 1319 798 1384 ἀληθείη,
813 1323 847 1375 καί
859 1324 897 1375 ἕως
907 1322 969 1381 λόγου

182 1396 279 1438 ἵστασθαι
291 1392 313 1438 τό
325 1393 376 1440 κατά
388 1393 450 1448 θεόν,
470 1397 503 1439 καί
520 1393 547 1451 μὴ
558 1400 648 1452 πληροῦν
660 1393 683 1438 τό
695 1392 749 1449 παρά
760 1400 788 1455 τῷ
802 1393 906 1454 ἀποστόλῳ
918 1395 969 1451 είρη-

182 1464 254 1518 μόνον,
270 1463 301 1507 ίίτι
310 1466 342 1506 δεῖ
350 1464 386 1508 τόν
395 1464 553 1520 προςερχόμενον
564 1470 607 1523 θεῷ
618 1463 718 1508 πιστεύειν
729 1463 761 1508 ότι
772 1466 857 1507 ἐστικαὶ
868 1469 911 1514 τοῖς
923 1461 969 1520 ἀμα-

182 1536 249 1575 πῶσιν
261 1530 323 1574 αύτδν
339 1531 492 1587 μισθαποδότης
506 1536 585 1590 γίνεται.
607 1532 653 1575 Ἵνα
670 1527 707 1575 οῦν
722 1530 871 1592 παραθαρσύνη
886 1531 921 1575 τόν
936 1529 970 1574 ύπ’

183 1599 247 1643 αύτοῦ
260 1603 399 1654 πεπλασμένον
414 1600 537 1655 ἀνθρωπον,
557 1607 599 1650 τοῖς
616 1599 681 1657 άγίοις
697 1598 760 1643 αύτοῦ
775 1602 810 1643 καί
821 1598 884 1651 ἀξίοις
897 1599 969 1643 ἑαυτόν

182 1665 319 1710 ἀποκαλύπτει
333 1668 393 1720 θεός,
413 1671 446 1711 ίνα
457 1671 515 1711 ἰ’δωσι
527 1668 586 1721 φύσει
599 1667 660 1719 θεόν,
681 1669 716 1710 καὶ
727 1672 867 1722 θεμελιωθῶσι
877 1666 915 1721 τὴν
926 1666 969 1710 διαί-

181 1751 249 1785 νοιαν,
264 1736 299 1776 καὶ
311 1736 416 1777 ἐλπίσωσιν
428 1738 449 1777 ἐν
459 1734 555 1792 ἀληθείᾳ,
576 1737 611 1776 καί
623 1734 736 1789 κηρύξωσιν
748 1735 810 1777 αὐτόν
822 1735 915 1789 ἀληθῶς,
935 1735 970 1776 καί

181 1800 339 1854 πιστοποιῆσωσι
349 1800 385 1843 τόν
395 1800 466 1843 πιστόν
477 1801 595 1857 ἀνθρωπον·
617 1793 644 1850 εδς
657 1801 724 1853 ἀμέλει
736 1803 771 1842 καὶ
785 1803 806 1842 οί
815 1799 912 1854 Ἑλλήνων
924 1806 970 1842 παῖ-

182 1870 216 1916 δες
228 1870 294 1922 ἔχουσι
311 1870 357 1923 περὶ
368 1873 421 1911 θεοῦ
437 1870 475 1918 ἕως
484 1868 545 1925 λόγου
558 1885 578 1910 τε
589 1870 624 1911 καί
635 1872 752 1920 φαντασίας.
781 1865 848 1922 Ἡμεῖς
857 1869 878 1911 δὲ
888 1866 970 1922 ἀληθοῦς

182 1934 235 1980 θεόν
255 1935 381 1992 ἐπιστάμεθα
399 1936 481 1993 ἀληθῆ,
508 1939 543 1982 καί
560 1935 609 1982 ίίντα
628 1934 711 1993 ἀληθῶς
729 1935 863 1982 ἔνυπόστατον
883 1937 971 1994 βασιλέα,

183 2005 336 2062 ἀκατάληπτον,
357 2006 443 2064 ποιητὴν
453 2013 493 2052 τῶν
504 2007 570 2062 όλων,
590 2009 625 2052 ἕνα
636 2006 697 2062 θεόν,
715 2009 750 2052 καί
761 2009 781 2060 ἐξ
792 2006 855 2053 αύτοῦ
864 2007 900 2053 τόν
912 2026 970 2065 μονο-

183 2081 231 2132 γενῆ
245 2075 306 2129 θεόν,
327 2079 348 2120 ἐν
360 2078 428 2120 οὐδενί
443 2078 583 2121 διαλλάττοντα
599 2083 637 2121 τοῦ
651 2075 738 2134 πατρός,
759 2076 827 2121 καὶτό
838 2076 970 2135 ἀμουαύτοῦ

182 2150 271 2201 πνεῦμα,
292 2146 355 2200 μηδὲν
371 2145 411 2190 ἀπό
424 2147 500 2202 πατρός
512 2149 548 2190 καί
564 2147 611 2188 υἲοῦ
628 2145 772 2189 4διαλλάττον·
794 2144 821 2196 ὥς
836 2149 871 2190 καί
883 2149 904 2191 ἐν
914 2146 970 2207 πάση

183 2215 256 2268 αἱρέσει
275 2214 372 2269 περὶτῆς
387 2213 438 2256 κατά
453 2214 503 2257 θεόν
523 2217 608 2263 πίστεως
631 2213 664 2255 διά
686 2219 761 2257 πολλοῦ
780 2214 921 2269 ἐποιησάμεθα
934 2214 970 2258 τόν

183 2279 248 2335 λόγον.
914 2275 916 2278 ’

94 2366 171 2411 mg·
241 2347 283 2387 Καὶ
298 2345 329 2387 δ’τι
343 2348 379 2399 μὲν
391 2346 455 2399 άίφθη
467 2345 517 2395 θεός
528 2345 647 2400 ἀνθρώποις
661 2346 756 2396 πολλάκις
772 2349 864 2401 ε’ίπομεν,
885 2350 970 2391 καὶούκ

182 2412 305 2466 ἀρνούμεθα.
333 2410 380 2454 Ἐάν
393 2412 430 2468 γάρ
449 2412 631 2467 ἀρνησαίμεθατάς
648 2416 706 2462 θείας
720 2413 811 2468 γραφάς,
832 2412 916 2468 ἀληθεῖς
931 2413 970 2457 οῦκ

183 2480 254 2533 ἐσμεν,
274 2479 309 2522 καί
326 2476 460 2535 εῦρισκόμεθα
478 2482 607 2531 ἐκπίπτοντες
624 2485 660 2535 τῆς
673 2478 779 2535 ἀληθείας,
799 2479 813 2535 ἢ
828 2480 865 2537 τήν
882 2479 970 2526 παλαιάν

183 2547 286 2605 διαθήκην
300 2546 428 2604 ἐκβάλλοντες
442 2546 509 2594 ούκίτι
525 2548 584 2606 ε’σμέν
595 2553 631 2606 τῆς
641 2554 754 2607 καθολικῆς
766 2551 876 2607 ἐκκλησίας.
908 2549 936 2595 Τό
949 2549 971 2595 δὲ

97 2640 171 2680 mm·
183 2617 297 2676 εὐαγγέλιον
314 2620 364 2676 ἐφη,
387 2618 437 2664 Θεόν
454 2620 522 2672 οὐδεὶς
541 2618 624 2665 πιίποτε
641 2620 739 2678 ἓοίρακευ,
760 2618 772 2665 δ
788 2620 899 2679 μονογενής
920 2620 970 2674 θεός

183 2687 245 2739 αύτός
259 2687 373 2745 ἐξηγήσατο.
403 2691 445 2732 Καὶ
455 2690 515 2734 πάλιν
526 2689 540 2745 ἡ
551 2688 603 2746 αῦτη
615 2693 663 2734 θεία
674 2689 743 2747 γραφὴ
753 2689 794 2742 ότι,
810 2689 886 2747 ’Ώφθη
897 2690 909 2736 o‘
919 2690 971 2743 θεός

183 2762 211 2816 τῷ
224 2756 315 2813 Ἁβραάμ
330 2757 373 2801 ἀντι
383 2760 404 2801 ἐν
416 2763 441 2817 τῇ
453 2761 607 2816 Μεσοποταμία.
638 2760 680 2801 Καὶ
690 2756 752 2810 αύτός
764 2757 777 2803 ό
787 2758 858 2815 κύριος
868 2761 889 2803 ἐν
899 2764 927 2818 τῷ
938 2758 969 2803 εῦ·

183 2830 266 2884 αγγελίμ
282 2824 324 2878 δτι,
348 2828 376 2881 Οἵ
386 2824 462 2882 ἀνηελοι
473 2827 549 2870 τούτων
560 2824 621 2882 ύροῦσι
636 2825 659 2869 τό
669 2827 779 2882 πρόςωπον
794 2831 830 2869 τοῦ
843 2826 919 2884 πατρός
930 2845 969 2882 μου

207 2908 565 2960 οιι.ιῚ.-1.κάιτῷεοτι“μα“ριοιιαὶ
611 2917 628 2951 3.
647 2917 674 2952 ῗια
691 2920 749 2951 excidit
763 2920 784 2950 ab
800 2918 825 2950 ed.
840 2919 896 2952 Ροίαυ.
916 2920 969 2953 Gelon.

183 2957 214 3001 τὸ,
227 2962 269 3000 quod
282 2961 329 2999 υυίμο
340 2964 389 2992 emat.
587 2965 635 3002 repet.

184 3000 322 3080 θάζηῑιηαράγιις
341 3006 387 3038 codd.
405 3014 442 3037 mss.
467 3004 565 3049 πανάγαδος
610 3005 628 3039 4.
640 3002 745 3041 διαλλάττων
757 3006 782 3039 ed.
794 3007 849 3039 Ρειαν.

204 3057 222 3079 Η
240 3057 275 3080 ΙΝ.
