1988 3392
271 233 366 270 canaan
377 234 558 272 manturanum.
570 234 639 271 nana.
648 234 740 271 axxvu.
854 226 896 271 389

109 325 210 378 pravatam
221 318 274 361 illam
286 318 394 375 significari
404 319 462 371 volo,
479 321 513 362 sed
524 324 570 363 'cam
580 333 631 377 qnae
642 319 666 362 ad
677 319 773 363 honestos
784 320 837 363 ritae
847 335 896 363 usus

108 387 212 443 officiaque
227 388 347 444 requiritur,
369 401 459 444 quaeque
473 389 521 431 nihil
533 389 593 432 hahet
609 389 661 445 quod
674 388 797 431 divinitatem
810 404 850 431 non
862 390 896 431 de-

109 455 175 508 ceat),
198 454 232 511 qui
247 456 326 497 tandem
345 455 434 508 esurire,
457 457 490 498 vel
507 458 592 500 esuriem
608 458 698 514 cogitare
712 457 790 513 potuit?
819 456 896 499 Dolore

108 537 158 566 vero
170 524 268 578 quomodo
280 523 343 579 potuit
354 524 416 575 affici,
437 524 455 565 si
466 524 530 574 anima
542 532 609 567 mente
621 540 643 567 ac
656 525 790 568 ratiocinandi
802 526 896 567 facultate

109 591 202 633 destituta
215 591 285 642 luerit,
298 599 324 631 ut
337 599 371 632 aut
382 591 467 632 rationis
477 605 552 647 expers
563 600 628 643 esset,
652 600 686 634 aut
696 592 783 634 animam
795 606 841 632 caro
852 593 897 633 unl-

109 659 146 701 lam
158 657 254 699 haberet?
284 654 346 699 Certe
356 658 372 699 si
386 659 482 699 eiusmodi
492 658 541 712 luit,
558 659 626 700 dolore
637 660 692 701 nullo
701 659 735 702 vel
745 672 838 700 moerore
849 672 897 700 con-

108 725 160 770 trahi
177 725 247 784 potuit.
279 724 331 770 Sunt
347 733 367 770 et
384 727 422 769 alia
441 727 522 785 generis
539 727 627 770 eiusdem
645 727 799 785 quamplurima3
824 726 895 784 quihus

108 798 174 843 animo
184 798 333 856 comprehensis
346 798 495 855 intelligendum
508 798 555 842 illud
568 798 624 843 nohis
637 806 681 852 cst,
704 797 801 842 eiusmodi
815 797 895 841 cavilla·

108 869 174 912 tiones
189 877 208 910 et
220 869 309 924 argutias
326 868 396 910 inanes
410 883 433 910 ac
447 882 607 926 supervacaneas
625 882 683 921 esse,
705 876 725 911 et
735 869 759 911 ad
771 869 849 911 illorum
867 869 896 910 te·

108 938 188 980 rieudos
203 938 280 979 animos
291 945 390 994 spectare
404 938 480 993 potius,
503 938 536 993 qni
549 939 600 979 ultra
617 952 675 992 quam
690 952 726 994 par
741 945 771 979 est
785 939 859 980 efferre
871 951 895 981 se

107 1005 235 1060 intelligendo
255 1006 335 1057 volunt,
361 1020 425 1061 neque
441 1019 463 1047 se
482 1019 506 1046 eo
523 997 588 1047 metiri
605 1006 684 1047 modulo
700 1020 723 1047 ac
739 1020 845 1057 mensura,
870 1006 895 1048 ad

108 1087 165 1128 quam
182 1086 218 1114 nos
233 1073 370 1114 sanctissimus
388 1073 478 1114 hortatur
496 1074 610 1128 apostolus,
634 1087 678 1114 cum
694 1073 723 1114 sic
738 1073 842 1114 admonet:
864 1076 990 1119 Nemaea.

107 1142 204 1192 sopiamus
216 1148 351 1192 praeterquam
366 1143 418 1192 quod
430 1148 507 1192 oportet
518 1155 592 1192 supere.

165 1206 247 1249 Atenirn
261 1207 366 1249 nonnullas
382 1207 493 1263 scripturae
505 1207 563 1250 nohis
574 1206 705 1250 auctoritates
718 1206 821 1249 ohiiciunt.
853 1203 895 1249 Cu·
927 1215 967 1258 cap.

110 1277 194 1321 iusmodi
206 1276 259 1320 istud
270 1284 312 1320 cst:
334 1279 376 1319 Nos
387 1285 449 1319 actem
460 1285 538 1320 mentem
549 1279 625 1320 Christi
632 1277 732 1328 hahemus,
754 1284 786 1332 et,
804 1261 992 1346 Wdsstnhrhll'ifl

108 1349 211 1406 inquiunt,
234 1351 309 1390 Christi
324 1358 561 1391 mentemonostrocssc
577 1352 687 1391 dahersom?
715 1346 896 1392 (imirilicamho-

108 1419 182 1461 minum
193 1417 323 1474 imperitiam!
354 1417 408 1460 Nam
421 1419 445 1460 ad
456 1420 508 1475 quod
520 1418 591 1474 cuique
602 1418 678 1460 lihitum
688 1425 720 1460 cst
730 1419 841 1475 scripturae
852 1432 896 1461 ser-

108 1501 178 1529 mones
191 1487 339 1539 accommodat,
356 1495 377 1528 et
388 1487 408 1528 in
424 1501 462 1543 quo
479 1487 561 1529 callidus
574 1493 593 1528 et
606 1493 688 1542 argutus
704 1501 750 1529 esse
761 1488 852 1540 videtur,
873 1487 895 1528 in

108 1569 133 1596 eo
143 1555 187 1609 ipso
199 1555 253 1596 rudis
265 1562 324 1609 atque
334 1555 438 1611 imperitus
449 1555 547 1596 cernitur.
578 1553 658 1596 Etenim
670 1555 721 1609 quod
732 1556 756 1596 ad
768 1569 805 1596 nos
815 1555 894 1606 attinet,

109 1622 141 1675 qui
155 1625 241 1673 imperiti
249 1636 336 1661 sermone
348 1636 424 1669 somus,
447 1625 587 1669 conscientiis,
609 1622 744 1675 utiscriptnm
757 1629 799 1673 est,
822 1623 994 1677 qtriqueaooraa,

108 1694 129 1729 ct
141 1688 253 1729 mediocres
267 1688 372 1729 admodum
384 1701 467 1739 sumus,
484 1695 504 1728 ct
517 1688 628 1728 istiusmodi
640 1687 751 1739 hominum,
768 1689 801 1743 qui
813 1688 838 1729 ah
850 1702 896 1730 cru-

109 1757 183 1799 ditione
196 1757 316 1815 paratissimi
328 1765 387 1810 sunt,
404 1756 525 1799 admiramur
536 1756 626 1813 ingenia,
643 1756 709 1798 animo
719 1756 850 1799 vehementer
860 1757 896 1798 oh-

109 1827 253 1886 stnpcscinrus,
275 1828 326 1885 quod
344 1828 367 1871 ad
382 1828 462 1871 inanem
478 1842 501 1871 ac
518 1827 639 1884 pertinacem
654 1841 712 1870 suurn
727 1826 786 1871 istum
804 1842 893 1871 errorem

108 1899 272 1951 asseverandum,
290 1899 345 1940 illum
359 1899 440 1940 omnino
453 1898 564 1955 scripturae
577 1898 642 1940 locum
654 1898 728 1940 afferre
739 1913 778 1940 non
791 1898 895 1941 dubitavc-

108 1968 159 2019 riut,
181 1981 225 2009 curn
238 1981 263 2009 ne
276 1967 376 2009 minimam
395 1966 472 2023 quidem
490 1966 549 2009 istius
566 1967 663 2023 dogmatis
681 1966 846 2023 significationem
859 1967 895 2008 ha-

109 2036 162 2077 beat.
193 2038 234 2075 Nos
249 2039 309 2084 enain,
331 2035 394 2089 inquit
411 2035 523 2089 apostolus,
547 2038 623 2075 Chresti
634 2037 822 2075 mentemhnhemus.
854 2032 895 2091 tgi-

109 2111 142 2144 tur
153 2102 199 2156 quiid
211 2109 285 2143 tantem
298 2099 391 2143 Christus
409 2102 447 2153 sit,
470 2099 586 2156 Christique
603 2116 672 2152 mens,
695 2103 719 2142 de
730 2102 770 2142 illis
781 2103 895 2156 percontari

110 2184 146 2210 nos
161 2176 247 2224 oportet.
278 2167 323 2208 Hoc
337 2169 415 2222 quidem
426 2168 447 2208 in
458 2169 502 2208 loco
515 2168 567 2208 aliud
578 2182 624 2208 esse
637 2166 752 2217 Christum,
769 2169 822 2209 aliud
836 2167 896 2209 Chri-

110 2237 135 2278 sti
147 2236 283 2288 divinitatcm,
304 2234 397 2277 arbitrari
410 2249 432 2278 se
443 2236 588 2277 demonstrant.
620 2234 651 2277 Ac
663 2235 680 2277 si
693 2235 766 2277 mentis
779 2235 823 2278 loco
836 2233 895 2278 Chri-

110 2316 162 2351 stum
175 2306 285 2365 accipiant,
310 2302 411 2350 Christum
428 2320 478 2351 vern
492 2305 555 2349 solam
569 2302 672 2349 aChristo
685 2311 797 2363 susceptam
810 2303 897 2348 hominis

114 2386 205 2422 naturam
222 2377 333 2435 appellent,
357 2377 377 2419 in
396 2377 454 2419 aliam
474 2391 511 2419 nos
530 2377 665 2433 quaestionem
684 2376 800 2419 coniiciunt.
837 2375 898 2432 Qttod

111 2449 173 2504 igitur
188 2454 232 2504 post
244 2447 401 2489 incarnationem
418 2447 449 2487 dei
461 2447 544 2488 verbum
558 2460 581 2487 ac
594 2446 625 2487 dei
638 2446 690 2488 lilius
706 2447 830 2498 declaretur,
852 2461 897 2502 per-

111 2518 200 2572 spicuum
213 2523 256 2566 est,
272 2529 295 2555 ao
307 2514 386 2555 tametsi
399 2515 492 2556 nonnulla
506 2515 530 2555 dc
540 2527 564 2555 ca
574 2514 688 2556 testimonia
699 2515 845 2556 antecesserint
855 2515 898 2570 qui-

110 2584 147 2626 tus
162 2585 254 2625 velante
270 2582 427 2623 incarnationem
441 2580 535 2624 Christus
551 2582 645 2637 appellari
663 2582 756 2634 videtur,
775 2582 796 2623 in
808 2584 851 2637 ipsa
867 2583 898 2624 ni-

112 2651 219 2691 hilominus
239 2650 378 2689 incarnatione
395 2650 527 2703 complentur.
564 2647 659 2690 Ceterum
680 2664 744 2703 neque
762 2651 856 2691 divinitas
873 2650 897 2691 ab

112 2717 155 2774 ipsa
174 2715 249 2760 Christi
266 2715 397 2772 appellatione
413 2716 533 2768 secluditur,
557 2729 620 2771 acque
633 2715 687 2758 illius
701 2716 812 2759 incarnatio
828 2724 849 2758 et
862 2716 898 2758 hn-

113 2802 172 2831 mana
188 2792 279 2844 suscepta
298 2791 369 2828 natura
382 2783 426 2828 sinc
441 2784 475 2828 tali
491 2785 589 2829 vocabulo
602 2784 724 2828 nominatur.
755 2784 817 2829 Velut
831 2786 851 2828 in
864 2786 898 2828 illo

112 2858 156 2900 loco
168 2865 257 2901 constat:
274 2859 305 2899 Ne
315 2859 389 2898 diceris
402 2860 421 2898 in
434 2860 492 2898 corde
504 2865 546 2908 too,
565 2860 611 2910 (tuti
623 2861 711 2899 ascendit
721 2860 741 2899 in
752 2860 840 2899 coelum?
860 2860 949 2903 hrenum.
958 2872 994 2912 no,

112 2936 143 2968 est
151 2931 247 2969 Chm'stum
257 2930 361 2976 deducere,
376 2935 418 2975 not,
436 2929 483 2979 θυῖε
494 2930 595 2968 descendet
604 2930 624 2967 in
633 2929 739 2980 abyssum?
753 2930 829 2968 horest
840 2929 897 2968 Chri-

111 3003 182 3036 stume
196 3000 276 3036 mortuis
286 2999 385 3036 deducere.
417 2993 526 3036 Praeterea
539 2996 590 3037 idem
603 2996 646 3051 ipse
661 2997 691 3037 sic
707 2997 807 3050 loquitur:
832 2999 857 3037 Ut
867 3012 984 3050 column,

111 3072 209 3114 gnomone
224 3072 242 3104 te
259 3066 320 3103 solum
339 3066 404 3111 deum,
429 3070 450 3102 et
464 3078 519 3116 qoem
536 3066 607 3108 mesisti
621 3066 684 3103 lesam
703 3066 807 3104 Christum.
840 3063 898 3120 Quae
