1988 3392
241 251 336 286 ananau
347 252 389 285 ure.
401 253 431 286 m.
443 253 499 288 vom.
508 254 522 287 r.
533 253 602 286 nana.
612 252 695 286 cxxvi.
818 243 860 286 275

75 344 161 387 unquam
179 329 216 372 boc
234 332 354 374 asserueris.
387 329 456 386 Quare
472 347 516 374 cum
534 333 559 375 iis
577 346 627 389 qnae
644 331 759 388 procreavit
774 345 785 372 e
798 331 860 372 nihilo

75 397 146 442 similis
161 405 181 440 ει
197 399 285 455 aequalis
300 413 345 441 esse
362 407 458 454 nequeat,
480 401 548 442 eadem
565 416 608 443 cum
625 400 657 442 sni
675 399 802 442 dissimilibus
820 399 861 455 pati

75 467 130 509 nulla
145 467 223 509 ratione
240 466 326 524 poterit3
349 467 420 523 quibus
432 468 470 509 boo
483 469 589 522 convenit,
611 477 655 511 ute
668 467 729 510 nibilo
741 475 781 509 tam
792 468 816 509 ab
827 468 861 509 illu

75 536 118 591 ipsa
130 535 226 590 producta
237 536 290 587 sint,
307 550 365 591 qnam
376 550 427 591 quae
441 536 490 592 ipsis
502 537 581 588 insunt,
598 539 670 593 quibus
681 551 717 594 per
729 536 860 592 privationem

76 602 167 645 accidunt
185 602 295 645 contraria.v
326 602 382 645 Haec
398 604 450 645 enim
468 604 534 645 omnia
548 605 628 647 minime
646 620 658 647 a
673 604 746 661 seipsis
761 604 859 654 existunt,

76 672 111 714 sed
121 683 148 713 ex
161 671 247 726 benigna
258 671 323 713 dantis
334 672 453 728 largitiuue3
475 672 546 728 quibus
562 673 621 715 etiam
637 680 705 730 utpote
716 688 727 714 e
739 672 801 713 nihilo
816 686 862 728 pro-

76 738 140 781 ductis
152 738 192 795 pati
207 739 279 796 aliquid
292 741 400 796 contingit,
423 755 467 782 cnm
480 741 505 783 iis
518 742 567 798 ipsis
579 742 638 784 rebus
651 743 766 798 privantur,
788 753 862 796 quaen

76 808 172 864 largitore
186 808 220 850 illo
232 809 389 851 communicatae
406 810 497 864 inerant3
520 811 628 866 quinoque
642 811 681 867 pati
694 810 767 866 aliquid
786 816 860 867 potest,

76 884 97 919 et
107 892 119 920 a
129 877 182 920 nullo
193 878 233 921 alio
244 878 303 921 babet
314 886 336 920 ut
345 878 384 932 sit,
406 893 472 935 ueqrre
489 880 564 936 privari
578 880 618 922 ullo
630 881 688 922 modo
702 886 775 936 potest.
806 877 862 935 Quaa-

76 954 157 1005 propter
167 961 211 990 cum
221 948 310 1006 aequalis
322 946 361 990 illis
374 963 413 990 non
426 948 453 991 sit
463 948 526 1001 ttius,
546 948 574 991 uti
585 963 650 1005 neque
661 955 729 1006 pater,
745 963 809 1005 neque
817 938 862 1006 spi-

76 1017 126 1060 ritus
138 1024 232 1070 sanctus,
253 1031 276 1059 ac
288 1017 380 1059 diversus
391 1018 417 1059 sit
428 1017 453 1059 ab
466 1017 510 1061 istis
523 1019 586 1071 lilius,
608 1019 679 1074 quibus
692 1032 737 1060 cum
747 1019 816 1060 eadem
827 1032 862 1074 ap-

76 1085 183 1144 pellatione
199 1086 279 1128 minime
297 1086 422 1139 continetur,
444 1087 479 1129 sed
495 1087 589 1130 eximium
603 1102 676 1130 nomen
694 1087 752 1129 babet
763 1094 783 1128 et
794 1088 863 1129 excel·

76 1156 132 1207 tens,
154 1162 176 1198 ut
186 1155 292 1212 ipsummet
307 1155 380 1197 bonum
397 1155 459 1197 abeo
474 1156 506 1212 qui
522 1157 628 1212 ipsummet
645 1156 727 1212 perinde
741 1155 816 1197 bonum
832 1162 864 1197 est

77 1226 187 1281 profectum
199 1224 289 1275 dicatur,
311 1237 407 1279 qrraenam
418 1238 464 1266 esse
475 1232 541 1280 potest
554 1239 598 1266 curn
614 1224 639 1267 iis
651 1239 701 1280 quarc
714 1223 824 1281 oppositam
836 1237 864 1265 ex

77 1292 163 1334 adverso
182 1293 313 1348 privationem
330 1292 404 1333 babent
421 1292 547 1334 commistio?
583 1291 739 1348 Supervacuum
755 1292 863 1347 igiturest

77 1359 133 1403 Aelii
143 1361 273 1415 privationem
289 1359 347 1401 nobis
363 1360 476 1402 invehentis
493 1360 565 1402 oratio.
596 1360 650 1402 Nam
663 1361 764 1415 ingenitus
780 1360 863 1401 densae

56 1419 58 1421 ¹
77 1429 156 1485 genitus
169 1428 221 1469 lilius
234 1443 273 1469 rron
284 1442 311 1469 ex
322 1435 434 1477 creatarum
446 1443 512 1469 rerum
523 1429 633 1483 privatione
645 1429 761 1483 dignitatem
773 1427 864 1469 obtinent

78 1510 146 1547 suain,
167 1497 203 1537 sed
216 1509 243 1536 ex
256 1508 281 1536 eo
295 1496 346 1550 quod
358 1504 429 1552 sponte
442 1510 491 1548 sua,
514 1497 653 1552 peculiariter,
676 1511 700 1538 au
711 1510 748 1552 per
759 1509 805 1537 sese
816 1495 863 1536 sub·

77 1564 162 1606 stantiae
177 1577 226 1605 snae
244 1562 380 1619 divinitatique
397 1564 497 1618 congruit.
534 1563 565 1606 lta
582 1580 627 1606 cum
643 1578 718 1619 expers
734 1563 776 1604 irae
792 1563 864 1604 dicitur

78 1632 139 1684 deus,
162 1646 202 1673 nou
215 1631 234 1672 id
248 1631 272 1673 ab
287 1632 318 1673 ira
329 1631 372 1688 ipsa
387 1633 471 1687 petitur,
493 1632 527 1673 sed
539 1647 566 1674 ex
577 1647 602 1674 eo
614 1633 666 1687 qnod
679 1632 710 1673 ira
722 1645 758 1687 per
770 1644 817 1673 sese
828 1645 864 1673 va-

78 1707 118 1743 cat.
151 1697 186 1743 Sic
203 1699 262 1742 etiam
278 1699 379 1754 ingenitus
394 1699 515 1756 appellatur,
539 1701 590 1755 qaaod
604 1699 795 1756 existataseipso‚
816 1699 883 1741 licet·

78 1768 182 1811 abeodem
198 1767 287 1823 ingenito
302 1768 354 1810 lilius
370 1768 396 1810 sit
410 1768 453 1824 ipse
466 1768 553 1823 genitus.
585 1766 654 1824 ltaque
670 1769 744 1810 lrustra
761 1774 793 1809 est
804 1781 864 1824 appo-

79 1836 116 1880 sita
126 1836 159 1879 illa
171 1835 268 1879 vocabulo
285 1836 378 1893 negatio,
401 1851 445 1879 cnm
458 1836 481 1879 ad
495 1851 539 1879 eum
552 1837 673 1880 translertnr
688 1837 777 1894 quicum
790 1837 864 1879 ceteris

79 1906 112 1949 vel
124 1920 151 1949 ex
163 1905 225 1964 ipsius
236 1906 269 1963 qui
281 1907 401 1949 mentionem
414 1906 472 1949 buius
488 1906 534 1949 lecit
545 1906 639 1964 opinione
654 1906 766 1964 comparari
777 1920 817 1948 iton
830 1920 865 1962 po·

79 1983 126 2019 test.
148 1974 198 2019 Non
210 1976 262 2018 enim
275 1982 343 2018 cetera
353 1976 460 2032 adaequari
471 1990 514 2017 curn
525 1975 594 2032 genito
606 1983 697 2033 possunt,
714 1990 751 2018 nec
763 1975 864 2031 ingenitus

79 2059 136 2089 suam
147 2060 192 2088 cum
205 2043 279 2087 creatis
296 2044 357 2087 rebus
372 2044 502 2088 substantiam
520 2044 661 2087 communicat.
692 2044 751 2101 Quod
768 2045 864 2087 nonulla

79 2113 214 2173 praepotentis
230 2113 367 2156 imbecillitate
379 2113 422 2155 lieri
437 2115 544 2170 putandum
557 2121 601 2166 est,
623 2113 658 2155 sed
670 2127 694 2155 eo
703 2113 798 2156 videlicet
810 2114 863 2169 quod

78 2183 178 2226 imbecilla
189 2188 256 2225 cetera
268 2182 291 2224 ad
303 2189 453 2239 praepotentem
464 2196 526 2238 usque
536 2181 619 2239 provebi
631 2188 743 2238 nequeant,
765 2181 791 2223 ob
804 2182 863 2224 unius

80 2253 112 2295 dei
124 2259 145 2294 et
156 2250 197 2294 ab
191 2265 235 2309 ipso
246 2251 373 2308 procedentis
385 2250 484 2307 unigeniti
500 2251 533 2293 lilii
551 2266 595 2294 eum
609 2251 680 2308 spiritu
694 2257 764 2293 sancto
775 2250 864 2307 singula·

79 2335 122 2365 rem
137 2321 262 2364 maiestatem
277 2335 301 2363 ac
315 2320 466 2378 praestantiam.

138 2389 193 2432 Aelii
204 2386 270 2455 Caput
280 2387 332 2432 XX.
356 2387 407 2431 Cum
419 2389 541 2446 privationes
553 2389 664 2431 ablutiones
676 2389 717 2431 sint
726 2388 863 2442 affectionum,

81 2459 152 2515 quod
145 2474 166 2500 m
178 2458 215 2500 deo
228 2465 259 2499 est
269 2458 392 2514 ingenitum,
409 2457 441 2499 vel
453 2457 564 2499 affectionis
575 2457 662 2513 privatio
674 2464 716 2509 est,
738 2457 772 2499 vel
784 2457 864 2498 allectio

81 2525 188 2585 privationi
203 2526 311 2567 contraria.
348 2526 409 2580 lgitur
422 2525 438 2567 si
451 2525 562 2567 affectionis
574 2524 659 2581 privatio
674 2533 716 2576 est,
733 2524 831 2580 quomodo
844 2524 865 2566 id

81 2596 133 2651 quod
145 2608 185 2636 non
194 2594 248 2636 inest
259 2594 297 2635 deo
309 2600 402 2648 tanquam
415 2593 462 2635 insit
474 2593 579 2635 tribuitur?
609 2593 637 2634 At
647 2593 664 2633 si
676 2592 756 2634 allectio
769 2593 864 2647 quaedam

81 2670 113 2705 est
128 2662 249 2719 ingenitum,
272 2661 360 2717 genitam
376 2660 505 2703 substantiam
523 2660 612 2702 existere
628 2668 688 2712 ante‚
711 2675 734 2702 ac
747 2661 802 2702 velut
818 2660 865 2701 sub·

82 2731 145 2774 sterni
157 2744 241 2773 necesse
251 2737 294 2781 est,
315 2736 337 2770 ut
347 2729 453 2770 affectione
465 2728 498 2769 illa
511 2729 590 2770 adeam
603 2729 712 2770 accedente
728 2727 816 2784 ingenita
829 2742 865 2769 no-

83 2799 176 2842 minetur.
208 2796 230 2840 Si
247 2811 296 2841 vern
311 2796 378 2852 genita
395 2796 506 2839 substantia
522 2796 623 2852 ingenitae
634 2797 733 2853 particeps
747 2796 796 2847 luit,
817 2796 865 2838 affe-

107 2913 134 2947 12.
146 2909 392 2966 Librilrubeatadrupe‘vvnrop
486 2904 568 2952 ἕξεως
557 2904 732 2955 τίἑξιςστερησεως.
755 2906 800 2944 ''All
809 2908 865 2952 εἰμὲν

108 2959 122 2992 l.
133 2959 284 3002 venumdatum,
295 2951 463 2998 raseaoourovpou
486 2955 567 3000 στέρησίς
580 2955 636 2996 §orem
653 2958 777 2999 quoePetuvms
788 2964 808 2989 ec
818 2964 865 2997 supe

85 3003 142 3047 ἕξεων.
484 3005 553 3036 rioribus
563 3004 646 3044 supplevit.

107 3051 123 3086 2.
135 3052 190 3095 Supra
201 3053 248 3095 culpo
260 3049 316 3094 ἕξεων.
339 3050 412 3085 lacodd
426 3059 463 3083 mss.
509 3045 552 3082 3.
538 3061 585 3089 ως
573 3060 633 3093 opocen
644 3051 687 3083 obest
698 3058 753 3091 supro.

84 3102 99 3133 et
120 3101 137 3133 tn
159 3099 195 3133 edit.
213 3102 265 3140 petru.
284 3100 394 3133 desiderantur
415 3098 464 3130 aerbo
509 3093 700 3140 4.ηγεννητήεερνα.

676 3155 727 3200 18*
