1988 3392
229 214 233 223 ’
246 227 339 260 ruuunu
350 228 394 260 nra.
403 227 433 261 ru.
444 227 500 260 rom.
510 227 524 259 r.
537 225 605 258 nunu.
617 226 675 259 nxx.
828 204 856 259 29

71 306 230 362 adstringerent3
253 320 305 347 neve
321 306 402 348 dissidia
418 313 477 361 atquc
494 305 609 362 opinionum
629 304 765 346 dissensiones
780 304 858 346 existe-

71 382 123 418 rent.
154 374 241 415 Audiaui
253 387 302 414 vero
314 387 358 414 cum
369 373 454 429 apostoli
469 373 522 415 illius
535 372 611 414 decreti
623 385 704 413 sensum
718 371 799 413 minime
812 386 858 428 per-

71 444 173 498 ciperent,
196 456 222 483 ex
238 454 263 481 eo
278 440 308 482 sic
323 442 374 495 apud
391 455 414 482 sc
428 441 552 495 cogitarunt,
575 438 653 480 Pascha
668 438 785 481 ludaeorum
801 454 857 481 more

72 509 211 551 celebrandum
226 507 298 564 videri.
329 505 394 548 Porro
411 515 456 562 post
472 507 635 549 constitutionem
651 505 705 547 illam
720 506 857 561 quindecima

71 575 224 619 circumcisione
235 574 323 631 episcopi
336 575 428 627 luerunt,
450 575 509 631 idque
519 573 679 630 Hierosolymis,
696 588 779 629 quorum
790 581 858 615 aucto-

71 645 150 687 ritatem
161 640 288 686 Christiamis
301 643 365 685 omnis
376 642 431 685 orbis
443 644 508 700 sequi,
524 651 600 685 etcum
612 642 652 685 illis
665 642 768 685 celebrare
780 641 857 685 Pascha

72 712 151 764 debuit,
172 726 212 754 una
227 719 248 753 ut
262 713 348 754 omilium
361 712 480 764 concordia,
501 726 540 753 una
554 712 666 769 professio,
684 726 724 754 una
736 711 857 753 celebritatis

72 781 175 825 obeundae
186 781 238 824 ratio
250 796 273 824 ac
282 781 405 824 consuetudo
418 782 539 839 firmaretur.
572 780 634 838 lgitur
645 782 669 823 ad
685 780 786 823 hominum
802 794 857 822 men-

73 861 103 895 tes
116 852 136 894 iu
147 866 205 894 uriam
219 851 317 894 ecelesiae
329 851 458 903 societatem,
480 864 530 907 quae
547 857 602 893 tauto
617 850 712 908 temporis
728 851 793 908 spatio
808 865 859 893 norr-

73 923 118 964 dum
136 921 221 963 obtineri
233 927 336 977 potuerat,
358 920 504 973 conciliandas,
527 927 603 976 patrum
623 920 701 962 illorum
715 920 858 975 curadiligen-

73 990 151 1046 tiaque,
173 1004 213 1032 non
232 988 276 1031 siue
294 989 325 1031 dci
342 996 404 1042 nutu,
428 987 557 1031 Constantini
571 988 693 1044 temporibus
707 989 803 1031 incubuit.
835 987 857 1031 lu

74 1059 217 1114 Apostolorum
234 1071 284 1099 vero
295 1056 477 1100 Constitutionibus
491 1057 514 1100 ad
527 1057 652 1099 concordiam
664 1057 745 1113 perinde
757 1059 858 1100 decretum

73 1128 120 1169 illud
134 1127 227 1183 pertinet.
258 1124 280 1167 ld
291 1126 342 1182 quod
353 1126 380 1168 illi
393 1126 431 1182 ipsi
445 1132 544 1168 testantur
557 1125 587 1167 his
599 1125 674 1177 verbis,
692 1124 788 1180 Quamvis
801 1127 859 1168 aber-

74 1202 119 1237 rent
129 1194 176 1250 ipsi,
194 1194 242 1236 nihil
255 1194 274 1236 id
284 1208 321 1237 vos
334 1201 467 1236 commoveat.
499 1191 594 1235 Ceterum
607 1194 679 1246 exiis,
695 1208 745 1249 quae
758 1194 829 1236 codem
839 1195 860 1236 iu

74 1262 125 1304 libro
137 1262 210 1319 scripta
222 1269 280 1313 suut,
297 1263 384 1304 Audiaui
400 1262 492 1305 facillime
506 1262 640 1304 confutamur.
673 1261 743 1304 lubent
760 1263 811 1304 euim
826 1277 860 1304 eo-

75 1331 118 1373 dem
135 1330 155 1371 in
171 1331 215 1372 loco
236 1330 302 1372 medio
320 1330 443 1388 Azymorum
462 1337 551 1387 tempore
568 1329 694 1387 pervigilium
712 1330 775 1374 obire.
815 1330 861 1373 Hoc

75 1406 140 1441 autem
158 1398 179 1440 in
198 1399 335 1441 ecclesiastica
355 1406 466 1456 temporum
484 1398 624 1455 supputatione
640 1398 684 1440 lieri
704 1407 800 1456 perpetuo
819 1413 859 1441 uon

76 1474 149 1523 potest.

134 1534 184 1577 Tria
200 1542 247 1577 sunt
258 1536 310 1577 'euim
321 1536 427 1591 praecipue
440 1535 510 1591 quibus
521 1532 626 1577 Pasebatis
642 1535 747 1577 celebritas
760 1535 859 1591 alligatur.
870 1540 911 1585 Gap.
919 1541 950 1574 Χῖ.

79 1602 134 1646 Solis
145 1603 234 1659 inprimis
250 1618 333 1655 cursus,
353 1611 434 1659 propter
447 1603 564 1645 dominicam
576 1618 599 1645 ac
611 1618 708 1645 mensem.
720 1614 722 1617 '
739 1603 793 1646 'Pam
803 1604 862 1646 lunae

76 1666 143 1713 itidem
155 1685 237 1723 cursus,
259 1668 318 1726 idque
329 1679 411 1727 propter
423 1670 487 1726 legem
500 1684 551 1726 quae
564 1670 640 1713 decima
652 1678 723 1727 quarta
734 1672 781 1714 luna
792 1672 863 1713 immo-

76 1740 113 1780 lari
128 1737 207 1780 Pascha
225 1739 328 1794 praecipit.
365 1737 435 1794 ltaque
454 1752 518 1793 neque
536 1738 634 1780 celebrari
646 1747 705 1781 autea
722 1747 787 1795 potest
804 1755 862 1795 quarn

77 1806 222 1862 aequinoctium
234 1807 345 1847 confectum
358 1805 392 1857 sit,
409 1806 460 1859 quod
474 1804 540 1846 ludaei
555 1820 679 1861 nequaquam
692 1806 808 1858 observant,
826 1821 863 1848 uec

78 1880 190 1916 accuratam
206 1874 275 1914 hocin
286 1873 367 1928 negotio
380 1873 478 1914 rationem
493 1873 544 1914 inire
556 1874 649 1925 studeut3
671 1874 721 1930 apud
732 1889 782 1929 quos
793 1875 863 1930 depra-

78 1949 124 1983 vata
136 1954 159 1981 ac
169 1940 283 1997 perturbata
296 1948 342 1983 suut
356 1941 429 1982 omnia.
461 1939 538 1982 Verum
551 1940 597 1982 licet
609 1947 677 1983 tautae
689 1942 812 1997 quaestionis
825 1950 864 1984 tam
904 1934 907 1937 .

79 2009 105 2050 sit
116 2015 189 2050 exacta
200 2008 287 2060 decisio,
309 2022 349 2050 uon
367 2016 432 2050 tamen
446 2008 470 2049 ob
481 2008 577 2049 eiusmodi
590 2009 726 2064 quaestionem
741 2005 865 2052 decoratam-

79 2091 117 2133 que
133 2078 243 2128 rationem,
265 2077 300 2118 sed
316 2077 341 2118 ob
358 2090 416 2118 urtam
430 2075 557 2117 concordiam
573 2077 622 2119 haec
633 2077 658 2119 ab
671 2078 766 2134 apostolis
777 2093 865 2136 pronun·

79 2146 126 2189 tiata
143 2153 197 2189 suot.
228 2143 287 2201 Quod
306 2145 322 2189 si
334 2145 366 2188 vel
378 2160 422 2188 cum
434 2142 510 2188 Christi
520 2144 623 2199 hostibus,
644 2153 665 2187 ut
678 2146 706 2188 illi
719 2155 800 2203 putant,
816 2163 864 2205 apo-

80 2217 126 2259 stoli
138 2216 278 2258 celebrandam
290 2229 335 2258 esse
346 2214 424 2257 Pascha
435 2221 567 2266 censuerunt,
584 2223 657 2271 quomo
670 2216 733 2271 magis
745 2218 769 2259 ad
782 2218 865 2259 eandem

80 2285 203 2327 retinendam
217 2286 370 2326 consensionem
382 2300 425 2327 curu
438 2284 524 2326 ecclesia
537 2284 640 2326 celebrare
656 2287 758 2339 convenit,
774 2300 799 2329 ue
811 2287 865 2329 illins

81 2353 189 2396 concordia
205 2354 318 2396 laceretur?
348 2352 435 2409 Quirraru
452 2353 513 2409 igitur
528 2353 580 2395 istud
593 2352 645 2394 elhci
657 2357 735 2410 potest?
765 2354 800 2399 Sie
813 2356 866 2398 enim

82 2422 140 2464 iidem
158 2422 242 2478 apostoli
259 2421 393 2478 praecipiunt:
415 2420 467 2463 Dum
480 2421 584 2478 epulantur
594 2421 635 2473 illi,
657 2438 694 2464 ros
706 2423 818 2479 ieiunantes
829 2439 866 2480 pro

81 2489 121 2532 illis
131 2491 205 2545 lugete,
231 2491 323 2545 quoniam
335 2491 386 2531 festo
395 2490 430 2531 illo
441 2480 472 2530 die
483 2487 585 2531 Christum
601 2489 621 2530 iu
638 2504 717 2532 erucem
733 2493 865 2534 sustulerunt.

83 2556 174 2613 Cumque
186 2559 213 2600 illi
225 2558 315 2612 lugentes
328 2559 411 2613 Azymis
427 2565 448 2599 et
459 2557 542 2598 lactucis
559 2558 672 2612 agrestibus
687 2549 807 2611 vescentur,
830 2575 866 2601 vos

78 2625 198 2682 epulamini.
234 2623 329 2667 Ceterum
341 2639 481 2680 urorrnuuquam
492 2625 576 2677 accidit,
599 2633 619 2666 m
630 2627 727 2669 dominica
737 2628 769 2669 die
782 2627 868 2684 Azymis

82 2700 171 2735 utantur.
202 2693 328 2735 Adveniente
339 2693 410 2749 quippe
422 2693 532 2734 dominicae
543 2707 628 2749 vespera
638 2693 715 2736 Pascha
728 2709 784 2737 suum
797 2695 868 2737 immo·

83 2760 125 2803 lare
142 2767 233 2816 possunt.
270 2760 323 2802 Nam
340 2768 385 2816 post
400 2774 504 2816 uesperam
524 2762 632 2815 praeterito
649 2763 732 2803 sabbato
749 2777 798 2818 opus
815 2763 868 2805 istud

83 2826 132 2883 ipsis
144 2842 242 2870 exercere
257 2842 296 2869 uon
311 2827 365 2869 licet.
396 2827 528 2882 Posteaquam
544 2827 606 2882 igitur
620 2830 788 2882 sacrificaverint,
810 2831 826 2871 si
844 2831 869 2872 ad

85 2896 152 2951 epulas
167 2902 301 2950 consurgunt,
322 2909 359 2936 uos
370 2895 488 2937 dominicam
501 2895 552 2936 diem
568 2910 653 2950 quonam
667 2903 724 2952 pacto
737 2897 791 2938 luctu
803 2911 827 2939 ac
838 2897 869 2940 ie-

85 3007 167 3051 perficere
176 3007 195 3040 id
204 2999 279 3052 apostoli
288 2984 413 3052 praeceperam
426 3012 467 3050 cett,
512 3008 528 3043 3.
541 3004 569 3043 ‘dn
579 3011 622 3041 abest
632 3019 642 3041 α
654 3010 688 3042 cod.
699 3009 766 3053 Rhedr'q.

86 3059 105 3085 nt
116 3051 131 3088 el
140 3051 173 3098 γὰρ
183 3052 213 3089 καὶ
224 3051 268 3098 μετὰ
279 3057 355 3097 accitasse
364 3056 443 3088 videatur,
