1988 3392
275 233 336 277 σοντι
346 233 432 268 Pmoms
444 234 499 270 Peles
510 235 641 270 PosTEmoR.
808 229 848 271 661

71 317 119 354 1,28.
133 314 218 360 μέλλοντα.
242 309 547 361 οῶαάρα(οἰιιεὭςτε)νοο.-
570 316 616 351 ].30.
634 313 780 358 ίναορτωςνειι.
804 317 851 352 Idem

71 375 117 410 1.31.
133 371 211 418 372ka
228 370 238 408 τί
253 368 302 417 dvm.
318 371 366 419 ιράγη
383 375 415 416 τῆς
431 375 479 419 ζωῆς
490 374 546 419 (deest
555 374 607 419 Igitur
618 372 703 419 meede)
713 377 756 410 Ven.
768 394 791 401 —
813 373 849 410 II.

71 432 92 467 ab
103 429 134 463 inf.
146 427 189 473 τήν,
207 435 247 464 ante
259 425 326 474 σάρκα,
344 441 377 465 om.
389 431 432 465 ven.
443 450 466 457 -
488 431 500 465 I.
509 431 525 467 3.
536 432 558 465 ab
569 432 600 465 inf.
613 428 672 471 ἀνοίας
683 429 776 473 ὑπεύθυνος
786 428 809 469 ῶν
821 444 850 468 νο-

71 489 105 526 σῶν
117 488 142 533 βλ.
154 487 197 521 I'en.
247 486 249 488 ’
395 524 397 526 .

116 545 170 592 Pag.
179 545 232 583 288.
253 544 266 583 l·
274 544 296 590 3¹,
303 544 379 591 γίγνεται
388 546 431 581 ven.
444 565 466 571 -
489 546 501 579 I.
512 547 539 581 10.
551 548 592 581 Post
605 544 673 583 Οὐκοῦν
685 544 761 591 η’διίνατο
772 544 811 592 (edu
820 540 849 583 οὖν

71 601 140 642 ἐδύνατο
150 603 201 647 Ven.)
216 602 246 648 ζῆν
261 602 316 637 insere
327 604 379 638 verba
395 603 420 644 εἰς
429 601 459 640 τὸν
468 602 522 639 αίῶνα
533 603 552 641 τὸ
565 605 617 650 σῶμα
630 604 660 640 καὶ
674 602 758 641 ἀὸἀνατον
772 604 848 647 ἔσεοὲαι,

71 673 112 709 quae
121 660 220 694 exciderunt
230 660 281 694 etiam
290 661 308 694 in
319 660 345 694 ed.
355 662 412 694 Petav.
426 661 485 695 Colon.
494 681 517 687 —-
539 662 550 695 Ι.
559 664 584 697 11.
597 661 665 707 σῶματι
674 663 726 708 λνῖιῇ,
738 660 757 698 td
769 661 789 698 δὲ
798 663 849 707 σῶμα

70 718 159 764 ἀνασταῖῇ
169 719 202 763 τῆς
211 715 296 763 ἁμαρτίας
305 715 427 764 ἀπολλωμένης
437 719 484 764 (sie).
503 715 543 755 Ἵνα
554 718 579 765 μη
591 720 644 756 τοίνυν
654 719 673 757 τὸ
683 718 737 756 κακόν
745 719 817 763 (omisso
826 719 848 765 η)

69 778 111 811 Veu.
123 794 145 801 -
168 775 180 808 I.
189 775 215 809 13.
227 773 252 815 ῶς
261 774 309 821 έφην,
320 773 391 818 ἀείζωον
400 776 444 821 (sine
452 773 471 822 ἢ)
483 779 525 812 Ven.
549 777 595 810 Idem
605 778 655 823 paulo
664 784 704 822 post
711 775 849 821 κρατητειίουσαν

69 845 100 879 pro
116 830 269 877 κρατιστεύουοαν,
288 840 305 866 et
317 833 378 866 deinde
392 832 462 879 ἔχουσαν
474 833 505 880 τήν
520 833 590 880 τρυφὴν.
603 854 626 861 -
642 825 659 869 I.
668 836 694 870 17.
710 835 744 879 τῆς
754 832 849 879 διέσεωςῆ

69 889 232 936 ἀμαρτίανεο.-
254 889 266 923 l.
278 889 304 925 19.
322 888 449 936 ἁμαρτημάτων
465 889 584 939 ἀναβήσονται,
607 890 692 936 Καῇἀπερ
706 890 739 936 γὰρ
756 889 819 927 ὁπόταν
830 890 848 927 έν

70 949 100 985 οἰκ.
110 949 155 983 ναῶν
164 948 223 987 καλῶς
233 948 275 981 ven.
299 947 346 980 Idem
357 948 369 981 I.
376 948 403 982 21.
416 948 492 994 καὶπερὶ
501 947 560 990 πάσας
568 962 583 984 τ.
592 947 633 994 οἱρμ.
641 947 779 994 πολυκλημάταις
789 949 848 993 ῥίζαις.

69 1025 91 1033 -
102 1005 114 1038 l.
122 1004 150 1039 23.
169 998 256 1040 στέλλεται
271 1001 307 1040 ἐστ’
324 1000 344 1041 ἀν
360 1005 408 1041 πᾶσα
422 1008 465 1039 Ven.
477 1025 500 1032 -
522 1006 534 1039 l.
542 1007 559 1041 8.
569 1007 590 1040 ab
600 1007 632 1040 inf.
649 1004 710 1051 ἁμαρτ.
726 1005 848 1052 βλαστησασαν

69 1062 136 1099 διέλυσε
145 1063 188 1095 Ven.
213 1061 260 1094 Idem
270 1062 306 1098 1.7.
317 1063 339 1096 ab
348 1063 380 1096 inf.
392 1060 537 1100 ἀποκτέννων.-
559 1063 571 1097 l.
579 1063 595 1097 6.
605 1064 626 1097 ab
638 1064 669 1096 inf.
687 1063 715 1098 ίνα
724 1059 757 1098 ἀπὸ
768 1065 802 1098 τῶν
813 1060 848 1098 αὔ-

68 1116 123 1163 τῶντῙ
135 1117 178 1163 σὰρξ
188 1119 230 1151 Ven.
243 1138 266 1144 -
288 1117 324 1153 II.
335 1119 356 1153 ab
366 1119 396 1153 inf.
409 1117 484 1165 ἀπήμων
495 1121 547 1154 habet
559 1120 611 1154 etiam
621 1122 664 1153 Ven.
687 1120 735 1152 Idem
745 1120 786 1153 ibid.
796 1120 847 1164 paulo

68 1182 107 1222 post
118 1172 245 1219 ἀπολλωμένης.
257 1194 280 1202 -
302 1176 314 1210 l.
323 1176 339 1211 3.
350 1177 371 1210 ab
383 1177 415 1211 inf.
432 1176 465 1223 γὰρ
478 1174 504 1214 ίτι
518 1180 548 1213 τοῦ
561 1175 641 1222 οῶματος
650 1176 682 1222 πρὸ
694 1177 724 1212 τοῦ
734 1175 849 1222 τέΒνηξοσὸαι

69 1234 101 1280 (ita
113 1233 237 1266 rescribendum
249 1241 275 1267 est
286 1234 364 1280 omnmo)
376 1235 419 1268 Ven.
430 1254 455 1261 -
476 1235 489 1268 1.
500 1236 564 1280 penult.
579 1231 650 1280 ἀποκρ,
662 1233 691 1270 ἐὰν
704 1234 768 1276 ἔξωθεν
779 1237 824 1268 Ven.

112 1291 228 1337 Famem.
250 1290 261 1324 I.
270 1293 285 1325 1.
304 1286 343 1336 οὖν,
360 1298 399 1336 post
412 1289 473 1334 Ἐπεί,
491 1304 525 1326 non
536 1293 588 1326 hahet
599 1294 642 1326 Ver.
654 1312 677 1318 -
699 1292 735 1327 Id.
754 1292 848 1337 συνέστηκε

68 1347 189 1383 συστέλλεσθαι
199 1346 229 1393 μὲν
238 1348 289 1382 habet
299 1350 359 1382 venet.
372 1361 442 1394 quoque.
455 1369 477 1375 —
500 1350 512 1384 l.
520 1350 536 1385 8.
550 1347 569 1386 οὗ
580 1347 613 1395 μην
625 1346 725 1394 ἀνῃρῆσθαι
735 1350 765 1385 καί
775 1352 810 1385 τῶν
820 1351 847 1394 ῥι-

69 1405 100 1447 ζῶν
113 1405 145 1449 (ita
156 1405 220 1450 corrige
231 1417 263 1451 pro
274 1405 331 1450 ῥίζων,
342 1413 361 1439 ut
371 1406 415 1439 male
425 1413 511 1440 exaratum
521 1407 555 1452 est)
566 1403 620 1452 ἄχρις.
642 1406 680 1441 Νῦν
691 1404 721 1451 μέν
730 1404 763 1451 γὰρ
773 1405 847 1442 ἐνταῦθα

67 1464 108 1496 Ven.
120 1482 142 1488 —
164 1463 176 1496 I.
184 1464 211 1496 10.
228 1461 313 1508 ένοχλήση
329 1470 356 1496 est
367 1463 418 1496 etiam
428 1464 446 1496 in
458 1465 500 1501 Ven.
512 1483 533 1491 -
557 1464 568 1497 l.
578 1465 603 1498 11.
623 1463 847 1508 ὓοηίραδιοίγνυσθαι.-

67 1520 78 1553 I.
88 1519 114 1553 12.
126 1518 169 1564 πρᾶς
177 1517 209 1559 τὰς
220 1519 268 1564 ῥίζας
277 1518 380 1560 ταύταςτὰς
390 1518 438 1556 κοίτω
448 1522 490 1554 Ven.
503 1541 525 1547 -
547 1521 560 1554 l.
569 1519 596 1556 II.
609 1521 676 1565 corrige
686 1517 788 1565 ἀμάρτυρος.
812 1522 845 1554 Pro

67 1641 94 1667 tur
106 1631 149 1669 οἶδεν
160 1631 170 1669 ὁ
180 1630 274 1674 ἀπόστολος
284 1634 328 1679 (sine
337 1633 375 1678 καὶ)
387 1633 432 1678 μηδὲ
442 1633 511 1679 πρῶτην
523 1635 575 1679 ῥίζαν.
586 1636 598 1668 I.
607 1635 632 1669 19.
645 1632 719 1679 ἀγαὲνόν,
732 1630 787 1669 ἀλλ’ἱί
800 1637 845 1678 μισῶ

67 1689 184 1727 κακᾶντοῶτο.
196 1711 219 1717 -
242 1691 288 1725 ].21.
305 1686 335 1726 ὅτε
346 1689 421 1727 d'eVen.
434 1693 482 1733 Bas„
499 1699 517 1725 et
527 1691 553 1725 ed.
564 1693 622 1725 Petav.
635 1710 657 1717 -
680 1691 725 1726 ].21.
737 1688 847 1736 ἀντιστρευό-

67 1759 114 1792 μενον
126 1748 165 1793 (εἰσ)
175 1748 201 1795 τῷ
210 1745 259 1794 νόμῳ
269 1749 311 1781 Ven.
335 1747 381 1781 Idem
391 1748 432 1781 ibid.
444 1760 479 1781 non
489 1748 566 1793 agnoscit
580 1749 632 1782 verba
641 1748 662 1784 ἐκ
673 1747 742 1789 παντὸς.
755 1768 775 1774 -
798 1749 810 1782 I.
818 1747 846 1783 23·

66 1804 85 1840 έκ
97 1805 146 1849 ῥιζῶν
157 1803 288 1850 ἀνασπασῖῆναι
297 1805 370 1851 συνέβη,
387 1801 431 1841 ἀλλὰ
443 1807 483 1850 ζῆν,
498 1806 536 1845 πῶς
547 1804 590 1850 γὰρ,
604 1805 664 1838 deletis
674 1806 729 1839 verbis
741 1801 767 1840 Οὔ
777 1804 810 1850 γὰρ
822 1805 847 1846 εἰς

64 1861 111 1902 τέλος
122 1859 206 1897 ἀπέῧανεν
218 1863 296 1895 Ven.—
318 1861 367 1896 1.25.
383 1861 414 1897 καί
430 1861 613 1908 σννφὶίινήσασαίίου.
637 1862 758 1907 συμφῆείνασα
772 1864 844 1896 Bas.-

65 1919 76 1952 I.
84 1919 112 1954 26.
125 1917 210 1963 ἀπολῆται
219 1921 261 1953 ven.
274 1939 295 1945 -
318 1919 330 1953 I.
337 1919 365 1955 27.
381 1918 414 1959 τὰς
428 1919 486 1965 ῥίζας,
505 1917 529 1959 ῶς
540 1919 600 1964 ἔφην,>
609 1919 673 1964 ἑαυτῆς
684 1918 704 1955 δὲ
715 1917 790 1961 ἐσῶζετο
800 1922 844 1954 ven.

65 1995 86 2002 -
97 1977 132 2011 Ie.
142 1977 163 2010 ab
173 1977 204 2010 inf.
217 1975 299 2021 ἐξεγέρὲτη
311 1976 351 2021 (sie)
364 1972 420 2020 ῶςπσρ
431 1974 477 2016 ναὸς.
498 1974 646 2021 Ἀλεξιιραρμάαου
657 1975 689 2021 γὰρ
700 1975 759 2020 τρόπον
770 1974 803 2012 ῶπό
813 1978 843 2013 τοῦ

65 2030 109 2075 ἀλεξ.
120 2031 172 2079 ἡμῶν
184 2030 255 2078 deddc
266 2032 296 2069 καί
309 2032 366 2077 ἰατροῦ
379 2035 420 2068 Ven.
433 2053 454 2059 -
477 2033 489 2066 I.
497 2031 515 2067 4.
526 2034 547 2067 ab
558 2033 589 2066 inf.
601 2031 626 2074 δέ,
638 2040 678 2078 post
688 2030 742 2074 ου’τοὶ,
755 2045 788 2067 om.
800 2035 843 2068 Ven.

108 2091 220 2139 Pag.292.
241 2090 274 2125 1.1.
287 2089 477 2136 φαρμακευτιαήννοιι.
489 2111 511 2116 -
527 2091 539 2124 l.
547 2092 565 2125 2.
577 2087 640 2131 ἀσινεῖς
647 2086 701 2130 ῥντως
711 2090 813 2136 ἐξεργΝειι.
821 2112 843 2118 -

30 2167 31 2170 =
65 2145 98 2182 II.
111 2146 185 2193 μάλιστα
196 2146 349 2193 erardesdorff*
362 2149 405 2181 Vere.
418 2167 440 2175 -
463 2149 475 2181 Ι.
483 2149 499 2182 5.
512 2146 643 2193 ἀποτελεντήσει
653 2149 712 2181 venet.
723 2160 789 2193 quoque
799 2141 844 2182 tderi

65 2204 135 2238 videtur.
149 2225 172 2232 -
194 2205 206 2238 I.
217 2204 233 2239 6.
251 2202 307 2248 ῶςπερ
319 2205 337 2240 εί
345 2216 371 2245 τις
380 2206 423 2239 Ven.
446 2205 493 2238 Idem
504 2205 555 2250 paulo
569 2212 609 2250 post
624 2211 682 2237 tuetur
697 2202 730 2240 ἀπᾶ
746 2207 810 2250 χρυσοῦ
825 2212 843 2239 et

66 2260 126 2294 deinde
139 2262 191 2295 habet
203 2261 262 2306 ἑτέρας
278 2258 332 2305 οὕτω,
350 2259 450 2297 καὶπάντα.
463 2281 485 2287 -
508 2262 544 2296 1.8.
563 2262 632 2306 Com'ge
647 2262 808 2306 διακεκοσμημένον.
819 2282 843 2289 -

65 2317 77 2351 l.
85 2319 111 2352 11.
130 2318 253 2364 καρπιζόμενος
267 2320 310 2352 Ven.
324 2339 345 2344 -
367 2317 414 2352 LII.
431 2317 472 2355 αῶτό
489 2320 559 2355 τοσοῦτο
572 2323 624 2354 ποιεῖν
636 2321 678 2353 ven.
691 2338 713 2345 —
735 2319 783 2353 l.15.
800 2316 843 2355 ἅνα-

66 2374 153 2417 σκευάζοι,
165 2376 211 2420 quod
221 2375 243 2409 de
254 2376 350 2409 coniectura
359 2375 437 2419 reposui,
455 2388 499 2409 nune
509 2377 563 2409 firmat
573 2376 634 2409 Veneti
646 2376 743 2418 auctoritas,
762 2377 790 2421 qui
801 2389 843 2422 per-

65 2431 89 2474 git
100 2430 132 2468 ἐῶν
144 2431 164 2468 δὲ
175 2432 240 2477 μένειν,
256 2431 355 2477 θεραπεύων
367 2431 420 2470 αιίτόν
431 2432 466 2468 καὶ.
489 2434 528 2466 Hoc
538 2433 651 2478 recipiendum
663 2440 694 2470 est.
707 2452 730 2458 -
752 2433 764 2466 I.
774 2434 802 2467 20.
815 2435 843 2469 αί-

66 2498 111 2533 σχη,
129 2501 171 2534 quae
182 2490 246 2523 Petavii
257 2497 284 2523 est
296 2490 402 2530 coniectura,
419 2490 521 2524 habetVen.
533 2509 554 2515 -
578 2490 590 2523 l.
597 2490 624 2524 22.
637 2488 721 2534 ἀπολῆται
731 2491 773 2524 Ven.
797 2491 843 2525 Idem

65 2543 110 2579 1-23,
121 2544 225 2591 ὄμοιῶτατον
237 2543 285 2594 αὐτῷ
295 2548 402 2593 νιατασταῧῇ-
426 2547 458 2593 Τῷ
470 2546 535 2592 μὲν-
557 2545 603 2581 124.
615 2544 709 2583 ἀπολέσθαι
718 2545 748 2591 μέν
758 2544 790 2583 οὖν.
798 2548 843 2584 ἔστιν

66 2598 97 2637 ῶπο
108 2605 133 2650 τῷ
147 2600 195 2650 αῶτῷ
207 2606 249 2638 Ven.
273 2601 367 2640 ἀπολέσὲιαι
380 2602 412 2640 οὔκ
427 2603 464 2640 ἔστι
474 2602 519 2640 κατὰ
534 2606 559 2651 τῷ
570 2600 619 2652 αῶτῷ
634 2607 671 2639 Bas.
683 2612 701 2638 et
712 2606 739 2638 ed.
750 2607 808 2641 Peter.
820 2625 841 2632 -

65 2657 100 2692 Is.
111 2659 142 2693 inf.
159 2661 228 2705 Corrige
244 2661 286 2701 Τοῖς
297 2660 317 2697 δὲ
328 2662 401 2708 αίσχεσι-
413 2681 436 2687 -
458 2662 496 2695 1.5,
507 2662 527 2694 ab
538 2662 569 2694 inf.
585 2658 728 2708 ἧάποχὲημένον
745 2661 786 2707 ὁρᾶν
800 2666 842 2698 ven.

65 2714 115 2750 Bene.
129 2737 150 2743 -
173 2716 209 2752 II.
220 2718 241 2751 ab
252 2719 283 2752 inf.
301 2716 324 2763 δὴ
336 2726 393 2752 tuetur
408 2719 458 2752 etiam
474 2720 535 2752 venet.
559 2718 605 2751 Idem
621 2719 633 2752 l.
643 2720 660 2753 3.
671 2720 692 2753 ab
704 2720 735 2753 inf.
748 2720 794 2753 delet
809 2732 842 2753 vo-

66 2772 119 2806 euIam
136 2771 191 2814 οὕτως
201 2782 241 2819 post
253 2774 263 2811 ὃ
274 2775 320 2815 3263.
334 2795 357 2801 --
379 2776 391 2808 I.
404 2777 468 2820 penult.
485 2776 567 2822 τέχνισμα
578 2775 622 2822 έπιβ.
635 2776 699 2821 φῖόνου
711 2789 748 2812 nex.
759 2777 799 2812 ίδῶν
810 2775 842 2812 οὔκ

65 2824 123 2876 η’νέσρ.
135 2833 200 2867 τοιοῦτο
210 2832 253 2864 Ven-

111 2889 166 2936 rag.
174 2889 225 2926 294.
247 2888 260 2921 l.
268 2886 286 2922 4.
297 2891 347 2924 τοῦτο
359 2888 434 2926 ένταῶὲα
445 2888 543 2932 demerem,
556 2889 618 2924 omisso
629 2889 659 2932 τὸ,
672 2892 714 2924 ven.
727 2909 748 2916 —
770 2891 783 2923 1.
791 2891 807 2924 5.
819 2887 841 2926 d-

66 2942 96 2987 λην
110 2944 140 2981 καί
151 2943 287 2991 ἀνακομισθῆναι
298 2947 340 2979 Ven.
364 2949 383 2981 In
396 2948 456 2983 eodem
465 2949 509 2982 Iibro
524 2947 640 2982 desiderantur
650 2948 701 2982 verba
713 2946 756 2993 μετὰ
766 2945 786 2984 τὸ
797 2945 841 2986 ἀπο·

66 2999 161 3038 θανεῖν-
183 3004 195 3038 Ι.
203 3005 219 3041 7.
238 2997 273 3041 ῶδε
287 3002 310 3040 τοί
326 3001 468 3053 αιίτοίπαρεγγυᾶ
482 3007 524 3040 ven.
546 3005 649 3042 IdemLIS.
662 3001 734 3045 Βαῶτὸς
748 3004 840 3042 ἐποίει.-

66 3055 115 3093 [12.
127 3060 213 3106 κεραμεὺς
228 3058 281 3102 ου’τᾶς
296 3058 317 3097 od
332 3063 375 3096 Ven.
386 3082 410 3091 ·-
432 3063 481 3099 1.13.
496 3062 535 3105 τοῦ,
552 3070 592 3107 post
605 3060 659 3105 οἶκος,
677 3065 713 3096 011¹·¹
726 3064 769 3097 Veu.
793 3064 841 3099 Idem

66 3115 165 3163 paulopost
175 3115 218 3164 ἰδοί,
229 3116 255 3161 ῶς
266 3117 276 3156 ὁ
286 3117 346 3164 πηλός.
355 3139 378 3147 -
400 3121 448 3157 I.15.
459 3119 498 3166 γὰρ,
509 3126 549 3154 ante
558 3115 612 3165 ὅπως,
624 3132 657 3154 om.
668 3121 711 3162 Ven,
733 3120 781 3156 Idem
789 3123 840 3173 paule
