1988 3392
259 218 352 252 raanan
363 219 406 252 tre.
416 221 445 253 rn.
455 220 510 254 ron.
520 221 542 253 rr.
555 219 624 254 aaran
633 220 725 253 nxxvrr.
845 212 887 254 375

102 298 162 354 igitur
179 298 286 353 perfeetum
303 297 358 340 illum
368 298 474 340 >hominem
492 300 553 342 luisse
569 300 655 342 censes?
683 299 716 341 Ad
732 299 781 341 baec
795 300 829 342 ille
841 300 888 342 inti-

102 380 145 408 mos
156 365 217 406 aniuri
228 367 259 407 sui
270 380 342 408 sensus
354 367 411 408 nobis
422 360 510 421 aperuit,
528 375 555 419 et,
571 367 671 419 Eatenus,
687 368 759 422 inquit,
776 369 888 423 perlectum

103 432 200 476 bominem
212 435 273 477 luisse
286 435 380 486 dicimus,
397 436 414 476 si
426 434 549 477 divinitatem
560 435 588 478 illi
601 436 645 478 loco
658 435 731 477 mentis
742 436 887 489 adscribamus,

102 510 122 544 et
133 514 225 552 earnem,
247 509 306 558 atque
322 502 408 543 animam
425 504 567 559 adiungamus,
588 504 617 545 sie
633 512 654 545 ut
668 505 769 560 perlectus
785 504 844 545 hemo
860 519 888 546 ex

103 582 174 619 carne,
195 570 273 622 anima,
294 570 411 622 divinitate,
432 562 483 626 quae
501 572 527 612 sit
545 571 616 612 mentis
630 571 705 620 instar,
729 570 811 614 existat.
842 570 888 613 Heu

102 638 163 693 igitur
174 637 232 679 morlo
245 637 369 694 deprehensa
383 638 403 679 in
416 639 450 680 illo
467 645 521 680 tauta
540 639 674 680 contentionis
686 639 782 690 libidine,
806 653 850 680 cum
863 639 888 680 ad

102 721 145 749 earn
158 720 200 747 rern
214 707 301 763 pluribus
315 708 483 765 disputassemus,
500 714 520 749 et
531 722 558 749 ex
570 721 671 750 sacrarum
683 708 786 750 literarum
800 706 888 750 auotori-

102 782 142 817 tate
153 776 352 831 comprobassemus,
365 777 484 818 'necessarie
496 777 553 819 fateri
566 791 602 818 nos
614 784 708 832 oportere
720 777 786 819 omnia
800 791 812 818 a
824 776 887 818 verbo

102 845 191 902 perlecto
203 843 265 887 luisse
281 851 387 901 suscepta,
410 852 430 887 et
442 845 461 887 iu
474 852 574 902 assumpta
591 858 652 887 earne
669 846 757 900 perleete
772 845 840 887 itidem
853 844 888 885 ad-

101 914 224 967 ministrata,
246 929 304 971 quam
316 922 362 971 pest
376 915 544 956 resurrectionem
555 927 611 955 suam
626 915 714 970 perfecte
729 915 766 957 sibi
777 914 886 971 copularit;

102 985 153 1026 adeo
165 991 186 1025 nt
199 984 281 1026 eandem
292 985 351 1028 medo
363 980 485 1041 spiritualem
497 984 577 1026 omniuo
588 983 698 1035 redditam,
721 998 760 1026 neu
771 984 841 1036 aliam,
863 999 887 1027 ae

102 1054 213 1105 diversam,
236 1067 284 1095 cnm
297 1054 377 1110 propria
389 1053 492 1096 divinitate
508 1053 528 1095 iu
543 1053 651 1109 semetipse
666 1053 792 1095 coniunctam
806 1052 886 1106 babeat,

64 1134 66 1137 ⁴
101 1129 122 1164 et
133 1136 172 1164 una
187 1122 261 1165 exilia
276 1123 399 1179 perfectione
414 1123 507 1165 divinitas
523 1130 643 1177 consurgat,
667 1128 726 1178 atque
740 1122 774 1164 itta
785 1130 887 1179 pestremo

101 1198 172 1233 natura
187 1192 211 1233 ad
228 1193 332 1234 dexteram
348 1193 410 1249 patris
426 1191 446 1234 in
459 1192 516 1234 coele
532 1199 552 1232 et
564 1192 585 1233 in
598 1191 731 1247 sempiternae
747 1190 888 1234 dominationis

102 1275 125 1303 ac
149 1262 204 1316 regni
224 1261 366 1317 augustissime
387 1262 458 1303 throno
477 1261 587 1309 consideat.
618 1259 675 1302 Haec
696 1260 729 1301 ubi
746 1259 886 1310 disseruimus,

102 1345 146 1372 eum
156 1330 234 1386 utrique
245 1330 295 1387 parti
306 1337 387 1387 propter
399 1331 509 1373 animorum
521 1329 650 1387 pertinaciam
659 1330 848 1385 contentionemque
856 1329 887 1371 ni·

101 1400 127 1441 hil
141 1400 319 1455 persuaderemus,
345 1413 366 1440 re
378 1400 452 1441 inlecta
467 1400 604 1442 discessimus.
635 1397 759 1440 intellectum
770 1413 820 1440 vero
833 1398 888 1440 istud

101 1475 144 1518 est,
169 1482 208 1508 non
227 1468 251 1508 de
270 1469 312 1508 sola
328 1474 394 1508 mente
411 1467 563 1523 disputationem
581 1467 632 1508 hanc
647 1467 692 1509 illos
711 1467 827 1521 ingressos,
850 1467 886 1509 sed

95 1542 183 1593 praeter
193 1535 240 1577 illrrd
252 1535 354 1577 demente
366 1535 418 1577 aliud
432 1549 510 1591 quoqne
522 1537 592 1590 dogma
605 1535 686 1577 sectari.
717 1534 819 1576 interdum
833 1535 886 1576 enim

101 1619 126 1646 ne
144 1605 229 1646 animam
246 1604 324 1659 quidem
342 1601 443 1646 Christum
460 1605 592 1660 assumpsisse
608 1603 707 1645 ferebant.
745 1601 824 1645 Contra
836 1617 887 1658 quae

99 1672 147 1714 illud
159 1672 312 1724 obiiciebamus,
335 1671 388 1728 Quid
401 1673 479 1714 tandem
494 1672 567 1728 putatis
581 1685 627 1714 esse
639 1674 739 1713 mentera?
768 1670 887 1714 Utrumnam

70 1785 72 1788 ,
101 1741 216 1797 hypostasin
233 1755 279 1783 esse
296 1741 392 1796 quarratam
410 1742 430 1782 in
444 1740 523 1782 homine
536 1740 631 1782 creditis?
659 1738 767 1796 Multiplex
782 1748 813 1782 est
826 1740 887 1796 igitur

100 1810 167 1851 homo.
191 1810 286 1851 ·Adhaec
303 1809 404 1850 nenrrnllis
419 1809 510 1864 placebat
531 1810 636 1851 rribilesse
655 1816 741 1850 mentem
758 1809 811 1850 aliud
827 1823 887 1864 quam
926 1842 927 1845 η

100 1877 202 1934 spiritum,
224 1878 256 1934 qui
277 1877 350 1919 homini
367 1878 440 1933 passim
456 1878 476 1919 in
493 1877 598 1934 scripturis
615 1877 715 1919 tribuitur.
747 1875 823 1919 Verum
840 1892 885 1919 eum

101 1954 187 1989 mentem
198 1961 321 2003 nequaquam
334 1946 424 2002 spiritum
440 1960 485 1989 esse
498 1946 693 1998 demonstraremus,
716 1959 780 1988 exeo
793 1946 845 2003 quod
856 1946 885 1988 di-

100 2016 245 2072 sertescripsit
259 2015 373 2070 apostolus,
395 2017 449 2055 Psall
448 2030 478 2055 om
490 2023 561 2062 mente,
582 2018 664 2068 psallum
674 2018 785 2068 sispitem,
809 2016 883 2057 multus
903 2033 963 2065 1„c⁰„

101 2097 124 2124 ea
136 2084 160 2125 de
172 2097 195 2126 re
208 2083 265 2125 nobis
277 2090 335 2124 natus
346 2090 376 2124 est
387 2097 465 2133 sermo,
487 2096 523 2124 nec
532 2082 581 2139 ipsis
593 2089 659 2124 tamen
670 2083 795 2124 contentiose
806 2091 885 2125 eenan-
909 2070 932 2106 Μ’
941 2069 964 2098 ¹⁵'

101 2153 152 2194 tibus
168 2153 288 2209 persuadere
304 2152 411 2208 potuimus.

158 2219 233 2263 Postea
249 2234 298 2262 vero
315 2234 359 2261 eum
376 2220 482 2261 nonnullos
495 2233 520 2261 ex
538 2219 563 2260 iis
576 2219 627 2261 laune
638 2220 658 2260 ia
670 2220 749 2261 modum
764 2220 884 2274 aggredere·
913 2230 955 2275 cap.

102 2303 157 2342 mur,
179 2287 231 2343 Quid
249 2290 342 2330 tandem?
365 2303 411 2330 num
429 2288 544 2343 hypostasin
563 2301 609 2328 esse
625 2295 710 2329 mentem
729 2288 833 2329 asseritis?
853 2287 886 2329 eui
908 2276 967 2312 XXV·

102 2372 145 2397 curn
155 2357 182 2398 ita
191 2356 269 2412 qnidam
279 2364 408 2398 occurrerent
421 2364 441 2397 nt
455 2356 569 2412 hypostasin
580 2364 678 2411 negarent
690 2370 735 2397 esse
744 2356 796 2411 qnod
805 2355 887 2412 eisper-

102 2438 229 2467 suaseramus
242 2439 282 2466 non
293 2425 312 2466 id
324 2438 370 2465 esso
381 2432 479 2475 merrtem,
496 2437 560 2478 neque
570 2427 659 2476 syriarum
670 2426 724 2464 illum
735 2424 767 2478 qni
777 2423 887 2480 appellatur

101 2495 194 2542 domabis,
211 2507 255 2533 eum
267 2493 362 2548 scriptum
373 2492 410 2543 sit,
425 2494 508 2533 Paullum
519 2500 591 2541 mente,
610 2494 694 2545 paullum
706 2500 726 2532 et
736 2495 818 2545 spaia'tu,
841 2506 886 2533 cum

101 2562 199 2603 adversus
211 2561 259 2601 haee
272 2560 320 2601 nibil
332 2561 428 2602 haberent
440 2561 491 2616 qnod
505 2567 639 2616 opponerent,
662 2567 701 2601 tura
714 2574 786 2615 urgere
799 2559 828 2602 sie
840 2573 887 2601 coe-

102 2629 178 2684 pimus:
200 2626 222 2670 Si
236 2642 292 2670 mens
305 2643 345 2670 noa
357 2629 470 2686 hypostasis
482 2636 523 2680 est,
548 2628 582 2669 sed
595 2629 656 2669 tetius
673 2628 788 2685 hypostasis
805 2635 887 2670 nostrae

87 2689 197 2752 'quaedam
212 2698 285 2748 motin,
309 2712 354 2737 cnm
368 2695 469 2738 Christum
483 2704 568 2738 urentem
585 2710 630 2737 esse
647 2697 683 2738 bac
697 2704 792 2752 exparte
810 2696 886 2749 velitis,

102 2765 186 2807 eundern
198 2765 278 2807 minime
289 2765 430 2807 subsistentem
446 2764 530 2821 lingitis,
553 2779 576 2806 ac
591 2764 659 2806 verbis
674 2772 732 2807 tenus
745 2773 765 2807 et
776 2764 843 2821 specie
856 2771 886 2806 to·

102 2839 143 2875 tnm
154 2834 201 2876 illud
214 2834 315 2890 negotium
329 2833 472 2876 incarnationis
483 2833 566 2877 obiisse.
596 2832 666 2875 Nihilo
678 2832 741 2890 magis
754 2834 778 2876 ad
792 2834 842 2875 baec
853 2847 886 2875 ra-

103 2926 177 2971 gloriose
197 2926 304 2981 spiritualem
323 2933 387 2967 totam,
411 2932 429 2959 et
446 2938 482 2960 non
527 2923 543 2960 4.
555 2928 649 2960 sonasset
642 2928 778 2969 transponendum
791 2937 834 2971 ημιν
851 2920 885 2961 c'rrt

102 2973 162 3012 aliam,
183 2986 220 3007 cum
237 2974 305 3018 propria
320 2972 414 3006 deitatem
428 2974 484 3018 seipso
506 2985 566 3009 ουτου
578 2984 605 3007 οτι
616 2984 648 3019 buy
658 2974 695 3009 κτλ

103 3018 167 3052 unitam
176 3019 250 3061 babere,
261 3026 348 3065 totamqne
361 3019 484 3063 perfectionem
530 3019 634 3055 cmxxt.
647 3038 668 3045 -
693 3019 708 3054 1.
723 3012 814 3064 docendo.
825 3028 863 3054 nass

103 3076 153 3099 uuam
163 3065 244 3100 deitatem
255 3067 341 3111 effecisse,
355 3072 372 3101 et
382 3064 442 3099 sedere
449 3070 484 3100 cett.
