1988 3392
249 237 342 273 rauaau
354 237 396 272 ure.
403 238 432 272 nr.
445 238 502 273 rou.
509 239 522 273 1.
533 237 602 271 unua.
612 236 693 271 uxxvr.
819 225 862 269 267

79 328 140 362 etum.
170 317 227 361 Nibil
237 325 302 361 aulem
316 318 404 359 eoulerri
415 332 458 359 eum
470 319 558 360 trinitate
572 324 649 374 potest;
671 317 696 358 ob
707 317 765 371 idque
776 315 863 357 oonsub-

78 386 170 429 stantiale
183 399 266 428 revera
279 393 310 427 est
320 385 365 426 lidei
377 392 457 425 nostrae
468 385 622 437 firmamentum,
642 398 707 439 neque
720 384 763 424 sola
776 397 863 444 pronun·

78 453 161 495 tiatione
175 461 266 505 onustat,
283 466 333 508 quae
346 466 390 493 eum
401 452 459 493 modo
470 451 508 503 sit,
524 453 582 493 modo
594 451 684 503 desinat,
705 452 726 492 in
738 450 819 492 nibilum
831 463 863 491 re-

79 521 160 579 digitur.
190 519 248 565 Talis
259 527 291 564 est
306 521 410 580 dopmno,
431 519 474 563 lilio.
487 534 511 562 ae
522 519 592 578 spiritu
604 528 673 564 saneto
685 519 741 564 aerii
754 517 862 562 sententia.

78 591 117 636 Est
132 592 186 636 enim
202 607 263 636 verus
279 593 345 650 ratique
361 599 428 650 pater,
449 605 509 640 verus
525 591 588 645 lilius,
610 607 670 635 verus
680 591 862 650 spiritussanotus,

79 662 205 719 quantumvis
217 661 304 723 infinitos
315 663 348 705 ille
358 662 496 719 syllogismos,
514 662 633 719 eosdemque
644 663 777 713 vanissimos,
794 673 863 703 serere

79 732 194 773 contendat.
225 731 256 773 De
269 731 380 774 huiusmodi
397 746 446 772 vero
464 730 575 772 bominibus
590 731 667 773 divinus
679 745 746 773 sermo
757 730 787 771 sie
800 729 864 783 loqui-

79 806 123 850 lur‚
145 802 262 851 Sapientiam
276 803 382 852 sapientum
397 799 514 850 reprobnb05
536 799 595 839 item:
616 801 677 838 Novit
687 802 774 839 dominns
787 791 967 855 engela-lffissgss·

79 868 139 906 tiones
153 868 262 914 dominum,
278 869 367 918 qnoniam
382 879 442 905 ennae
456 872 502 905 sunt
516 872 556 906 ete.
885 862 909 897 ⁹³⁴
918 859 940 887 ¹¹·

137 932 191 975 Aetii
204 930 269 990 Caput
280 931 352 976 XVll.
384 930 407 975 Si
420 932 530 989 ingenitum
548 932 597 974 nihil
607 932 631 974 ad
646 932 769 975 substantiae
779 931 863 989 dignita·

80 1010 118 1046 tem
130 1003 213 1063 amplius
224 1004 303 1048 confert
314 1018 371 1061 qnam
382 1003 470 1060 genitum
481 1002 533 1046 lilius
544 1002 587 1046 sola
598 1001 690 1046 vocabuli
703 1003 875 1062 pronuntiatione,

79 1082 184 1130 superatus
194 1075 350 1131 praestantiores
360 1087 383 1115 se
394 1073 516 1130 appellantes
528 1074 583 1131 ipsos
593 1081 702 1132 agnoscet,
723 1088 763 1115 uon
774 1088 818 1116 eum
832 1072 865 1129 qui

79 1142 142 1199 ipsius
157 1144 206 1185 deus
221 1143 345 1200 appellatur,
362 1149 382 1184 et
397 1150 461 1199 pater.

138 1209 221 1253 Conlut.
235 1209 307 1252 XVll.
345 1208 442 1264 Quamvis
458 1210 573 1253 innumeras
590 1212 648 1253 nobis
664 1213 736 1254 Aetius
751 1210 865 1266 tragoedias

80 1277 164 1328 excitor,
189 1279 241 1318 nulla
253 1278 310 1318 nobis
325 1292 410 1331 unquam
420 1291 464 1318 oum
477 1278 548 1332 pietate
562 1279 667 1320 oouiunota
681 1280 731 1319 ratio
745 1278 866 1333 persuadere

80 1344 153 1399 poterit
163 1345 319 1401 praestantiores
335 1344 380 1386 illos
397 1358 442 1386 esse
455 1345 488 1399 qui
500 1345 524 1386 ab
538 1358 562 1386 eo
573 1347 605 1401 qui
618 1352 649 1387 est
661 1353 683 1387 ut
694 1352 763 1387 essent
774 1344 866 1386 obtinue·

81 1419 135 1456 runt.
166 1411 220 1456 Nam
235 1412 298 1472 ipsius
313 1412 410 1456 benelieio
421 1413 466 1456 illos
477 1413 570 1457 extitisse
580 1414 614 1458 ille
626 1414 670 1474 ipse
681 1421 773 1457 testatur.
804 1412 866 1471 Atqui

80 1484 176 1542 singulari
189 1485 242 1528 illius
255 1499 338 1528 munere
351 1481 510 1528 Christianorum
523 1484 639 1542 dignitatem
653 1486 739 1530 asseouti
752 1492 809 1537 sunt,
832 1498 867 1540 ge-

80 1555 141 1596 nitam
153 1554 242 1597 sobolem
253 1568 293 1596 non
304 1557 347 1596 sola
359 1555 415 1596 vonis
428 1555 551 1612 prolatione,
568 1557 603 1597 sed
615 1570 684 1599 rerum
696 1571 707 1598 e
718 1570 767 1597 vero
778 1553 866 1611 genitum

82 1624 182 1680 appellare
194 1630 279 1675 norunt3
301 1624 388 1679 eoquod
404 1638 451 1666 vere
467 1625 531 1680 ipsum
547 1625 672 1680 intelligunt,
694 1631 865 1678 etoputrosnnt,
886 1622 945 1665 mana.

80 1706 119 1732 non
129 1707 141 1732 a
152 1705 218 1740 earne,
235 1693 267 1732 uel
274 1695 369 1744 sangnine
376 1695 472 1744 perdocti.
504 1691 569 1747 Quam
581 1693 605 1733 ob
615 1706 705 1734 eaussarn
717 1693 786 1734 felices
796 1691 868 1733 merito
886 1672 913 1708 ω’
924 1670 945 1699 η’

81 1759 232 1813 praedicantur,
255 1765 277 1799 ut
296 1758 349 1798 inter
366 1766 445 1799 eeteros
460 1761 562 1813 apostolus
579 1759 624 1809 ille,
648 1760 680 1813 qui
698 1759 785 1799 viventis
802 1758 868 1799 addito

81 1824 179 1866 voeabula
196 1824 228 1866 dei
245 1824 305 1866 lilium
323 1825 376 1866 illum
387 1815 482 1880 *agitarit
514 1824 575 1867 Iidem
593 1841 652 1882 porro
665 1826 770 1867 animalem
785 1826 867 1867 Aetium

81 1893 198 1954 spiritaliter
212 1892 330 1950 diiudicant,
353 1893 386 1952 qui
404 1908 427 1938 ea
443 1909 493 1953 quae
509 1897 533 1940 ad
549 1895 639 1955 spiritum
653 1896 752 1955 pertinent
767 1894 865 1954 repudiat.

82 1966 113 2009 Ae
124 1966 171 2008 lieet
181 1965 295 2023 unigenitus
305 1967 336 2008 dei
347 1966 398 2008 lilius
409 1981 433 2009 ae
442 1967 523 2022 spiritus
534 1967 562 2010 ita
573 1968 676 2025 loquatur:
694 1971 746 2010 Vade
756 1971 782 2009 od
788 1975 864 2022 patrem
890 1971 944 2036 {⁰⁰²5}

81 2051 153 2086 atreum,
175 2044 195 2076 et
206 2044 281 2089 putrem
297 2044 391 2085 nestrum,
415 2039 469 2077 deutur
483 2040 553 2085 rreum,
576 2046 596 2078 et
609 2042 664 2078 deum
677 2048 772 2087 uestraene,
795 2038 865 2079 arubae
909 2027 914 2043 ’
940 2024 946 2035 ’

83 2111 148 2146 tannen
166 2105 309 2160 appellationes
326 2104 377 2145 istae
397 2104 468 2146 alienis
483 2119 507 2146 ao
524 2105 609 2148 diversis
630 2106 743 2148 nominibus
760 2105 868 2161 adaequari

83 2179 195 2227 nequeunt,
212 2186 256 2214 eum
267 2179 363 2227 perpetuo
374 2172 450 2213 veritas
461 2172 504 2227 ipsa
514 2181 640 2228 permaneat,
661 2188 684 2215 ae
698 2175 820 2228 singularum
832 2189 868 2215 vo-

83 2254 127 2280 cum
142 2239 233 2294 proprius
250 2245 271 2280 et
287 2239 414 2280 necessarius
429 2240 478 2280 ordo
491 2240 521 2280 rei
532 2239 553 2281 in
566 2241 605 2281 lilio
618 2240 649 2281 dei
662 2242 766 2282 veritatem
779 2243 832 2283 elare
843 2255 867 2283 ae

83 2306 186 2363 perspioue
205 2306 335 2349 demonstret.
365 2304 439 2362 Neque
458 2305 510 2348 euim
530 2307 578 2349 baec
596 2308 652 2364 ipsa,
679 2312 755 2350 Patrem
772 2324 833 2351 rnenm
849 2317 870 2351 et

80 2384 156 2433 putrem
170 2383 266 2427 oostrnm,
287 2376 311 2420 ad
326 2374 389 2435 ipsius
400 2390 480 2419 earnem
496 2377 600 2420 referenda
612 2386 666 2421 suut.
697 2376 803 2436 Quomodo
816 2378 868 2423 enim

83 2448 150 2491 narniis
161 2454 217 2506 pater
229 2449 277 2490 deus
289 2462 335 2491 esse
346 2455 422 2505 polest,
443 2448 476 2505 qui
487 2463 566 2491 earnem
580 2464 680 2507 nunquam
690 2450 767 2493 induit?
795 2450 869 2509 Neque

84 2519 145 2570 haee,
161 2520 220 2559 Deum
231 2532 291 2558 merem
302 2526 322 2559 ot
331 2522 385 2559 deum
396 2527 491 2567 oestrum,
512 2520 536 2561 de
553 2519 587 2560 lilii
598 2520 701 2563 divinitate
714 2522 747 2562 vel
763 2522 870 2578 adoptione

84 2586 224 2642 discipulorum
234 2586 349 2641 accipienda
361 2594 414 2628 sunt.
446 2585 487 2628 Sed
499 2588 547 2629 haee
559 2588 628 2639 rerba,
643 2592 704 2630 Deum
715 2605 774 2630 meum
785 2599 806 2631 et
814 2593 869 2630 deum

84 2663 178 2703 uestrum,
201 2654 226 2695 ob
239 2654 342 2695 humanam
358 2661 458 2705 nostram,
480 2657 648 2711 quamsnseepit,
670 2665 760 2699 naturam
775 2658 869 2700 nonsine

84 2722 181 2778 mysterio
194 2721 285 2762 veritatis
299 2721 320 2761 in
337 2722 428 2762 omnibus
445 2722 633 2764 observantissimus
649 2725 673 2764 ad
690 2725 797 2779 discipulos
813 2739 870 2779 prae-

84 2789 315 2845 muniendosusurpare
332 2787 403 2830 voluit.
433 2791 508 2830 Patrem
528 2803 577 2833 reio
593 2805 653 2831 meum
670 2799 771 2846 etpotrem
786 2800 869 2833 oestrum

85 2858 147 2913 dixit,
164 2865 244 2918 propter
256 2872 319 2901 nieam
331 2871 374 2902 euin
386 2858 420 2901 illo
433 2866 516 2903 naturae
528 2860 699 2916 eornmunionem,
721 2876 823 2920 rireaiuqne
832 2877 869 2904 vo-

22 2980 24 2983 ,
85 2930 170 2984 liscum,
185 2931 241 2974 onius
251 2947 288 2989 ego
299 2947 335 2989 pro
345 2945 388 2974 mea
398 2930 520 2987 benignitate
530 2931 560 2975 bie
571 2934 621 2990 apud
632 2948 668 2976 ros
679 2927 753 2991 degens
764 2934 869 2991 participes

85 3054 170 3084 vestrum,
187 3049 247 3082 ambae
263 3049 296 3082 hae
306 3047 428 3093 appellationes
444 3048 467 3081 ad
489 3056 570 3094 possunt,
583 3049 655 3081 veritate
665 3061 732 3095 semper
743 3057 823 3089 manente
836 3054 870 3087 ont.

86 3094 153 3129 alterius
165 3094 232 3139 generis
248 3094 317 3129 nomina
331 3094 420 3141 adaequari
431 3105 467 3131 uon
512 3096 529 3132 ὁ.
541 3097 604 3140 nepem
616 3095 708 3132 κοινωνίαν.
