1988 3392
70 475 116 520 Κεφ.
122 473 155 521 λη’,

76 1368 111 1399 μσς.
118 1361 158 1391 1032,

73 2615 119 2661 Κεφ.
126 2611 159 2650 λθ.

161 235 203 277 400
448 242 660 278 ελαατιαειεαλαα

161 321 235 376 θότητι
247 322 269 365 δὲ
280 321 427 379 σαφηνιζόμενα
438 319 597 368 πεπιστεύκασιν.
629 323 660 367 Οῦ
671 321 733 376 μόνον
742 320 781 381 γάρ
790 323 833 368 ε’κεῖ
841 329 900 369 τοῦτο
911 328 948 381 βα-

162 393 215 442 θέως
230 394 318 450 εἰρητατ,
332 391 380 436 άλλοί
394 394 429 436 καὶ
444 391 492 436 άλλα
506 393 576 437 πολλά.

219 459 253 504 Ἐν
263 462 284 505 δὲ
296 468 324 521 τῷ
334 461 418 519 παρόντι
435 467 500 521 καιρῷ
511 462 546 506 διοί
560 460 597 518 την
608 464 716 517 συντομίαν
728 461 790 517 μόνον
804 463 825 505 έν
836 459 948 518 ὑπομνήσει

163 531 267 587 γεγένημαι
281 529 381 590 τῷλόγῳ,
401 530 457 582 όπως
470 537 544 589 γνοῦσιν
556 534 577 575 οί
588 533 691 586 θεοσεβεῖς
704 530 736 574 ότι
753 531 815 573 παντί
832 532 948 590 βουλομένῳ

163 598 290 655 ὑπερβαίνειν
300 597 348 650 τοῦς
358 599 421 655 όρονς
431 605 468 655 της
480 598 538 657 άγίας
549 604 600 643 θεοῦ
612 601 716 654 ἐκκλησίας
727 599 762 642 καί
771 597 903 656 παραδόσεως
912 604 949 655 τῆς

164 673 291 727 προφητικῆς
306 669 342 711 καί
358 666 499 724 άποστολικῆς,
514 668 599 719 πίστετός
609 685 629 711 τε
639 670 673 712 καί
685 670 813 719 διδασκαλίας
822 667 860 723 την
871 670 948 723 ἐλπίδα,

165 737 207 783 άπό
219 742 254 793 τῆς
263 743 310 793 μιᾶς
321 735 439 788 ὑποθέσεως
449 742 485 781 τοῦ
498 743 573 795 μικροῦ
583 739 617 781 καί
627 738 716 794 βραχέως
730 739 791 795 λόγου
804 736 855 781 κατά
867 737 890 781 τό
900 735 949 781 είκα·

165 813 230 864 ριαῖον
241 808 275 849 καί
284 805 343 862 τυχόν
356 809 377 850 έν
387 805 508 863 παρεκβαίνει
518 806 623 863 γινόμενος
634 805 765 862 φρονήματος
781 808 810 857 είς
823 804 898 857 πολλάς
910 811 949 850 λοι·

165 875 204 919 πόν
214 879 340 929 κενοφωνίας
353 876 388 919 καί
401 873 501 933 σφαλερός
515 873 613 926 ῦπονοίας
628 873 754 932 όλογισμός,
774 876 809 919 καί
820 876 848 925 εἰς
863 872 949 932 άναρμό-

165 960 224 995 στοας
240 945 274 988 καί
289 946 346 996 ξένας
355 944 455 1000 ζητήσεις,
476 946 511 987 καί
524 943 650 1001 ἀπεράντους
661 946 796 1000 γενεαλογίας,
811 943 862 987 κατά
873 943 898 987 τά
909 942 949 987 ῦπό

164 1019 201 1057 τοῦ
213 1014 328 1057 ἀποστόλου
340 1015 444 1070 εἰρημένα,
458 1012 585 1069 τραπήσεται.
615 1011 676 1055 Εἰναι
688 1012 725 1070 γάρ
737 1015 797 1056 τοῦτο
806 1010 881 1066 είίηθες
890 1011 950 1065 πολῦ,

165 1083 200 1125 καί
211 1081 260 1137 μη’τε
270 1085 337 1139 χρείαν
349 1084 394 1137 έχον
405 1083 509 1137 ἑρμηνείας
513 1115 519 1133 ,
539 1082 599 1124 παντί
611 1082 675 1135 σαφές
688 1082 730 1124 έστι
744 1086 773 1140 τῷ
788 1081 867 1125 σάκεσιν
882 1097 951 1136 κεκτη-

166 1152 230 1209 μένῳ,
252 1150 283 1193 ότι
299 1150 347 1193 οῦδὲ
364 1151 462 1193 ἐπιδέεται
476 1148 576 1203 ζητήσεως
593 1148 607 1203 ἡ
620 1148 702 1203 τοιαότη
717 1153 789 1205 σοφία,
804 1151 839 1193 καί
852 1148 951 1199 ῦπόθεσις

165 1217 279 1273 τοῦλόγου.
310 1219 339 1260 Εἰ
349 1216 386 1273 γάρ
398 1217 517 1273 ἕγειρόμεθα
529 1217 589 1260 πάλιν
602 1218 761 1272 περιτέμνεσθαι,
776 1220 815 1260 τίνι
824 1218 914 1276 τῷλόγῳ
926 1215 951 1260 οῦ

166 1285 315 1341 προειληφαμεν
325 1283 347 1327 τό
357 1286 509 1341 περιτέμνεσθαι
513 1303 520 1336 ,·
543 1282 596 1342 ’Ἆρα
607 1279 644 1327 οῦν
652 1282 703 1326 κατά
711 1290 771 1327 τοῦτο
786 1282 952 1341 1οἷναγκαιότεροι

169 1351 226 1408 ἡμῶν
237 1352 367 1409 τυγχάνουσιν
378 1355 400 1395 οί
409 1352 532 1395 άπεντεῦθεν
543 1351 566 1395 τό
581 1353 655 1395 τέλειον
669 1351 794 1409 ἐπιγνόντες,
816 1355 850 1397 καί
861 1358 952 1410 προειλη-

167 1420 228 1476 φότες
239 1426 366 1465 τελειοῦσθαι
378 1423 399 1464 ἐν
411 1426 437 1481 τῇ
446 1420 491 1465 τότε
501 1422 598 1481 μελλοόση
612 1420 723 1476 τελειότητι.
755 1426 802 1466 Ποῦ
814 1417 853 1466 οῦν
863 1421 885 1466 τό
897 1421 952 1480 παρά

167 1497 195 1549 τῷ
206 1491 311 1549 όιποστόλῳ
322 1492 425 1547 εἰρημένον
435 1490 477 1545 ότι,
493 1489 544 1533 Ἐάν
556 1491 711 1547 περιτέμνησθε,
728 1490 816 1547 Χριστός
828 1489 882 1546 ῦμᾶς
893 1490 952 1536 οὐδέν

169 1559 278 1616 ω’φελησεε,
293 1561 338 1612 καί,
356 1562 434 1611 Οίτινες
446 1558 535 1619 ἐννόμῳ
548 1563 678 1612 δικαιοῦσθε,
698 1565 734 1616 τῆς
744 1559 825 1618 χάριτος
840 1562 952 1613 ἐξεπέσατε·

168 1631 203 1674 καὶ
214 1635 258 1681 πῶς
268 1628 290 1674 τό
301 1627 356 1687 παρά
367 1635 396 1689 τῷ
406 1633 469 1690 κυρίῳ
481 1630 598 1686 εἰρημένον,
614 1628 651 1673 Ἔν
661 1628 699 1687 γάρ
709 1634 734 1690 τῇ
746 1629 852 1675 άναστάσει
863 1629 909 1675 οότε
919 1649 953 1688 γα-

170 1705 251 1757 μοῦσιν,
272 1699 317 1744 οῦτε
331 1703 471 1757 γαμίσκονται,
492 1698 539 1743 άλλά
551 1698 702 1757 ἰσάγγελοίείσι.
735 1698 762 1745 Τό
774 1702 806 1754 δέ,
828 1701 953 1758 Καθήσεσθε

170 1771 203 1814 ἐπὶ
221 1774 257 1824 της
276 1769 373 1826 τραπέζης
392 1774 429 1813 τοῦ
450 1768 525 1826 πατρός
543 1787 584 1825 μον
610 1770 713 1820 ἐσθίοντες
730 1771 766 1813 καὶ
784 1773 886 1825 πίνοντες,
911 1772 952 1824 καί,

162 1838 228 1882 Ὅταν
243 1836 291 1881 αότό
307 1843 347 1882 πίω
363 1838 433 1882 καινόν
449 1837 495 1894 μεθ’
504 1836 562 1893 ὑμῶν
573 1840 595 1883 έν
605 1844 630 1898 τῇ
640 1842 728 1899 βασιλεία
739 1844 780 1883 τῶν
789 1840 889 1897 οὐρανῶν,
905 1838 954 1896 μετά

170 1907 290 1966 προςθήκης
300 1914 336 1951 τοῦ
349 1907 434 1962 Καινόν,
449 1909 483 1951 καί
494 1906 524 1959 τό,
538 1907 584 1951 Ἐπί
596 1913 631 1963 τῆς
642 1910 739 1965 τραπέζης
748 1913 784 1964 τῆς
793 1912 900 1964 βασιλείας,
915 1911 954 1954 ἕτε-

170 1997 207 2035 ρον
216 1977 251 2021 τόν
261 1983 309 2021 νοῦν
318 1981 414 2033 σημαίνει.
445 1978 486 2020 Καί
498 1974 535 2034 γάρ
547 1978 582 2021 καί
593 1977 653 2021 αῦτοί
664 1994 740 2031 φαμεν,
762 1977 903 2034 μεμαθηκότες
913 1976 954 2022 άπό

169 2053 210 2091 τῶν
221 2050 284 2090 θείων
295 2046 370 2104 λόγων,
390 2046 500 2103 μετάληψίν
514 2065 558 2090 τινα
568 2045 658 2102 πόματος
670 2048 704 2090 καί
715 2046 822 2104 βρώματος
832 2047 954 2105 άμβροσίου,

169 2119 216 2173 περὶ
226 2112 255 2159 σίν
265 2119 341 2173 εἴρηται
353 2116 394 2169 ότι,
404 2115 431 2158 “A
442 2114 550 2170 όφθαλμός
559 2114 596 2159 οῦκ
609 2113 651 2160 οἶδε
656 2150 662 2168 ,
677 2118 712 2160 καί
724 2112 760 2167 οῦς
772 2116 810 2160 οῦκ
821 2115 904 2172 ἤκουσε,
920 2118 955 2162 καί

170 2187 204 2230 ἐπί
216 2188 301 2243 καρδίαν
310 2182 424 2242 άνθρσίπον
434 2182 472 2227 οῦκ
485 2183 557 2240 άνέβη,
573 2184 586 2227 όί
598 2183 704 2240 ἡτοίμασεν
716 2183 787 2236 όθεός
796 2192 839 2236 τοῖς
849 2186 955 2243 αἰγαπεῦσιν

172 2253 239 2297 αὐτόν.
268 2253 326 2295 Ἀλλά
342 2268 392 2308 φησι
403 2252 434 2295 ότι
449 2253 578 2309 πρῶτονμὲν
591 2255 613 2295 ἕν
629 2258 653 2312 τῇ
665 2257 827 2310 χιλιονταετηρίδι
841 2259 882 2298 τῶν
896 2268 955 2308 φασι-

171 2327 213 2365 κῦν
224 2321 400 2377 μεταλαμβάνομεν
412 2319 476 2375 ἡδέων
488 2320 536 2363 άνεν
546 2320 638 2376 καμάτου
649 2323 683 2364 καί
695 2321 770 2378 λάπης,
790 2322 839 2378 μετά
850 2323 872 2366 δὲ
880 2322 917 2378 τόν
927 2341 956 2379 χι·

171 2393 329 2447 λιονταετηρίδα,
348 2389 393 2432 τότε
408 2389 581 2444 μεταλαμβάνομεν
598 2385 627 2432 ὧν
639 2392 725 2446 είρηται,
746 2389 798 2434 κατά
809 2390 831 2435 τό
844 2393 955 2449 εἰρημένον,

166 2457 192 2501 “A
208 2457 316 2514 ὀφθαλμός
331 2457 369 2501 οῦκ
384 2456 436 2510 οἶδε,
452 2459 487 2501 καί
501 2452 538 2508 οῦς
552 2458 591 2501 οῦκ
605 2456 697 2513 ἤκουσεν.

226 2595 341 2646 Ἀντίθετος
351 2596 373 2639 δέ
385 2597 437 2639 ἐστιν
448 2593 461 2638 ό
471 2594 530 2651 λόγος
539 2594 592 2652 πρός
600 2594 637 2651 τήν
647 2601 714 2639 πᾶσαν
723 2601 760 2651 τῆς
769 2601 849 2654 γραφῆς
860 2599 955 2654 θεωρίαν.

172 2666 201 2707 Εἰ
212 2663 250 2721 γάρ
262 2662 274 2706 ό
284 2663 347 2718 νόμος
357 2663 430 2708 οὐδένα
443 2666 551 2715 ἐτελείωσε,
565 2664 629 2719 νόμον
641 2666 663 2708 δὲ
673 2665 721 2720 μετά
732 2664 841 2709 άνάστασιν
850 2664 956 2719 φυλάττειν

171 2731 346 2790 προςταττόμεθα,
366 2735 400 2777 καὶ
417 2732 448 2777 ότι
464 2731 520 2789 άγιος
535 2731 598 2788 νόμος
611 2731 623 2778 ό
637 2733 671 2778 διά
682 2736 776 2785 Μωσέως
788 2732 828 2779 άπό
839 2738 913 2792 κυρίου
923 2737 956 2778 δο-

172 2805 218 2855 θείς
231 2802 359 2861 παιδαγωγός
369 2805 396 2855 εἰς
410 2801 497 2862 Χριστόν
508 2800 556 2857 ημῖν
571 2805 662 2861 γέγονεν,
683 2802 711 2856 τίς
720 2802 864 2862 ὑποδεέστερος
875 2809 915 2849 τῶν
926 2821 956 2849 τε·

172 2875 291 2929 λειουμένων
303 2879 332 2933 τῷ
344 2876 427 2929 μείζονι,
441 2874 476 2917 καί
486 2874 598 2934 τελειοτάτῳ
609 2873 716 2933 προςόγειν
727 2876 956 2933 πεπιστευμένος,.,Χρι-

173 2949 222 2988 στοῦ
237 2945 259 2988 δὲ
274 2948 312 2988 τοῦ
327 2946 400 2987 τελείου
418 2944 523 2997 ἐλθόντος,
542 2946 577 2988 καί
589 2944 698 2998 δεσπότου,
720 2946 754 2989 καί
771 2944 919 3002 παρειληφότος
933 2946 956 2989 ἐκ

197 3051 340 3084 θεν-ΧΧΧἮΗ.
348 3072 371 3076 -
382 3051 395 3084 l.
403 3052 465 3092 Scripsi
470 3045 551 3094 άναγκαι-
573 3054 621 3094 ννίρο
629 3053 687 3086 hubent
695 3053 736 3085 libri.
759 3047 894 3097 ἀναγκαιοτέρων
904 3052 956 3095 suspi-

173 3094 228 3140 ότερα
241 3107 271 3137 μου
286 3095 417 3141 ἀναγκαιότερον
429 3095 551 3142 (α’ναγκαιότε-
574 3102 618 3132 catus
630 3103 652 3132 est
663 3100 743 3133 Ραίοοίυε.

173 3154 201 3187 μσς
207 3145 279 3177 mendose
286 3145 311 3177 εδ.
317 3145 373 3179 Ρείαυ.
382 3145 434 3178 θοίνα.
440 3145 502 3188 νομοί),
510 3144 552 3185 quod
