1988 3392
222 242 317 279 raanan
328 244 408 281 arnan.
418 245 475 281 ron.
483 247 496 280 r.
507 243 576 279 naen.
584 244 667 279 nxxrv.
799 233 840 276 153

56 324 142 368 seduna
152 322 211 367 trium
223 325 342 377 consensio,
358 325 465 382 singularis
474 326 579 379 divinitas,
596 325 684 368 eiusdem
695 324 776 367 virtutis
788 324 841 366 eius-

56 392 139 451 denique
154 393 289 446 substantiae,
311 393 381 436 similis
393 409 404 437 e
416 395 488 449 simili,
510 410 548 452 qua
560 395 663 453 aequalem
673 394 758 451 gratiam
769 407 796 435 ex
807 406 842 434 ea-

55 463 100 505 dem
116 463 175 505 efficit
191 463 267 519 gratia,
290 463 351 519 patris
366 471 387 504 et
401 463 471 506 {iliius
486 464 568 522 spiritus
583 463 656 506 saneti.
687 460 773 517 Quinam
791 475 842 505 vero

55 531 118 588 possit
129 531 182 574 istud
192 532 244 583 lieri,
260 530 351 587 ipsismet
359 531 398 574 illis
409 532 519 575 docendum
530 533 657 590 relinquitur.
687 534 755 581 ll'eneo,
767 530 839 586 iuquit,
852 541 911 572 Meam.

54 604 109 641 novit
119 608 195 655 patrem
206 601 318 654 nz'sz'filzras,
335 603 464 654 neqaefiln'nne
475 605 516 642 nn'sz'
520 610 589 656 pater,
606 610 627 642 et
636 602 732 655 enifiln'ns
742 602 840 640 revelaret.
860 578 882 615 11,
891 578 914 606 π

56 666 115 724 Quod
130 668 148 711 is
161 682 197 726 per
211 668 300 725 spiritum
318 676 407 711 sanatum
424 669 507 712 revelat.
537 669 586 712 Tria
601 670 663 726 igitur
676 670 786 719 istasunt,
808 673 842 709 aut

55 750 83 779 ex
94 736 150 793 ipso,
173 736 310 793 autabipso,
334 744 367 778 aut
383 738 408 779 ad
422 738 499 793 ipsum,
521 753 572 795 quae
587 738 751 794 inunoquoque,
774 743 795 777 ut
808 750 844 792 par
874 741 875 744 ’

55 812 99 857 est,
120 804 270 860 intelliguntur,
292 812 351 861 prout
366 805 443 861 seipsas
458 820 557 862 personae
571 807 621 848 illae
633 806 742 848 declarant.
773 802 803 845 lta
822 811 843 846 et

54 872 102 924 lux,
118 872 182 928 iguis,
204 873 297 928 spiritus,
319 879 431 914 ceterarum
443 887 510 915 rerum
522 873 671 930 aspectabilium
682 873 796 914 nominihus
807 885 842 927 ap-

55 939 164 996 pellantur,
187 954 223 996 pro
234 953 259 982 eo
271 953 294 981 ae
305 939 388 995 quilibet
398 940 499 982 homiuum
515 942 585 996 dignus
598 949 629 982 est
641 942 673 982 eui
686 941 723 981 hue
735 940 792 982 offieii
806 953 842 994 ge·

55 1021 93 1049 nus
103 1007 230 1064 impenditur.
261 1006 317 1049 Dens
331 1007 392 1063 igitur
404 1009 449 1061 ille,
466 1009 500 1064 qui
510 1009 567 1051 initio
579 1009 640 1061 dixit,
656 1012 702 1050 Fiat
711 1011 757 1057 liae,
780 1016 801 1048 et
804 1010 841 1064 se·
849 1021 889 1051 aen.
898 1021 912 1050 1.

56 1084 88 1118 eta
98 1084 131 1118 est·
137 1076 264 1134 aspectabilis
275 1076 309 1119 illa
320 1076 367 1128 lux,
388 1076 431 1133 ipse
443 1078 516 1134 estqui
528 1079 552 1121 ad
566 1092 635 1121 verum
648 1078 715 1120 lunaen
727 1077 843 1120 intuendum

56 1145 114 1187 nobis
129 1145 207 1198 illuxit,
230 1149 282 1200 qaod
293 1148 391 1187 illuminat
404 1161 475 1188 omnem
488 1150 580 1188 nerninem
592 1151 696 1188 uenientem
706 1150 726 1188 n'n
742 1149 839 1186 mnndum.
853 1160 907 1189 mann
913 1160 926 1198 1,
934 1160 948 1189 s.

55 1217 198 1258 Emt'tlelneem
213 1223 276 1267 tuane,
300 1215 328 1258 ait
337 1213 416 1269 David,
437 1225 458 1258 et
468 1207 566 1259 ueritatem
581 1225 640 1259 team.
672 1215 709 1260 llle
722 1215 765 1274 ipse
778 1216 913 1261 domi-asam.

57 1300 95 1329 nus
107 1292 139 1329 est
158 1286 190 1344 qui
208 1286 270 1341 dixit,
291 1289 315 1329 In
334 1290 441 1329 nouissimis
456 1288 523 1329 diebus
537 1289 634 1346 effundam
650 1290 755 1342 despntn'tn
770 1302 811 1329 mee
823 1289 844 1329 in
864 1267 913 1306 Μ’

57 1372 128 1399 omnem
140 1372 228 1407 earnem,
245 1365 265 1399 et
272 1359 477 1412 prophetabantstlnae
485 1361 563 1399 illorum
568 1389 574 1408 ,
591 1366 612 1400 et
620 1360 748 1399 adolescentes
759 1360 844 1411 ipsoram

57 1430 138 1468 vationes
149 1428 243 1468 videbant.
274 1426 306 1468 Ae
318 1434 359 1468 tres
371 1426 479 1469 ferrutionis
491 1440 560 1469 saurae
570 1440 667 1484 personas
678 1426 735 1469 uobis
748 1425 843 1479 ostendit,

58 1509 102 1538 eum
117 1496 177 1538 tertia
192 1510 219 1537 ex
233 1495 337 1552 hypostasi
351 1497 446 1552 procedat
461 1495 582 1553 hypostasis.

114 1568 163 1606 Dino
175 1568 237 1618 n'ga'tar
251 1567 348 1606 Christum
361 1568 468 1606 ministrnm
480 1568 546 1621 finisse
557 1568 707 1606 esiertmezsionn's
717 1580 756 1619 pro
765 1568 846 1605 veritate
861 1571 931 1615 capv.

56 1638 99 1684 den,
116 1642 138 1675 nt
143 1638 240 1687 premisse
255 1636 364 1688 compleret.
395 1633 460 1675 Porro
473 1634 562 1691 spiritum
576 1642 672 1676 sanetum.
681 1648 719 1675 uua
730 1633 844 1675 ministrare
856 1614 950 1652 ¹³⁰¹'''¹⁵’⁸'

57 1718 69 1745 e
80 1717 183 1745 sacrorum
200 1702 295 1745 librorum
313 1702 432 1745 auctoritate
446 1703 474 1746 ita
487 1703 582 1746 dicimus:
607 1700 700 1745 Christus
711 1709 788 1759 epatre
799 1701 845 1744 mit-

57 1772 118 1824 titur,
134 1771 218 1813 mittitur
227 1778 248 1813 et
259 1771 341 1828 spiritus
352 1779 445 1813 sanetus:
469 1769 562 1814 Christus
577 1772 597 1813 iri
609 1772 684 1814 sanetis
695 1771 794 1827 loquitur,
814 1770 845 1812 lo-

56 1840 123 1896 quitur
138 1848 158 1881 et
168 1839 249 1894 spiritus
260 1846 353 1882 sanetus:
369 1848 427 1882 sanat
438 1837 539 1892 Christus,
556 1846 614 1882 sanat
627 1847 647 1882 et
657 1840 738 1897 spiritus
749 1847 842 1881 sanetus:

56 1908 167 1950 sanctificat
182 1905 287 1960 Christus,
309 1908 418 1950 sanctificat
433 1915 454 1949 et
465 1908 546 1965 spiritns
561 1915 653 1951 sanatus:
676 1907 795 1965 baptizatio
807 1921 844 1949 suo

56 1977 137 2018 nomine
148 1974 249 2028 Christus,
265 1976 352 2032 baptizat
363 1984 383 2017 et
394 1976 475 2032 spiritus
484 1985 574 2018 sanetus.
605 1976 637 2018 Ad
648 1990 692 2018 eum
704 1977 783 2018 modum
794 1976 844 2017 seri-

57 2052 114 2101 ptura
130 2045 228 2101 loquitur:
250 2047 431 2097 Ennaesspzm'mm
447 2052 511 2093 tanne,
533 2053 553 2085 et
566 2046 667 2085 renovabis
679 2047 751 2098 sanam
770 2053 840 2085 ternae.
864 2057 922 2086 esaim.

59 2110 117 2167 Quod
132 2112 184 2154 idem
197 2119 297 2167 astatque
310 2112 374 2153 istud:
395 2114 563 2154 Emettesnertmn
578 2121 642 2162 tunm,
663 2121 684 2153 et
693 2115 804 2166 lc'qnefircz'et
812 2127 842 2154 en.
858 2091 925 2155 iiiiii„

57 2181 226 2229 Menestrantibnm
249 2179 326 2236 iuquit,
350 2182 390 2221 illis
405 2183 491 2231 domena,
514 2195 538 2221 ae
554 2182 682 2222 neznnnntibas
697 2161 940 2233 azmtmznznnsdiii'dff'a

57 2256 146 2298 senatres,
169 2252 277 2302 Segregate
290 2250 339 2289 me'lte'
349 2250 469 2299 Barnadam,
491 2258 510 2290 et
523 2252 604 2290 Saulem
619 2252 645 2290 ad
659 2264 706 2303 opas
717 2251 743 2289 ad
754 2252 804 2303 qaod
813 2264 845 2289 eos

58 2320 130 2357 ascani.
162 2315 217 2358 ldem
231 2316 269 2358 hoe
280 2323 311 2359 est
322 2331 366 2358 eum
378 2317 429 2359 isto:
451 2320 697 2367 neminemneminer,
718 2320 848 2370 Ingredztnz'm'
863 2322 943 2357 neena

59 2386 134 2435 urbem,
159 2393 180 2426 et
189 2387 218 2427 iti
227 2388 302 2426 dicetur
315 2386 368 2426 nabis
383 2388 431 2439 qnail
445 2395 532 2440 oporteat
540 2388 622 2442 faeere:
645 2389 682 2428 Jln·
694 2390 757 2439 agitur
767 2389 823 2427 nn'ssn'
832 2401 844 2427 e
852 2398 886 2426 nen.
891 2397 914 2433 13,
923 2398 937 2426 a.

57 2456 128 2507 spineta
142 2461 208 2495 saneto
223 2455 313 2495 abierant
324 2455 438 2495 Seleuceam.
458 2452 640 2509 Quemadmodum
655 2453 748 2498 Christus
762 2454 805 2510 ipse
816 2454 846 2496 di-

58 2530 126 2577 aeret,
142 2526 194 2565 Eece
205 2526 259 2564 mitte
268 2538 312 2572 nos,
329 2526 382 2564 snm
390 2538 433 2564 ones
445 2527 465 2565 n'n
476 2527 537 2566 medio
548 2526 647 2579 lnporum:
670 2527 735 2566 Vz'snne
746 2534 775 2567 est
785 2529 844 2581 spiri·
862 2534 920 2564 nnana

58 2595 89 2635 tui
97 2601 164 2635 saneto
175 2595 226 2635 nulrit
238 2594 293 2634 alsiad
303 2595 399 2647 ninponere
415 2595 467 2636 netas
482 2598 556 2645 onmis,
576 2603 656 2649 praeter
666 2598 713 2636 haee
727 2599 843 2638 necessaria.
855 2572 890 2636 rii
896 2571 920 2644 1¹5⁵,
927 2606 950 2635 ns.

80 2685 109 2721 29.
121 2685 167 2731 φησὶ
178 2683 188 2723 ὁ
201 2684 323 2733 destituentur.
485 2685 501 2722 4.
514 2686 523 2725 ὁ
534 2685 612 2732 Χριστὸς
623 2692 680 2723 ancer.

80 2732 109 2769 30.
118 2732 163 2778 έχεῶ
175 2734 221 2767 redd.
233 2742 270 2766 mss.
283 2735 352 2774 uterque.
484 2736 501 2770 5.
512 2737 538 2769 lte
549 2737 606 2769 tneor.
618 2736 663 2769 tama
673 2737 721 2778 aalys
733 2733 758 2771 rt.

81 2778 109 2813 31.
122 2779 138 2815 et
149 2777 183 2815 aa
195 2774 252 2815 ettae
263 2777 295 2814 nal
306 2778 324 2813 et
335 2780 392 2812 Anser.
485 2780 502 2816 6.
514 2778 561 2826 αὐτῷ
574 2781 600 2827 τῷ
612 2780 667 2825 κυρίῳ
679 2782 736 2816 daem.

80 2825 108 2860 32.
127 2823 140 2870 ἠ
156 2830 170 2861 tu
187 2828 244 2860 Anser.
276 2827 310 2859 Vae
327 2821 440 2867 ὑποστάσεως
486 2826 501 2863 7.
514 2825 537 2871 δὴ
549 2837 581 2861 non
592 2828 639 2861 dotet
650 2831 707 2863 Anam.

58 2875 94 2906 ente
106 2870 125 2913 ἐξ
137 2870 249 2912 υποστάσεως
262 2882 293 2905 em.
304 2873 322 2904 in
331 2875 387 2905 Anam.
486 2884 502 2920 g⁸
515 2884 568 2920 εἰπεῖν
580 2886 638 2920 ΑΜ,

81 2917 150 2951 CAP-V·
163 2936 183 2943 -
208 2917 223 2952 1.
235 2915 255 2954 τὸ
271 2928 302 2951 em.
318 2919 335 2951 in
346 2919 370 2950 ed.
383 2919 440 2953 Petne.
486 2942 498 2977 9
524 2939 532 2947 .
593 2942 602 2956 „

59 2965 113 2997 Coton,
124 2967 172 3005 repet,
498 2967 503 2975 .
516 2946 571 2982 stass,
585 2943 651 2981 aestas
662 2945 719 2977 ancer.

80 3008 97 3042 2
109 3007 274 3054 συμπαρεῑλήφαμεν
286 3013 343 3042 Amor,
487 3000 513 3033 10.
527 3010 553 3034 σοι
563 2998 580 3034 τί
589 3009 610 3034 σε
620 3002 650 3036 δεῖ
656 3003 715 3035 ποιεῖν.
732 2994 779 3036 odra
787 3005 845 3036 anem.

59 3053 98 3134 ΑΒ.
110 3055 186 3089 λαλεῖται
197 3053 215 3090 ἐν
226 3052 282 3099 ἁγίοις
294 3052 304 3090 ὁ
315 3054 354 3101 Χρ.,
366 3055 442 3091 λαλεῖται
488 3056 513 3090 11.
526 3053 575 3101 ἁγίου
585 3053 682 3103 πνεύματος
692 3056 778 3101 κατῆλθον
788 3061 845 3093 Anser.

73 3109 115 3134 nem.
