1988 3392
167 197 209 245 320
454 207 665 244 εκαοοιτοιεωκυιι

167 286 265 340 ἀληθινός
282 287 333 337 θεός
346 289 521 342 προςαγορευθείς.
551 286 610 327 Κατά
626 287 648 328 δὲ
663 284 699 327 τόν
713 285 777 327 αῦτοῦ
789 286 849 340 λόγον
862 290 897 330 καὶ
908 288 951 330 διοί-

167 372 225 399 νοιαν
235 353 250 412 ῆ
261 354 340 414 ἀναιρεῖ
347 353 369 399 τό
380 351 430 397 εἶναι
439 351 474 398 τόν
485 352 531 398 υίόν
541 351 602 409 θεόν,
618 353 653 398 καὶ
663 351 727 411 μύτην
737 360 862 411 συκοφαντεῖ
868 352 891 402 τό
904 353 950 403 όνο-

168 445 206 481 μα,
230 426 351 484 Χριστιανός
364 425 386 469 τό
398 425 463 480 όνομα
474 432 588 469 καλεῖσθαι·
610 424 624 479 ῆ
642 425 689 468 9ότι
699 424 749 468 θεόν
759 426 795 478 μὲν
805 427 844 479 ἔχει
853 426 888 469 τόν
898 427 951 480 υίόν,

167 493 208 535 ἀλλ’
217 496 257 536 οὐκ
272 492 380 547 ἀληθινόν,
400 494 435 534 καὶ
450 494 505 534 ἔσται
520 493 576 549 αὐτῷ
589 491 617 541 εἷς
629 491 679 541 θεός
693 491 803 545 ἀληθινός,
824 494 859 533 καί
872 491 901 542 εἷς
913 493 952 536 οῦκ

168 560 272 620 ἀληθινός.
304 558 361 606 Κατύ
371 560 392 606 δὲ
404 558 505 618 ὑπόβασιν
516 561 551 607 ἕνα
562 557 597 617 ἀφ’
609 558 654 613 ἓνός
665 557 761 621 εῦρίσκων
773 560 802 607 ότι
813 561 848 607 καὶ
859 558 882 607 τό
894 559 952 620 ἀγιον

168 640 248 688 πνεῦμα
259 637 280 676 ἓν
290 634 397 689 μικροτέρα
413 634 448 674 καὶ
464 631 581 689 ἀποδεούσῃ
596 630 650 681 τάξει
661 630 746 681 τάττων,
768 630 782 685 ῆ
792 631 822 673 ότι
833 632 952 687 μικρότερον

168 701 227 742 πόλιν
236 699 287 741 θεόν
299 701 346 749 ἕξει,
367 697 416 756 ῆτῆ
426 700 493 753 τριοίδι
504 697 531 751 μῆ
543 701 675 753 συναριθμῦν
686 703 745 740 τοῦτο
758 699 812 740 ἔσται
825 697 953 741 παντόπασιν

169 766 271 827 ἀλλότριον
288 771 415 828 Χριστιανῶν
431 764 453 813 τό
470 764 554 814 ἐλεεινόν
569 766 728 826 ἀνθρωπόριον,
750 769 785 813 καί
800 768 872 813 λοιπόν
879 768 954 824 Ἕλλην

169 838 321 894 ἀποκηρυχθείη
338 839 468 888 τελειότατος,
492 839 527 879 καὶ
543 840 683 885 Σαδδουκαῖος
697 842 725 893 τῷ
737 836 829 894 ἀριθμῷ,
850 836 954 892 ἀλλότριος

172 906 207 959 μὲν
224 908 261 947 τοῦ
273 904 386 961 πνεύματος
398 908 434 947 τοῦ
445 901 514 962 ἀγίου,
535 902 563 955 οἷς
573 904 608 948 καί
618 905 682 958 ἔστιν,
696 902 779 962 Ἕλλησι
792 904 814 949 δὲ
825 903 953 965 συγκρινόμε-

170 995 204 1027 νος
218 982 243 1036 τῇ
253 980 328 1033 μερίδι,
350 978 385 1020 ἕνα
401 976 437 1030 μὲν
451 974 502 1019 θεόν
517 975 602 1028 φάσκων
618 977 689 1031 με’γαν,
709 977 744 1018 καί
759 978 795 1018 ἕνα
811 975 896 1032 μικρόν,
918 977 953 1019 ἕνα

170 1043 280 1097 ἀληθινόν,
295 1046 329 1085 καὶ
342 1045 377 1085 ἕνα
389 1044 427 1084 οῦκ
439 1043 548 1096 ἀληθινόν,
569 1042 696 1096 τόςἝλληνες
708 1041 851 1098 όμολογοῦσιν,
873 1044 908 1085 ἕνα
919 1044 953 1097 με’-

170 1129 208 1172 γαν
218 1109 280 1168 θεόν,
295 1109 343 1164 τοῦς
354 1110 376 1156 δὲ
384 1108 456 1164 ἀλλους
467 1108 551 1171 μικρούς
561 1108 697 1168 όνομύζοντες·
713 1115 749 1170 τῆς
759 1113 818 1166 θείας
828 1116 908 1172 γραφῆς
918 1109 954 1157 αύ-

170 1183 206 1226 τόν
217 1188 287 1235 σαφῶς
295 1183 422 1237 ἐλεγχούσης,
437 1185 472 1224 καὶ
483 1184 529 1235 περὶ
538 1181 614 1237 πατρός
628 1183 664 1235 μὲν
675 1183 771 1238 λεγούσης
781 1181 809 1232 οἷς
823 1181 835 1224 ό
847 1181 897 1230 θεός
908 1181 954 1234 ἀλη-

170 1248 240 1300 θινός,
255 1250 290 1290 καί
300 1249 346 1304 περὶ
355 1251 402 1291 υἱοῦ
414 1247 436 1290 τό
448 1247 497 1298 θεός
508 1246 613 1301 ω’ςαύτως,
632 1249 694 1291 10καί
706 1250 751 1306 περὶ
765 1246 852 1307 πατρός,
870 1247 898 1292 Τό
909 1252 955 1303 φῶς

171 1315 251 1374 όθεός,
266 1320 311 1378 περὶ
322 1318 344 1363 δὲ
356 1320 412 1374 υἱοῦ,
424 1312 462 1363 Ἦν
473 1316 495 1363 τό
508 1323 553 1373 φῦς
563 1318 585 1363 τό
597 1318 706 1374 ἀληθινόν,
721 1322 756 1364 καὶ
767 1322 813 1376 περὶ
824 1318 884 1376 ἀγίου
894 1321 955 1363 πνεύ-

170 1405 232 1440 ματος
243 1388 284 1437 ὅτι,
308 1387 334 1429 Τό
345 1393 424 1440 πνεῦμα
433 1392 468 1440 τῆς
480 1386 583 1438 ἀληθείας.
611 1386 722 1439 Ἀληθινῦς
733 1390 802 1430 τοίνυν
813 1386 862 1441 ἡμῖν
873 1385 887 1441 ἡ
897 1386 955 1444 τριάς

170 1454 319 1515 καταγγέλλεται
333 1454 354 1499 ἐν
368 1457 431 1517 σοφία
445 1456 480 1500 καὶ
495 1452 556 1513 βόθει
571 1452 665 1501 πλούτου.

229 1590 282 1634 Εἶτα
298 1592 358 1634 πόλιν
374 1591 494 1641 ἀκολούθως
510 1594 571 1644 φησί,
594 1594 635 1633 Καὶ
650 1590 690 1634 ύπό
709 1596 746 1634 τοῦ
762 1592 908 1642 ἀποσταλέντος
918 1590 955 1648 Ἰη-

173 1665 211 1708 σοῦ
223 1666 319 1721 Χριστοῦ,
332 1662 366 1707 καί
378 1660 417 1707 οῦκ
429 1659 507 1723 ᾐδέσθη
524 1660 641 1715 ἀπαξιώσας
654 1660 689 1708 τόν
701 1667 799 1721 μονογενῆ
815 1667 866 1707 θεοῦ
881 1661 956 1719 όνόμα-

173 1751 217 1783 τος,
233 1731 282 1774 ἀλλά
296 1731 388 1784 11μόνον
400 1737 452 1788 ψιλῆ
462 1737 487 1788 τῆ
496 1734 545 1781 λέξει
554 1734 657 1786 κέχρηται,
673 1730 701 1780 τός
711 1733 732 1773 ἒν
743 1737 784 1780 τοῖς
795 1731 891 1774 ἀνωτάτω
903 1730 956 1784 τόμο-

172 1799 242 1856 λόγησε
253 1800 380 1851 κεφαλαίοις,
402 1799 439 1849 ἕως
452 1802 515 1854 ψιλῆς
527 1797 638 1855 ὀνομασίας
652 1798 718 1855 νέμων
730 1802 757 1859 τῷ
767 1799 806 1860 υἱῷ
816 1796 839 1844 τό
851 1798 910 1858 γε’ρας
920 1802 956 1844 τοῦ

173 1868 279 1925 ὀνόματος,
309 1870 370 1925 Λέγει
386 1869 408 1912 δὲ
421 1867 461 1926 πρό
472 1868 551 1913 αι’τόνων
561 1867 675 1913 ῦποστάντα
690 1870 783 1924 ἀληθῶς,
802 1872 837 1913 καί
848 1869 897 1913 όντα
908 1870 955 1924 ἀλη-

172 1943 218 1986 θως
228 1941 325 1992 γεννητῆς
334 1935 468 1984 ὑποστάσεως.
498 1935 620 1990 Λιατηρῆσει
630 1936 662 1988 δὲ,
678 1939 739 1990 φησί,
759 1935 800 1978 ἀπό
810 1942 847 1990 τῆς
858 1933 955 1991 ἀσεβείας.

174 2006 246 2050 Ε’ίωθε
256 2004 277 2049 δὲ
288 2007 344 2049 πῦσα
359 2002 426 2062 φαύλη
438 2000 484 2064 γενῆ
497 2002 544 2057 τοῦς
556 2001 649 2063 12αῦτῆς
661 2003 750 2065 τρόπους
761 2001 829 2059 ἀλλοις
840 2003 956 2066 προλαμβά-

173 2096 215 2120 νειν
226 2095 246 2119 τε
256 2078 292 2119 καί
302 2077 432 2130 ἐπιφημίζειν.
464 2074 506 2129 Οῦγ
517 2074 572 2130 όρῶν
583 2075 621 2131 γάρ
632 2079 661 2125 είς
671 2076 710 2118 όσα
720 2077 828 2129 ἠσέβησεν,
843 2075 915 2119 ἑαυτόν
925 2075 957 2118 εύ-

173 2146 223 2198 σεβῆ
232 2146 316 2196 νομίζει,
338 2141 366 2191 νίς
377 2144 398 2184 οἵ
406 2140 443 2196 τῆν
459 2144 598 2198 παραπληξίαν
612 2144 730 2198 κεκτημένοι
745 2144 847 2199 νομίζουσι
863 2142 899 2200 μὲν
910 2142 957 2186 ἒαν-

174 2210 222 2266 τοῦς
234 2214 255 2259 ἐν
268 2210 364 2272 φρονῆσει
375 2208 435 2267 εἶναι,
455 2211 503 2265 τοῦς
516 2212 538 2257 δὲ
548 2209 620 2265 ἀλλους
630 2218 783 2271 φρενητιῶντας.
812 2212 914 2258 Ἐνταῦθα
927 2214 956 2268 δὲ,

173 2284 206 2325 Ἑν
219 2289 299 2339 Χριστῷ
308 2282 384 2335 Ἰησοῦ,
399 2281 453 2332 οῦδὲ,
472 2287 504 2337 Τῷ
514 2285 577 2338 κυρίῳ
587 2281 653 2334 ῆμῶν,
668 2282 773 2335 ἐτόλμησεν
783 2280 901 2335 ἀποδοῦναι,
917 2279 958 2323 ἀλλ’

175 2352 293 2408 εἰρωνικῶς,
312 2352 344 2410 Τῷ
354 2352 428 2407 σωτῆρι
439 2345 508 2405 ῆμιόν,
528 2349 612 2405 ἔφησεν,
632 2350 666 2393 καί
678 2363 739 2406 φησι,
760 2346 792 2395 Δι’
806 2343 832 2395 οῦ
842 2353 897 2395 πόσα
908 2346 958 2403 δόξα

176 2426 203 2481 τῷ
213 2422 273 2477 πατρί
287 2421 322 2464 καὶ
332 2425 370 2464 νῦν
380 2421 414 2464 καὶ
426 2419 488 2463 Πάεὶ
501 2422 536 2464 καί
548 2422 576 2470 είς
588 2418 636 2471 τοῦς
646 2423 721 2471 αἰῶνας
731 2426 772 2465 τῶν
787 2420 877 2473 αιόίνων,
898 2420 957 2475 ἀμήν.

177 2492 219 2530 Καὶ
231 2488 279 2530 αῦτό
292 2488 313 2529 δὲ
325 2487 347 2528 τό
361 2490 434 2539 εἰπεῖν,
456 2492 517 2529 Πᾶσα
527 2487 586 2538 δόξα,
602 2487 658 2536 ὅπως
671 2493 805 2543 14περιαιροῖ
812 2487 848 2530 τόν
859 2487 905 2530 υἱόν
915 2485 957 2529 ἀπό

176 2560 212 2614 τῆς
222 2559 280 2614 τιμῆς
291 2572 311 2601 τε
321 2555 356 2601 καί
374 2553 434 2614 δόξης
449 2550 475 2601 οῦ
488 2553 555 2608 οὐδεὶς
573 2554 662 2610 ἀνέξοιτό
674 2575 722 2603 ποτε
733 2561 773 2603 τῶν
788 2555 877 2616 εύσεβῦν
889 2558 924 2603 καί
936 2558 958 2604 ίκ

177 2627 290 2681 πνεύματος
305 2626 364 2683 ἀγίου
378 2626 414 2680 τῆν
428 2625 507 2682 δωρεοίν
521 2631 558 2679 τῆς
573 2626 671 2681 ἀληθινῆς
685 2631 769 2676 πίστεως
783 2627 900 2680 εἰληφότων.

239 2755 306 2797 Ταῦτα
314 2752 336 2798 δὲ
346 2750 411 2797 πάντα
421 2748 549 2809 διαλαβόντες
559 2750 584 2797 τό
594 2750 635 2798 ῦπό
647 2751 719 2798 τούτου
730 2759 766 2798 τοῦ
775 2754 854 2798 Ἀετίου
865 2755 959 2812 εἰρημένα

178 2827 200 2867 ἓν
209 2827 320 2878 διαλεκτικῇ
330 2840 370 2864 τινι
378 2824 435 2879 τέχνῃ
447 2824 482 2863 καὶ
491 2827 627 2879 σνλλογιστικῆ
641 2822 728 2878 ῦπονοίγι
739 2823 871 2876 ἀνθρωπίνης
882 2840 957 2877 μαγγα·

177 2891 259 2940 νείαςέν
266 2890 381 2944 κεφαλαίοις
390 2887 420 2942 λζ’.
442 2885 479 2940 Οἷς
489 2892 587 2946 νουνεχῶς
593 2886 646 2947 ῦμῦς
656 2889 742 2947 ἐντυχεῖν
749 2893 909 2949 παρακαλοῦμεν,
923 2889 958 2936 καί

200 2974 217 3010 9.
230 2977 301 3017 λκαλίτςε
312 2967 324 3019 ῆ
338 2978 442 3018 συκοφαντεῖ
451 2970 479 3010 ότι
489 2975 524 3009 κτλ.
605 2976 632 3009 11.
645 2973 695 3018 μόναν
704 2976 750 3008 codd.
759 2984 796 3008 mss.
808 2973 865 3018 μόνως
872 2977 910 3008 editt
917 2977 958 3009 tttrt.

204 3022 228 3052 10.
247 3023 297 3052 Verba
312 3019 392 3061 καὶπερὶ
406 3018 471 3062 πατρὸς
483 3038 506 3044 -
519 3019 558 3061 περὶ
605 3019 630 3051 12.
643 3017 694 3052 αύτοῦ
706 3022 763 3050 vitium
775 3023 797 3050 est
808 3021 845 3051 ecttt.
860 3022 914 3051 Ρελαυ.
928 3021 958 3050 Go-

179 3064 198 3098 δὲ
209 3064 246 3097 υἱοῦ
258 3066 320 3097 Patavii
331 3065 437 3103 interpretatio
447 3064 520 3104 neytexit.
581 3065 611 3095 ton.
623 3067 671 3104 repet.
