1988 3392
189 228 281 263 ιιιιιιιιι
292 228 336 263 nra.
346 230 376 263 ιιι.
392 230 447 265 ron.
457 216 478 264 n.
495 229 574 264 nxros.
587 228 632 262 ern.
645 226 742 262 cernon.
815 220 857 261 525

74 311 144 355 rimus.
174 307 227 352 Nam
238 323 287 366 prae
296 309 368 352 veneni
378 309 431 352 illius
441 310 540 362 molestia,
552 323 596 352 enm
608 307 680 363 alioqui
692 307 749 349 facile
760 308 780 350 in
789 321 858 363 quem-

75 393 133 437 quam
145 377 198 420 dieta
209 378 277 420 iacere
292 392 332 420 non
343 378 454 429 soleamus,
477 393 560 421 necesse
573 377 678 420 habuimus
690 375 801 418 istiusmodi
814 376 858 417 illos

74 446 173 504 appellare
189 445 270 499 verbis,
287 454 308 488 ut
320 446 345 488 ab
356 460 380 489 ea
392 446 505 503 suspicione
519 447 646 503 quorumdam
661 458 802 488 revocaremus
815 445 858 487 ani-

74 529 131 568 mos,
155 516 206 570 qnod
222 513 244 556 iu
262 515 340 572 illorum
357 514 414 557 dietis
431 515 527 571 factisque
542 515 667 570 divulgandis
684 520 772 570 apertam
787 514 870 565 nuttam,

75 583 135 628 animi
147 583 209 626 nostri
221 582 385 639 significationem
398 583 529 636 dedissemus,
546 598 583 626 nos
595 584 620 626 ab
635 583 695 641 impia
706 582 802 638 cuiusque
813 582 859 624 hae·

75 652 127 697 resis
136 652 229 710 opinione
242 667 282 695 non
295 653 412 696 abhorrere.
444 652 489 708 Qua
502 653 559 695 dere
571 653 638 710 paucis
651 653 717 709 operis
731 650 789 694 huius
804 651 860 694 initio

75 720 159 779 praefati
176 734 257 774 stamus,
279 735 302 763 ac
319 722 494 778 praemuniendum
506 721 601 763 lectorem
616 720 741 778 putavimus,
763 734 803 762 non
816 719 860 762 sine

75 788 199 849 praefatione
212 789 297 843 veniae,
313 804 339 832 ne
349 790 393 847 quis
402 789 519 833 iniuriarum
531 804 568 847 nos
579 803 626 832 reos
638 796 720 844 ageret,
737 788 794 845 quasi
803 803 861 831 caus·

13 869 15 872 ’
48 874 50 877 ’
76 872 110 903 sae
125 857 214 901 bonitate
229 857 276 901 victi
292 858 316 900 ad
331 858 414 901 dicteria
429 858 539 916 probraque
558 859 719 915 confugeremus.
752 857 774 900 ln
789 858 859 900 eodem

76 941 125 971 vero
141 927 231 984 proemio
251 927 420 984 significavimus,
441 942 537 983 quaenam
550 942 562 969 a
577 927 635 969 nohis
655 927 769 969 tractandae
791 934 860 969 essent

76 997 183 1049 haereses,
200 1004 241 1040 tum
253 1003 300 1053 quot
310 996 331 1039 in
342 997 404 1039 libros
416 1003 478 1039 totum
491 1011 541 1052 opus
551 1003 606 1039 esset
617 995 751 1038 distributum.
781 994 860 1039 Deinde

76 1072 125 1122 quot
138 1072 160 1108 et
174 1066 285 1108 cuiusmodi
305 1065 326 1108 in
340 1079 500 1122 unumquemque
520 1065 591 1108 librum
613 1064 704 1107 coniecta
724 1064 772 1107 sint.
802 1064 860 1121 Quae

76 1134 184 1178 memoriae
199 1149 270 1177 caussa
285 1135 308 1177 ad
323 1134 420 1177 lectorum
437 1135 546 1178 utilitatem
556 1134 604 1177 libet
618 1134 656 1176 hoc
671 1134 716 1176 loeo
730 1141 831 1191 repetere.

134 1204 189 1247 Tres
205 1204 273 1260 itaque
287 1203 332 1246 libri
348 1211 394 1246 sunt
410 1211 485 1259 septem
501 1204 522 1245 in
535 1211 600 1246 tomos
613 1203 688 1261 partiti.
718 1201 799 1246 Primus
811 1203 863 1246 liber
893 1196 934 1251 ci.

77 1274 171 1315 haereses
182 1287 221 1315 sex
229 1279 250 1314 et
261 1273 391 1329 qnadraginta
401 1272 545 1329 complectitur,
562 1273 644 1328 quarum
655 1273 736 1314 nomina
747 1272 861 1328 singillatim
883 1261 936 1295 xlx.

76 1348 231 1398 percensentnr,
253 1347 334 1383 servato
349 1340 434 1397 prioris,
455 1341 573 1397 posterioris
590 1355 613 1382 ae
625 1340 746 1396 reliquarum
765 1340 860 1398 deinceps

76 1410 101 1452 ad
117 1416 236 1467 postremam
256 1423 318 1466 usque
336 1409 458 1463 libritotius
473 1409 550 1452 ordine.
581 1407 638 1466 Ergo
654 1410 728 1466 primns
739 1409 790 1452 liber
802 1409 860 1451 tomis

77 1479 140 1521 tribus
152 1476 225 1521 XLVI
238 1478 333 1521 haereses
350 1478 447 1521 continet.
478 1476 584 1521 Secundus
599 1478 658 1520 tomis
673 1478 750 1521 duobus
766 1478 861 1521 haereses

78 1545 161 1590 XXlll.
193 1546 277 1590 Tertius
292 1546 377 1603 deniqne
392 1547 475 1589 totidem
492 1546 552 1589 tomis
566 1547 659 1589 haereses
672 1546 712 1589 Xl.
743 1545 787 1589 Vns
801 1547 862 1603 igitur

78 1631 159 1669 omnes,
176 1616 209 1672 qui
218 1628 342 1657 communem
353 1615 405 1657 hunc
416 1630 493 1658 mecum
505 1615 591 1658 lahorem
602 1616 715 1673 capessite,
731 1623 753 1658 et
764 1616 815 1658 hanc
826 1631 863 1658 no-

78 1691 139 1728 stram
156 1684 313 1727 lucubrationem
325 1685 423 1741 patienter
438 1685 533 1727 evolvere
545 1673 642 1736 studetis,
664 1699 714 1741 rogo
726 1685 830 1741 plurimum
843 1692 863 1727 et

78 1753 187 1806 exhortor,
208 1753 267 1795 etuti
278 1753 333 1808 digni
345 1753 389 1796 sitis
401 1753 491 1810 postulo,
512 1754 597 1795 fructum
608 1753 668 1796 istinc
680 1753 765 1808 aliquem
777 1760 797 1795 et
809 1754 863 1795 utili-

78 1829 138 1865 tatem
150 1836 234 1879 capere,
255 1828 315 1878 atque
332 1821 442 1864 haereseon
459 1822 569 1864 molestia-m
585 1836 608 1864 ac
626 1821 732 1879 perniciem
748 1822 772 1864 ab
790 1822 862 1864 animis

79 1892 152 1934 vestris
161 1890 277 1948 longissime
288 1904 400 1933 removere.
431 1889 479 1932 Non
492 1890 544 1933 enim
555 1890 600 1933 illas
610 1891 725 1947 cuiusquam
735 1891 761 1933 ad
772 1892 862 1933 fraudem

79 1959 202 2017 exitiumque
213 1959 355 2017 patefecimus,
377 1960 413 2002 sed
428 1960 452 2001 nd
465 1960 568 2002 utilitatem
580 1967 639 2016 atque
655 1961 779 2013 cautionem,
801 1974 827 2001 ne
837 1960 862 2002 ad

80 2036 244 2072 commemoratas
259 2029 304 2071 illas
319 2029 414 2071 haereses
432 2028 532 2070 illecebris
544 2027 589 2071 ullis
605 2029 708 2084 quisquam
727 2028 860 2085 pertrahatur.

79 2094 144 2140 Porro
155 2097 189 2140 ubi
200 2104 262 2140 totum
272 2097 325 2139 istud
339 2111 399 2153 opus,
417 2097 486 2139 eiusve
498 2104 573 2154 partem
586 2098 671 2153 aliquam
684 2098 768 2154 legendo
781 2112 861 2154 percur-

79 2166 159 2220 reritis,
181 2167 240 2209 deum
257 2181 292 2223 pro
305 2166 366 2221 nobis
380 2166 518 2219 obsecratote,
540 2173 560 2209 et
574 2166 621 2208 illud
633 2166 740 2222 impetrare
752 2167 861 2220 studetote,

81 2235 138 2278 nobis
152 2243 172 2278 ut
184 2236 217 2278 ille
230 2235 295 2277 locum
307 2235 392 2291 aliquem
404 2236 424 2277 in
437 2242 507 2278 saneta
518 2236 599 2292 solaque
612 2231 741 2278 catholicae
753 2236 863 2293 apostolica

81 2304 177 2359 eeclesia,
201 2305 309 2362 eademque
325 2318 385 2356 vera,
407 2304 485 2346 vivifica
497 2304 619 2361 salutarique
633 2303 717 2357 tribuat,
739 2311 862 2348 tumntnos

81 2372 105 2414 ab
123 2373 212 2417 haeresis
227 2374 291 2417 omnis
307 2373 425 2430 contagione
442 2373 521 2416 liberet.
556 2372 615 2430 Quod
631 2374 647 2416 si
663 2373 771 2431 quicpiam,
795 2381 863 2431 utpote

81 2439 182 2495 homines,
199 2442 232 2499 qui
243 2442 462 2500 incomprehensibilem
475 2449 495 2484 et
505 2442 664 2500 inexplicabilem
673 2441 727 2484 illam
739 2442 863 2486 divinitatem

81 2511 159 2566 penitus
175 2512 268 2567 assequi,
289 2518 310 2553 et
329 2513 353 2554 ad
367 2518 478 2554 extremum
495 2525 557 2568 nsque
575 2519 681 2568 penetrare
696 2526 736 2553 non
748 2527 862 2568 possumus,

82 2580 148 2623 sedin
164 2580 267 2637 angustias
283 2594 317 2623 eas
329 2580 426 2633 coniecti,
447 2588 468 2622 ut
481 2581 542 2623 divini
553 2579 640 2623 numinis
652 2581 788 2637 propugnandi
800 2582 864 2638 gratia

83 2650 177 2704 quaedam
190 2664 225 2706 pro
236 2648 322 2706 humano
334 2656 392 2707 captu
403 2650 504 2692 disserere
515 2649 578 2692 coacti
589 2649 660 2701 simus,
676 2649 758 2706 siquid,
774 2651 863 2707 inquam,

82 2718 140 2772 paulo
155 2719 248 2761 audacius
266 2717 360 2770 fecimus,
382 2719 507 2761 condonante
519 2721 568 2772 deo,
589 2732 626 2760 vos
639 2725 660 2760 et
670 2718 723 2760 istud
733 2719 780 2761 mihi
790 2720 864 2761 condo·

38 2833 40 2835 ,
83 2798 131 2829 nare
142 2787 216 2830 velitis.
247 2787 278 2828 Ac
287 2800 366 2828 rursum
377 2787 424 2829 illud
435 2802 478 2829 mea
490 2802 560 2829 caussa
570 2787 639 2843 petite,
655 2788 684 2829 uti
696 2788 795 2839 dominus,
806 2802 864 2844 quam

83 2853 107 2895 ab
118 2869 142 2898 eo
152 2863 226 2898 sortem
239 2855 411 2911 conditionemque
423 2856 499 2912 precati
511 2870 590 2907 sunum,
612 2855 633 2897 in
645 2857 770 2899 sanctissima
784 2870 821 2898 sna
831 2870 864 2898 re-

83 2921 170 2978 ligione,
186 2938 237 2981 quae
247 2924 290 2967 sola
300 2923 324 2965 ab
335 2924 388 2965 omni
401 2925 557 2967 contradictione
570 2923 633 2967 libera
644 2932 687 2977 est,
704 2925 814 2966 concedere
824 2938 864 2965 non

83 3001 189 3047 gravetur,
212 3000 371 3051 acpeccatorum
383 3007 484 3048 meorum,
505 2992 758 3049 qnaebenemultasunt,
780 2993 864 3048 gratiam
