1988 3392
176 195 204 236 34
466 204 549 238 SANGTI
560 203 676 237 ΕΡΙΡΗΛΝΙΙ

94 300 130 330 ρας.
139 293 171 324 εισ,
181 279 221 335 μὴν
231 281 302 336 ἕτερος.
334 281 376 323 Καὶ
384 283 516 338 περιλείπεται
528 278 569 323 οίιτύ
581 285 622 324 τῶν
631 281 722 323 ἐπαιτῶν
733 278 806 336 ἡμίραι
814 282 848 332 ἓξ,
868 282 903 324 καί
913 275 964 338 αἷραι

178 349 210 404 ιη’.
241 351 408 404 Προςτιθεμένοιν
424 350 446 392 δὲ
460 349 537 392 τούτων
548 352 576 407 τῷ
592 347 672 407 ἒβδύμφ
685 349 723 391 έτει
740 353 799 398 θεαῖς
809 346 847 401 ια’,
865 355 910 399 ταῖς
922 347 963 393 ολπδ

177 423 214 460 τοῦ
225 419 294 471 ἔτους,
309 419 345 460 καὶ
357 418 419 474 ύίραις
428 419 490 473 τρισί,
505 420 593 473 γίνονται
604 423 616 447 4
624 418 707 460 ἕπακταὶ
718 416 751 472 ιη’,
766 411 817 473 αἷραι
828 417 866 460 ια’,
899 422 931 477 Τῷ
941 419 964 462 δὲ

178 485 246 547 ύγδόφ
256 488 293 531 ἔτει
303 488 464 542 προςτιθεμίνων
473 483 534 531 πάλιν
542 489 583 529 τῶν
592 486 618 529 ια’
627 483 716 542 ἡμερῶν,
731 486 765 529 καί
776 483 830 542 ὁρῶν
839 485 864 542 γ’,
874 488 962 543 γίνονται

178 553 251 612 ἡμέραι
263 555 302 610 κη’,
315 556 398 600 ἕπακταί
408 555 442 598 καί
453 549 503 609 [δραι
512 553 550 607 κδ’,
566 557 589 597 αἳ
599 558 693 598 ποιοῦσιν
702 551 778 610 ἡμέρας
788 553 813 609 β’.
841 552 875 599 Ἐκ
886 554 963 600 τούτων

177 629 219 667 τῶν
230 621 289 680 άρῶν
299 624 463 680 προςτιθεμένων
472 627 517 672 ταῖς
527 620 558 676 κη’
570 619 655 679 ἡμέραις
664 625 752 678 γίνονται
763 620 816 677 ύμοῦ
824 621 851 666 λ”
867 625 901 667 καί
912 638 962 680 συμ-

177 695 244 749 βαίνει
258 692 308 737 καιιί
323 691 358 736 τδν
372 691 446 749 ύγδοον
461 689 554 735 ἐνιαυτδν
566 690 733 746 ἕμβολιμεύεσθαι
745 690 781 742 τάς
792 691 808 734 λ’
822 690 908 750 ἡμέρας,
927 692 963 737 τδν

178 763 214 806 ἕνα
224 767 277 818 μὴνα
288 764 317 812 είς
326 761 351 805 τοί
360 760 397 805 δύο
407 763 453 816 ἔτη,
475 761 510 805 καί
521 759 586 811 ούτας
600 758 651 805 κατά
661 762 756 817 περίοδον
771 758 913 819 ύκταετηρίδος
923 763 962 807 ἐνε-

177 833 266 887 νήκοντα
275 829 360 887 ἡμέραι,
380 831 453 881 οίτινίς
468 832 506 874 είσι
518 831 648 887 πληρέστατοι
659 828 763 886 ἐμβόλιμοι
780 835 841 887 μῆνες
856 837 921 889 τρεῖς,
942 835 963 875 οἳ

178 905 265 957 γίνονται
279 899 330 944 κατά
341 902 386 958 τρία
400 902 434 956 έτη
445 899 485 955 μήν
498 897 536 952 εἷς,
555 900 590 943 καί
600 897 651 943 κατοί
661 899 699 943 δύο
711 898 736 942 τοί
748 898 822 958 ύστερα
831 902 866 956 έτη
877 900 917 956 μὴν
928 898 962 953 εἷς.

176 967 210 1012 Ἐν
222 969 301 1020 τούτοις
318 976 361 1020 τοῖς
376 971 441 1026 τρισίν
450 971 565 1024 ἒμβολίμοις
579 974 620 1012 τῶν
631 973 692 1022 τρισίν
703 969 819 1013 συστάσεσιν
830 972 930 1024 διαφωνεῖ
938 969 961 1014 τύ

179 1037 251 1094 Πάσχα
266 1036 321 1092 παρά
335 1036 442 1088 Ἰουδαίοις
455 1055 476 1081 τε
490 1038 525 1081 καί
542 1042 683 1094 Χριστιανοῖς,
698 1039 790 1089 καὶτοῖς
805 1035 875 1090 ύίλλοις.

84 1131 130 1176 Κεφι
140 1129 168 1167 ιδ’.
235 1106 269 1150 Ἐν
280 1107 360 1158 τούτοις
370 1104 384 1161 ἡ
394 1106 488 1163 διαλλαγὴ
498 1105 554 1163 παρά
562 1111 604 1156 τοῖς
615 1107 769 1162 προειρημένοις
779 1105 889 1157 Αύδιανοῖς
899 1110 963 1164 γίγνε·

177 1193 220 1227 ται,
235 1177 269 1219 καί
280 1180 382 1218 πλανῶσιν
392 1174 468 1229 ἄνδρας
480 1176 514 1218 καί
527 1180 634 1231 γυναῖκας,
656 1175 677 1217 ἒν
689 1174 755 1233 τούτῳ
764 1179 792 1233 τῷ
802 1176 857 1231 μέρει
866 1175 962 1230 σεμνυνό-

178 1260 232 1298 μενοι
241 1242 292 1286 κατοί
303 1242 340 1297 τὴν
350 1243 463 1298 παράδοσιν
476 1241 526 1296 ιτὴν
539 1240 631 1297 οίπαρχίγς
642 1243 803 1297 ἐπιτελουμένην,
818 1244 853 1285 καί
864 1243 914 1287 κατά
926 1242 963 1298 τὴν

178 1311 275 1362 Διάιαξιν
295 1316 335 1354 τῶν
352 1310 486 1363 Ἀποσιύλων,
507 1312 624 1366 2μηδεμιᾶς
638 1307 740 1365 ἀκριβείας
754 1311 893 1367 προςέχοντες,
911 1312 962 1367 μηδὲ

176 1378 304 1434 ἐπιστάμενοι
315 1378 337 1423 ιδ
348 1380 412 1433 σαφὲς
423 1384 458 1433 τῆς
471 1381 492 1423 ἒν
504 1377 599 1429 Διατάξει
609 1382 650 1421 τῶν
660 1377 786 1423 Ἀποστύλων
796 1381 916 1434 ἐπιμελείας,
936 1375 962 1435 ἡς

176 1449 309 1503 ἒποιὴσαντο,
330 1447 355 1492 ού
366 1446 401 1491 διά
412 1447 434 1492 ιδ
448 1447 529 1498 πάντως
539 1447 595 1504 ύίγειν
605 1445 653 1497 τούς
666 1445 776 1498 Ἰουδαίους
788 1447 836 1502 μετοί
852 1448 961 1505 ἀκριβείας,

176 1515 224 1560 υίλλοί
242 1516 276 1560 διά
292 1515 315 1559 τύ
330 1519 420 1571 Ἰἐκτεμεῖν
435 1514 472 1571 τὴν
484 1518 608 1570 φιλονεικίαν
618 1520 658 1558 τῶν
671 1517 799 1571 βουλομένων
813 1515 862 1559 καθ’
877 1516 962 1567 ἑαυτούς

178 1586 279 1629 3ἕκαστον
289 1587 391 1637 ἐπιτελεῖν,
405 1586 440 1628 καί
451 1583 479 1640 μὴ
490 1586 511 1628 ἐν
520 1582 611 1643 ύμονοίγι.
635 1582 675 1626 Ἓν
685 1583 722 1640 γάρ
734 1583 806 1639 Πάσχα
816 1584 904 1640 Χριστδς
912 1584 960 1641 βού-

175 1658 240 1707 λεται,
260 1655 295 1697 καί
313 1659 372 1697 τοῦτο
386 1657 491 1710 λογίζεται,
510 1654 546 1695 καί
562 1652 690 1708 προςδίχεται
703 1650 739 1695 τύν
754 1652 885 1706 ἀφιλονείκως
898 1656 961 1698 ἒπιιε-

175 1726 261 1774 λοῦντα,
277 1723 313 1776 μέν
325 1725 357 1765 τοί
369 1738 390 1778 γε
403 1720 451 1777 μετά
463 1727 503 1765 των
513 1720 560 1776 μετά
571 1718 674 1776 άκριβείας
688 1720 814 1774 ποιούντων,
834 1720 883 1776 μετά
895 1721 961 1778 πάσης

175 1795 212 1844 τῆς
224 1789 282 1846 άγίας
294 1792 409 1845 ἐκκλησίας,
430 1794 466 1843 τῆς
478 1788 529 1832 κακοί
541 1788 628 1839 πολλούς
637 1788 725 1844 τρόπους
736 1788 772 1844 τὴν
783 1790 854 1846 ἕορτὴν
864 1790 960 1847 ἀγούσης.

177 1860 218 1901 Καὶ
235 1860 301 1912 εἰμὲν
317 1857 357 1902 άπδ
371 1862 527 1901 Κωνσταντίνου
544 1859 627 1912 ἐσχίσθη
639 1855 662 1899 τύ
675 1855 756 1912 Πάσχα,
777 1856 867 1901 πιθανδν
881 1853 908 1913 ἡν
918 1865 961 1910 τοῖς

176 1931 235 1969 τοῦτο
246 1931 413 1980 συκοφαντοῦσιν.
441 1924 524 1979 Ἐπειδὴ
535 1926 557 1968 δὲ
567 1924 606 1980 πριί
618 1929 655 1968 τοῦ
665 1929 819 1970 Κωνσταντίνου
829 1925 854 1970 τά
865 1930 960 1983 σχίσματα

174 1988 212 2048 ἡν,
228 1995 263 2037 καί
274 1990 300 2048 ἡν
311 1995 381 2049 χλεύη,
401 1992 500 2049 Ἑλλήνων
514 1993 612 2050 λεγόντων
625 1994 660 2036 καί
673 1992 852 2049 χλευαζόντωντὴν
862 1997 883 2039 ἐν
893 2000 917 2055 τῇ
928 1998 960 2040 ἐκ·

175 2065 245 2121 κλησίιγι
263 2065 387 2116 διαφωνίαν,
408 2063 442 2105 ε’πί
462 2065 616 2105 Κωνσταντίνου
635 2062 657 2104 δὲ
676 2059 711 2105 διαί
730 2067 766 2117 τὴς
785 2068 826 2106 τοῖν
845 2063 961 2108 ε’πισκύπων

174 2134 267 2185 σπονδῆς
277 2131 388 2186 συνηνοίθη
399 2135 473 2185 μᾶλλον
482 2128 506 2172 τύ
515 2135 587 2184 σχίσμα
598 2132 626 2181 είς
636 2132 683 2184 μίαν
692 2128 797 2185 ὁμόνοιαν,
811 2134 830 2174 τί
840 2126 878 2175 σύν
886 2132 960 2176 τούτου

174 2199 215 2241 ἐστὶ
226 2198 395 2256 προύργιαίτερον
407 2199 442 2241 καί
457 2199 609 2253 4χαριέστερον,
631 2196 673 2241 ιἰπδ
684 2202 720 2254 γῆς
729 2199 821 2254 περάτων
832 2200 854 2242 έν
865 2205 901 2258 μιγῖ
913 2198 960 2256 ἡμί-

176 2284 202 2324 ριγ
214 2265 345 2309 άπαλλοίττειν
355 2264 404 2309 λαύν
412 2269 462 2324 θεῷ,
478 2271 594 2319 συμφωνεῖν
605 2282 624 2308 τε
635 2267 669 2308 καί
680 2263 796 2322 άγρυπνεῑν,
807 2269 842 2310 καί
852 2268 889 2319 τάς
898 2267 961 2320 αύτιλς

92 2354 127 2384 μοι.
136 2346 167 2376 εει,
176 2332 253 2390 ἡμέρας
264 2337 326 2384 5ίσας
337 2336 415 2390 φέρειν,
430 2335 453 2376 ἓν
464 2351 486 2377 τε
498 2333 617 2391 ἀγρυπνίαις
628 2335 661 2376 καί
673 2334 758 2389 δεὴσεσι,
772 2337 807 2378 καί
817 2333 910 2395 ύμονοίγι,
925 2338 960 2381 καί

174 2406 265 2460 λατρείγι,
280 2405 360 2461 νηστείγι
371 2419 391 2444 τε
402 2403 436 2444 καί
451 2404 575 2461 ξηροφαγίμ,
591 2404 625 2445 καί
639 2399 719 2461 άγνείμ,
733 2404 768 2446 καί
780 2410 825 2454 ταῖς
836 2402 904 2456 ύίλλαις
916 2413 960 2456 ταῖς

174 2470 225 2514 κατά
238 2470 274 2525 τὴν
293 2469 459 2525 6παυσεβοίσμιον
469 2469 544 2525 ταύτην
554 2468 631 2527 ἡμέραν
644 2471 734 2528 οἰγαθαίς
745 2476 788 2530 θεῷ
804 2470 958 2530 εύαρεστὴσεσιν.

172 2538 254 2589 Ἱκανῶς
270 2539 292 2583 δὲ
305 2540 356 2593 ἔχειν
371 2542 443 2592 νομίζω
453 2543 489 2594 τὴς
500 2537 551 2582 κατά
561 2543 620 2583 τοῦτο
635 2539 658 2583 τύ
669 2538 735 2596 τάγμα
746 2545 787 2583 τῶν
796 2538 907 2585 Αύδιανῶν
916 2544 959 2586 δια-

174 2611 261 2661 φωνίας.

196 2768 213 2803 3.
224 2771 263 2808 ταῖς
275 2767 312 2803 ἔατε
322 2771 383 2807 καταῖς
394 2771 429 2802 cod.
440 2771 507 2813 λαιαῖς.
575 2771 623 2803 etiam
634 2770 720 2816 μηδεμίαν
727 2769 815 2818 άκριβείαν
820 2772 926 2819 προέχοντες,
933 2776 959 2809 ντί

196 2812 437 2856 4.,,Οοιιίηεέπακταλιξ“
460 2818 514 2849 Ρείον.
576 2818 627 2849 simile
638 2819 681 2858 ηιιίιί.

196 2859 231 2892 Gn>
248 2860 295 2892 XW.
305 2877 328 2884 -
349 2862 362 2893 1.
373 2860 406 2903 τῆς
415 2862 471 2894 vilium
484 2865 507 2895 est
517 2863 554 2894 edit.
599 2863 616 2896 3.
628 2860 741 2897 ἕκαστονηομ
752 2865 823 2904 ομνοεοίί
834 2864 868 2896 cod.
880 2865 946 2907 Ηλισίμ.

173 2905 229 2938 Ραίου.
242 2906 295 2937 Calon.
306 2908 354 2946 repet.
599 2904 616 2939 4.
628 2908 671 2940 Libn'
685 2909 742 2941 λαλιιιιι
756 2907 871 2952 χαριέστατον.
893 2910 912 2943 λα
922 2911 957 2943 ond.

196 2951 213 2982 Ἰ.
226 2951 318 2983 Emendatio
328 2953 389 2983 incerta
401 2954 428 2983 ιιι.
450 2952 554 2996 ίίιιοὶιμη-
576 2953 641 2993 λαιαῖς.
656 2954 714 2994 legitur
727 2952 743 2987 τί
756 2951 777 2987 δέ
791 2951 828 2987 ἐστι
844 2953 958 3000 προχιαίττροι

173 2993 226 3039 δεμίᾳ
236 2990 316 3041 ἀκριβείᾳ
322 2994 430 3040 προςέχοιτες
439 3006 475 3030 cum
482 3000 554 3039 Ρείουίο,
575 2995 636 3033 τούτου
647 2997 678 3032 καὶ
688 2997 803 3043 χαριέστατον.

172 3041 223 3073 licebit
233 3040 313 3086 μηδεμία
321 3036 402 3087 ἀκριβείᾳ
409 3041 514 3087 προέχοντες,
526 3046 555 3077 σοι
598 3044 615 3077 εἰ.
623 3044 699 3086 Suspicor
708 3043 756 3084 ἴσως.
768 3044 821 3078 Etiam
831 3045 927 3081 carnarium
933 3048 958 3081 vi·
