1988 3392
152 200 178 240 54
442 206 523 240 εεειοει
535 203 650 239 σειειιιαιι

59 294 99 356 ,ξῗὲ-
112 286 143 359 ⁸3³7·
211 288 241 329 Εἰ
252 289 319 330 τοίνυν
330 285 342 330 ό
355 290 442 342 λίβελλος
457 279 515 334 οὗτος
526 287 592 332 καλῶς
602 284 650 338 έχει,
670 285 692 326 οἱ
701 282 808 337 δυνάμενοι
820 282 938 340 ἀναγνώτω·

79 334 105 368 ’ψ’
135 349 140 357 ’
152 369 200 409 σαν,
216 356 250 399 καὶ
261 358 283 398 οἱ
293 355 402 411 δυνάμενοι
412 353 525 409 άκριβιιῖσαι
535 350 560 394 τό
571 353 591 396 ἐν
601 349 657 410 αότῷ
667 353 769 408 εἰρημένα*
785 352 819 396 καὶ
831 353 894 407 εἰμὲν
904 372 937 398 κα-

151 428 193 474 κῶς
204 426 252 479 έχει,
273 423 331 468 αὐτοὶ
345 424 506 480 διακρινέτωσαν.
538 418 569 464 Οό
585 420 623 478 γάρ
638 420 756 476 βουλόμεθα
774 421 841 478 1κέρα
853 416 883 465 οἷν
897 424 939 467 έιτι-

153 491 256 546 στάμεθα,
277 495 309 536 καὶ
322 499 362 538 τῶν
372 495 400 543 εἰς
411 491 464 546 ἡμᾶς
475 489 578 533 ἐλθόντων
591 491 659 547 λέγειν,
690 492 719 533 Εί
728 489 766 548 γάρ
779 492 814 534 καί
825 495 891 542 καλῶς
902 493 940 548 έχει

153 559 166 603 ό
178 564 265 616 λίβελλος
278 563 299 606 έκ
309 567 345 616 τῆς
356 560 486 611 ἀποθέσεως,
502 558 562 602 πόλιν
574 559 746 614 διανοηθήσονται
757 562 780 603 οἱ
790 558 940 617 έντυγχάνοντές

153 632 219 673 τεκαὶ
236 628 345 682 ἀκούοντες
361 629 392 673 ίίτι
408 628 445 673 οάκ
462 629 490 678 είς
503 625 578 682 μάτην,
601 627 647 670 οίίτε
662 630 690 677 είς
701 628 812 685 ἀργότητα,
836 626 882 672 αι’ίτε
898 630 940 673 κατ’

153 700 232 742 ἐκείνου
245 701 317 756 ἐγίνετο
330 697 385 757 αὐτῷ
396 696 472 753 ἀνάγκη
483 693 602 754 ἀπολογίας,
623 698 641 739 εί
651 695 678 751 μη
690 695 730 752 άρα
741 696 821 752 ἕξήμεσε
832 696 904 754 λόγους
914 717 940 743 τι-

154 766 192 818 νάς
203 767 349 824 ταράσσοντας,
370 767 405 809 καὶ
422 764 573 822 ἀναγκάσαντας
588 764 650 808 αιἰιόν
661 767 689 816 είς
702 764 810 823 ἀπολογίαν
822 765 879 820 ἥκειν
894 771 940 825 περὶ

104 834 106 837 ’
154 841 195 879 τῶν
207 834 240 878 ἀντ’
252 835 316 878 αότοῦ
327 836 441 890 εἰρημένων.
471 835 583 889 Συμβαίνει
597 833 635 891 γάρ
651 835 685 877 καὶ
699 834 748 889 μετά
759 833 781 877 τό
793 834 895 887 ἐσφάλθαι
905 835 941 879 ατί-

153 903 188 947 τόν
199 902 233 947 διά
243 909 280 947 τοῦ
292 905 381 959 λιβέλλου
396 901 625 960 διτεραιτολογὴσασθαι,
647 904 682 946 καί
693 903 764 947 ἑαυτόν
777 902 940 960 διορθώσασθαι·

153 972 168 1028 ἢ
178 973 210 1016 ότι
221 973 256 1027 μὲν
268 978 296 1030 τῷ
308 974 389 1031 λιβέλλρι
405 971 514 1026 ἐκόσμησεν
530 968 593 1014 αιίτοῦ
606 971 653 1021 τούς
663 971 746 1028 λόγους,
767 974 801 1015 ίνα
814 972 940 1033 τιαρακρόηιη

98 1037 100 1042 ’
153 1039 178 1084 τά
190 1039 225 1083 τίκτ’
240 1040 304 1083 αὐτοῦ
314 1042 414 1097 ρἠθέντα,
434 1043 468 1083 λ’να
483 1039 511 1095 μὴ
523 1040 597 1099 εἰιττέση
614 1039 647 1083 διά
657 1045 693 1095 τῆς
704 1043 840 1096 καθαιρέσεως
849 1046 887 1085 τοῦ
898 1060 939 1086 κοι-

154 1114 192 1153 νοῦ
210 1112 250 1152 τοῖν
270 1108 386 1153 έττισκόττοιν
404 1108 501 1166 συλλόγου
516 1124 536 1150 τε
550 1110 585 1151 καί
599 1113 636 1151 τοῦ
650 1107 741 1159 κανόνος,
765 1109 837 1163 Ὅμως
855 1109 880 1153 τά
895 1113 941 1166 ττερὶ

155 1179 276 1234 Μαρκέλλου
295 1180 323 1228 είς
340 1176 394 1232 ἡμᾶς
410 1178 494 1221 ἐλθόντα
510 1182 578 1219 ταῦτα,
606 1175 695 1233 Ἠρόμην
712 1178 734 1221 δὲ
748 1177 810 1229 αὐτός
825 1178 863 1236 §yffi
877 1179 941 1238 χρόνῳ

154 1249 193 1290 τινὶ
209 1244 244 1289 τόν
258 1249 369 1302 μακαρίτην
385 1246 455 1288 νεάταν
467 1243 595 1289 Ἀθανάσιον
610 1247 656 1301 περὶ
672 1246 745 1289 τούτου
760 1251 796 1289 τοῦ
813 1248 941 1302 Μαρκέλλου,

154 1319 198 1364 ττοίς
212 1313 289 1369 ἀνέχοι
304 1315 349 1370 περὶ
366 1312 433 1357 αάτοῦ.
463 1312 486 1356 Ὅ
500 1314 521 1356 δὲ
536 1312 582 1357 οὔτε
596 1311 798 1371 διιεραττελογόσατο,
820 1314 867 1359 οίίτε
881 1315 942 1359 ιτάλιν

155 1382 207 1437 τιρός
217 1381 279 1426 αάτόν
294 1381 389 1438 ἀπεχθῶς
403 1381 489 1437 ἠνέχθη,
505 1380 569 1437 μόνον
583 1383 604 1425 δὲ
617 1381 650 1425 διά
663 1387 701 1425 τοῦ
716 1384 827 1439 κροςοίττου
838 1384 942 1439 μειδιάσας

155 1451 258 1507 υκέφηνε,
274 1453 386 1508 μοχθηρίας
401 1449 428 1506 μή
444 1450 523 1506 μακράν
538 1448 600 1494 αόιόν
615 1448 677 1503 εἶναι,
700 1454 733 1494 καὶ
750 1450 777 1503 τίς
792 1452 942 1510 ἀπολογησάμε-

156 1539 192 1564 νον
207 1520 251 1576 ειχε.

214 1588 367 1644 Παραθησομαι
376 1587 422 1630 δὲ“
408 1587 467 1630 ατινά
478 1573 529 1638 τινες
542 1591 548 1616 ¹
558 1587 651 1644 εὑρόντες
661 1590 682 1630 ἐν
692 1594 734 1639 τοῖς
745 1586 807 1632 αότου
819 1591 942 1673 Μαργέλλου

156 1657 302 1715 συντάγμασιν,
318 1656 331 1699 δι
326 1655 407 1700 ἐδόκει
419 1655 532 1711 έτιιληψιμα
547 1656 617 1706 αὐτοῖς
631 1661 751 1710 φαίνεσθαι,
766 1656 818 1713 κρός
828 1657 852 1701 όν
863 1656 941 1702 άιιοτει-

155 1725 238 1781 νόμενοι
248 1725 354 1782 καὶκαάτοί
364 1725 524 1775 ἀντισυνέταξαν.
555 1722 621 1767 vij
634 1726 655 1767 δὲ
667 1723 731 1769 ἀλλων
745 1727 805 1769 πάλιν
816 1725 850 1769 διά
861 1726 884 1770 τό
895 1726 944 1779 νοός

159 1793 329 1845 3ἀντισυντάξας,
352 1792 436 1849 ίίστερον
452 1795 479 1842 εἰς
492 1791 538 1835 ἀλλο
551 1794 660 1849 τραπέντας
675 1795 753 1850 ἐλέγχου
764 1795 832 1850 χάριν,
856 1794 880 1837 τά
890 1796 944 1839 άντι·

156 1864 293 1918 συνταχθέντα
307 1859 343 1905 ἀπ’
357 1859 425 1904 αὐτῶν
444 1860 601 1923 προβαλλόμενοι
616 1862 727 1914 ἐδείκνυον,
750 1863 784 1905 καί
799 1864 820 1906 ἒν
831 1869 873 1914 τοῖς
886 1870 945 1917 σφῶν

157 1930 226 1974 αὐτῶν
236 1930 358 1986 συντάγμασι
370 1927 421 1972 κατά
430 1929 465 1979 τάς
479 1930 602 1985 4γενομένας
617 1931 722 1985 διαιρέσεις
733 1929 833 1984 ἀναμέσον
843 1937 884 1975 τῶν
899 1935 945 1986 περὶ

153 1998 249 2043 Ἀκάκιον
270 2000 304 2042 καί
322 2001 424 2041 Βασίλειον
443 1996 478 2040 τόν
493 1996 584 2051 Γαλάτην
598 1999 633 2040 καί
650 1997 750 2056 Γεοίργιον
768 1998 803 2042 τόν
823 2003 945 2051 Λαοδικείας

156 2067 276 2122 ἐποιήσαντο
291 2066 344 2123 πρός
362 2068 440 2123 έλεγχον
458 2070 494 2108 τοῦ
509 2064 572 2108 αὐτοῦ
585 2063 685 2109 Ἀκακίου.
718 2062 784 2117 Οὗτος
798 2067 836 2124 γάρ
847 2064 892 2123 ἦνό
903 2068 943 2112 άιιό

155 2141 193 2179 τοῦ
209 2136 331 2193 Μαρκέλλου
346 2133 489 2191 συνταγμάτων
504 2132 556 2177 κατά
568 2135 690 2191 Μαρκέλλου
705 2135 777 2188 είτιοίν,
798 2139 832 2178 ἳνα
847 2139 867 2180 ἓν
882 2142 944 2180 κάσιν

154 2203 212 2259 ἡμεῖς
226 2209 262 2257 τῆς
278 2202 376 2257 ἀληθείας
391 2202 452 2257 μηδὲν
468 2205 627 2259 τιαραλείψαντες
643 2206 738 2258 δείξωμεν
750 2204 781 2247 ότι
797 2203 843 2248 οίίτε
858 2204 944 2260 ἀτιευχό-

155 2279 210 2327 μεθα
220 2271 245 2314 τά
256 2269 307 2327 ιιρός
318 2269 441 2325 διόρθωσιν,
464 2269 510 2313 οὕτε
525 2277 626 2314 συναινεῖν
640 2270 758 2326 βουλόμεθα
769 2279 811 2323 τοῖς
823 2292 840 2316 τι
853 2272 908 2329 τιαρά
920 2274 942 2317 τό

156 2339 257 2394 ἀληθινόν
272 2341 396 2395 ἐπιχειροῦσι.
428 2340 469 2382 Καὶ
484 2341 525 2383 ἔστι
540 2344 601 2382 ταῦτα
617 2341 639 2383 ἐκ
654 2346 690 2395 τῆς
704 2339 798 2385 Ἀκακίου
813 2340 866 2399 κρός
881 2343 942 2399 Μάρ-

155 2414 224 2452 κελλον
240 2406 352 2464 ἀντιλογίας
367 2407 419 2449 τάδε.

180 2547 220 2581 Cn.
232 2547 296 2580 IV·-
313 2548 328 2580 1.
340 2558 384 2589 τερα
393 2548 438 2579 codd
450 2557 488 2580 mss.
496 2550 538 2580 uter·
560 2552 639 2604 τόρευε(
657 2550 733 2603 Suspicor
743 2550 941 2607 εοήμείεεεΕμῐγλακὶνγι

155 2605 190 2637 ραι
213 2596 234 2627 Et
252 2594 338 2627 Carnarius
355 2592 397 2625 ultra
412 2596 463 2627 verti.
490 2590 537 2637 παρὰ
560 2590 603 2629 Ὑπὸ
620 2593 640 2629 δε
655 2589 711 2629 ἀλλων
726 2593 783 2635 πάλιν,
802 2594 831 2630 διά,
846 2593 865 2630 τδ
879 2593 942 2636 αὖτοὺς

155 2642 200 2675 editi.
559 2635 687 2682 άντισυντάξαι,
705 2637 942 2686 ὕστερονείςάκλυτραπέν

179 2687 220 2719 Ωιι).
232 2686 253 2718 V.
265 2704 288 2710 -
319 2683 333 2718 1.
355 2686 430 2726 Suspicor
447 2697 498 2742 τνρον
512 2687 537 2719 vel
559 2697 588 2724 τες
598 2687 644 2726 κτλ
661 2688 701 2720 he.
725 2687 750 2719 Ab
761 2686 797 2719 alus
811 2694 877 2726 autem,
895 2687 942 2733 quod

156 2725 203 2777 εὗρον
215 2730 260 2772 τέως
268 2733 386 2765 rescribendum
397 2741 428 2764 esse
438 2742 467 2774 pro
479 2729 537 2776 εδρόυ
560 2739 608 2764 erant
617 2740 676 2765 contra
687 2733 733 2765 inum
744 2733 857 2772 commentati,
869 2734 886 2767 in
898 2746 941 2768 con-

155 2790 189 2819 τςς,
559 2779 618 2811 εευιίιιε
630 2785 686 2823 partes
699 2779 767 2813 deducti
778 2791 833 2812 rursus
843 2791 886 2824 quae
897 2791 940 2813 con-

179 2827 189 2858 .¹
191 2826 297 2858 Petamus
290 2835 308 2857 ιο
315 2833 366 2865 οιονρ
376 2826 458 2857 annotavit
468 2819 537 2867 ,λδ-δίλ-
560 2831 587 2857 tra
605 2825 702 2858 Marcellum
715 2826 818 2869 scripserant
833 2825 941 2870 ριοευλειιιοι

157 2872 182 2906 λοι
192 2869 212 2907 δε
222 2883 271 2908 παιιν
282 2868 311 2906 δια
322 2880 366 2910 τον,
390 2870 444 2903 Locus
456 2870 484 2904 λιιι
495 2881 535 2904 cor
558 2876 576 2904 et
587 2871 708 2914 ostenderunt,
720 2879 738 2905 et
748 2883 785 2905 cum
795 2871 886 2906 dmsmnes
894 2876 939 2906 Aca
