1988 3392
236 248 329 283 eautau
342 248 385 283 tte.
394 249 424 283 nt.
436 247 492 283 uolt.
501 248 514 280 i.
526 243 682 280 aauetxxw.
810 230 849 271 171

66 332 136 371 sancet
168 328 221 371 ldem
238 329 272 371 ille
288 329 365 385 gratiae
377 328 461 384 sigillum
478 335 520 380 est,
542 341 565 369 ac
577 325 671 368 trinitatis
684 322 797 373 vinculum,
819 319 852 376 qui

68 411 105 440 ricc
117 411 128 439 a
140 398 269 454 productione
282 397 393 441 sanctitatis
404 397 528 451 excluditur,
553 410 590 438 nee
602 393 734 452 appellatione
745 392 852 445 discrepat,

67 480 105 509 uec
116 480 127 507 a
137 466 243 523 largitione
260 467 348 509 muueris
366 467 443 509 alienus
460 474 502 518 est,
524 469 559 507 sed
569 480 619 507 anor
628 472 658 505 est
668 466 725 512 deis,
747 461 851 515 rnefides,

67 550 117 577 unce
131 538 229 586 domares,
247 551 285 577 une
297 539 376 590 grntrir,
393 550 431 576 aaa
446 538 539 585 ecclesie,
556 537 660 590 baptismos
674 547 731 573 unes.

125 602 203 661 Quippe
217 605 294 647 trinitas
304 618 384 661 semper
394 611 437 657 est,
452 611 474 646 ut
486 604 564 661 saepius
577 604 626 655 dixi,
644 616 681 644 nec
693 601 752 642 tillarn
765 612 850 655 unquam
858 605 944 651 capxtt.

68 674 203 716 accessionem
219 673 279 730 capit.
311 672 332 715 ld
349 674 401 730 qnod
417 681 437 714 et
451 673 541 730 proliteri
557 671 697 715 suavissimum
713 676 755 720 est,
778 678 799 710 et
808 667 852 708 sine

68 741 107 784 ulla
119 742 211 784 satietate
223 743 302 785 dicitur.
333 741 385 784 Nam
404 742 498 798 propheta
513 742 596 794 cecinit,
619 742 688 782 Beleia
705 737 853 794 suntsnceidre
870 718 940 792 fiifflffi'a,

68 814 114 851 mets
128 813 202 865 eloquio
217 819 257 852 tao.
289 811 347 867 Quod
365 812 382 853 si
393 811 471 866 eloquia
482 810 525 866 ipsa
536 811 599 851 dulcia
613 810 665 862 sint,
688 816 762 865 quanto
773 815 805 849 est
818 821 854 862 no·

68 893 113 921 meu
128 878 191 936 ipsum
207 879 300 921 trinitatis
313 879 402 930 dulcius,
424 892 474 934 quae
492 879 570 935 quidem
587 880 630 920 lons
646 886 666 921 et
679 878 736 935 origo
747 876 853 919 suavitatis

41 954 56 982 ¹·
68 947 133 989 omnis
145 948 188 989 est?
218 946 286 1003 Quare
299 947 378 989 trinitas
388 947 450 988 tribus
461 947 516 989 hisce
528 954 655 998 ottmeratur,
678 954 745 1003 patre,
763 947 816 997 filio,
833 952 853 987 et

70 1017 141 1073 spiritu
158 1023 236 1059 sancto.
266 1015 339 1073 Neque
356 1030 404 1057 vero
419 1015 537 1057 confusione
552 1017 634 1071 quadam
646 1016 666 1056 in
678 1030 736 1057 unum
747 1016 852 1071 redigitur,

68 1099 106 1127 uec
118 1099 129 1126 a
142 1099 178 1127 sua
190 1085 265 1127 unitate
276 1084 408 1139 disiungitur:
425 1085 460 1126 sed
473 1084 494 1125 iu
507 1086 595 1141 perlecta
609 1084 739 1126 subsistentia
753 1085 853 1140 perlectus

68 1161 100 1196 est
111 1162 179 1210 pater,
196 1156 297 1210 perlectus
310 1154 374 1205 lilius,
390 1155 491 1209 perlectus
503 1153 584 1210 spiritus
596 1161 690 1205 sanetus,
706 1161 775 1210 pater,
797 1159 818 1194 et
830 1153 854 1194 li-

68 1223 119 1275 lius,
142 1231 162 1265 et
173 1223 254 1279 spiritus
266 1230 355 1264 sanctus.
385 1221 474 1264 Rursum
485 1237 534 1264 vero
544 1223 626 1279 spiritus
637 1222 746 1278 largiendis
757 1222 814 1264 donis
825 1229 855 1263 at·

68 1292 174 1335 tribuitur:
190 1295 298 1333 Dt'ct'et'ones
308 1295 357 1332 enr'eu
363 1294 474 1345 grult'ttrcm
483 1301 540 1340 stent,
557 1295 591 1333 sed
602 1295 650 1332 rilem
660 1295 741 1345 spiritus
746 1309 753 1341 ,·
775 1299 796 1331 et
806 1293 909 1332 dlvi-tem.
915 1302 959 1338 lat.

68 1364 131 1402 sionei
141 1363 289 1402 erendelenorum
300 1368 355 1409 eunt,
376 1362 424 1401 idem
438 1375 483 1400 cero
494 1363 593 1410 decutitur,-
613 1369 632 1401 et
642 1363 743 1401 dictationes
759 1362 855 1414 operatio-

68 1444 113 1470 nam
127 1438 184 1480 sent,
202 1432 250 1470 idem
264 1444 309 1469 vero
324 1431 381 1478 detes,
398 1432 433 1481 qut'
446 1437 537 1482 operatur
551 1432 614 1470 omnio
629 1433 649 1470 in
664 1431 756 1470 omar'bus.

127 1497 185 1554 Quae
201 1512 245 1539 oum
262 1497 290 1539 ita
306 1511 328 1539 se
344 1497 442 1548 habeant,
463 1510 569 1539 caveamus
585 1497 691 1552 diligenter
706 1512 755 1539 nea
771 1496 856 1539 veritate

68 1568 184 1609 aberremus
189 1597 195 1616 ‚
213 1567 247 1608 scd
261 1565 365 1608 veritatem
378 1565 519 1622 profiteamur,
536 1580 576 1607 non
589 1567 626 1607 deo
639 1566 804 1622 patrocinantes,
819 1566 855 1607 sed

69 1636 101 1692 pie
111 1635 131 1677 id
142 1635 285 1690 intelligentes,
301 1649 327 1676 ne
339 1634 445 1690 aliquando
456 1648 569 1690 percamus.
600 1632 655 1676 Fieri
668 1636 738 1692 quippe
749 1635 802 1677 nullo
813 1649 856 1676 mo-

70 1706 95 1746 do
110 1710 176 1759 potest
190 1711 212 1745 ut
229 1711 317 1745 creatum
334 1704 425 1758 quiddam
440 1703 460 1744 in
473 1703 562 1744 trinitate
575 1704 675 1754 dicamus,
698 1705 731 1746 vel
744 1704 855 1759 cogitemus

70 1773 141 1825 eliam,
165 1779 199 1814 aut
214 1772 270 1814 eitius
282 1778 350 1828 postea
364 1773 416 1812 lacta
427 1771 453 1813 sit
464 1771 566 1823 accessio;
587 1773 622 1813 sed
635 1779 731 1828 perpetuo
744 1780 800 1829 pater
811 1772 854 1823 tuit,

70 1849 91 1883 et
103 1841 168 1893 lilius,
188 1848 209 1882 et
223 1839 304 1896 spiritns
322 1847 411 1881 sauctus.
442 1838 515 1894 Neque
528 1840 580 1881 lilius
592 1855 699 1896 geriuanus
711 1840 773 1897 patris
785 1842 855 1892 irater,

70 1923 190 1966 nequeenim
206 1909 240 1951 illo
250 1910 345 1950 conl'usus
358 1915 397 1950 est.
428 1907 525 1951 Similiter
541 1923 605 1964 neque
618 1911 713 1951 contusus
723 1917 755 1951 est
765 1909 855 1965 spiritus,

70 1991 135 2034 neque
151 1978 212 2034 patris
228 1976 302 2032 liliique
318 1991 426 2031 germanus
442 1983 480 2017 est.
512 1975 576 2019 Filius
592 1986 670 2034 epatre
680 1979 771 2033 genitus,
794 1992 856 2032 aquo

71 2047 160 2103 procedit
171 2052 191 2087 et
201 2046 290 2102 spiritus.
323 2046 381 2086 Adeo
393 2052 414 2085 ut
425 2045 502 2085 trinitas
514 2059 538 2086 eo
551 2049 617 2097 modo,
634 2047 666 2102 qni
680 2047 748 2088 verbis
760 2046 857 2103 explicari

71 2130 111 2157 tion
128 2121 204 2171 potest,
225 2116 244 2156 in
258 2115 327 2155 eadem
344 2112 406 2169 gloria
421 2127 444 2153 ac
457 2112 570 2155 laudatione
582 2114 690 2164 consistat,
712 2122 732 2156 et
745 2115 798 2156 lilius
811 2129 856 2155 enm

72 2190 127 2239 patre
137 2182 246 2239 spirituque
258 2190 328 2224 saneto
339 2181 534 2236 incomprehensibili
545 2182 623 2223 ratione
635 2183 662 2224 sit
674 2182 805 2235 coniunctus,
821 2197 857 2224 ue-

72 2266 109 2307 que
121 2251 199 2293 trinitas
210 2252 235 2293 ab
247 2266 283 2293 sua
296 2265 380 2306 titiquam
392 2250 512 2291 aeternitate
526 2250 616 2292 desistat.
649 2250 735 2307 Semper
750 2251 811 2307 igitur
826 2251 857 2292 in-

71 2319 150 2375 genitus
163 2326 195 2362 est
204 2320 344 2375 increatusque
356 2326 425 2374 pater,
447 2325 468 2360 et
479 2318 698 2374 ineotnprehensilibis‚
715 2320 768 2361 lilius
778 2320 858 2376 genitus

72 2389 162 2445 quidem,
184 2390 219 2430 sed
234 2389 335 2430 increatus
350 2394 371 2429 et
383 2387 601 2443 incomprehensibilis,
623 2386 705 2444 spiritus
721 2396 803 2430 sanctus
818 2403 858 2430 nou

71 2454 165 2513 genitus,
175 2471 216 2498 non
229 2464 317 2509 creatas,
330 2470 370 2497 non
380 2468 496 2512 germanus,
513 2470 552 2496 iton
564 2470 623 2507 avus,
639 2470 680 2498 non
692 2470 767 2513 nepos,
784 2457 819 2498 sed
831 2471 858 2499 ex

72 2526 141 2567 eadem
152 2540 196 2567 eum
208 2533 264 2581 patre
275 2525 355 2580 filioque
366 2523 485 2567 substantia.
508 2523 610 2566 Eiusmodi
623 2532 654 2566 est
662 2525 752 2581 spirituS,
768 2526 857 2581 iuquam,

71 2600 161 2636 sanctus.
192 2591 280 2650 Spiritus
295 2594 347 2635 enim
363 2594 413 2634 dens
428 2599 467 2634 est.
862 2583 864 2587 ’

128 2663 196 2718 Atque
209 2662 266 2704 huius
281 2662 359 2717 quidem
373 2662 424 2702 ltnne
439 2661 459 2701 in
474 2661 551 2702 modum
564 2661 683 2703 constitutae
700 2662 794 2704 salutaris
809 2662 854 2704 fidei
868 2677 962 2721 eapxsst.

72 2730 145 2788 passim
160 2732 181 2773 in
197 2731 301 2788 scripturis
320 2731 412 2772 omnibus
431 2736 501 2772 extant
519 2729 635 2785 consignata
654 2730 775 2773 testimonia.
812 2730 857 2774 Nos

95 2866 148 2902 etta
163 2870 209 2902 codd
220 2879 257 2903 mse.
270 2872 284 2901 et
297 2868 454 2908 edilprr'nePeto·
477 2867 531 2900 tione.
554 2866 775 2912 tractarentttute'mn.

72 2917 109 2948 cius
122 2916 172 2948 edidit
182 2911 293 2959 tattonem.
501 2915 517 2947 S.
530 2908 584 2952 ’ὄντως
595 2916 642 2948 codd.
655 2925 692 2948 nise.

95 2963 111 2994 o.
124 2958 216 3003 συναλοιφή
229 2963 253 2993 eet.
267 2962 323 2994 Petne.
500 2958 517 2991 9.
530 2958 603 3002 μηδέπω
615 2961 649 2992 cod.
662 2962 727 3002 aaran.

95 3005 111 3040 6.
125 3003 217 3049 συναλοιφή
230 3007 254 3038 ed.
266 3007 321 3038 Peleo.
501 3005 528 3037 10.
542 3006 592 3037 Verbo
606 3006 674 3049 maipa
686 3001 733 3049 ἅγιον
748 3016 779 3039 non
793 3016 859 3047 contnu-

96 3050 338 3095 7·totutdtnro;reseripstee
346 3050 455 3084 emendem-
477 3051 572 3083 renti'ned.
585 3052 640 3084 Petov.
654 3053 765 3094 carnemt.
788 3054 861 3094 Nepleet't

73 3098 126 3140 nodi,
140 3100 168 3140 qut
178 3099 223 3130 vertit
236 3097 254 3132 iu
264 3096 358 3133 identitatis
368 3095 454 3140 glorifica-
477 3106 496 3130 ee
508 3099 556 3132 ettam
567 3098 642 3133 cernunt
653 3099 709 3134 certio.
