<?xml version="1.0" encoding="UTF-8"?>
<!DOCTYPE html PUBLIC "-//W3C//DTD XHTML 1.0 Transitional//EN"
    "http://www.w3.org/TR/xhtml1/DTD/xhtml1-transitional.dtd">
<html xmlns="http://www.w3.org/1999/xhtml" xml:lang="en" lang="en">
 <head>
  <title>
</title>
<meta http-equiv="Content-Type" content="text/html;charset=utf-8" />
  <meta name='ocr-system' content='tesseract 3.04.00' />
  <meta name='ocr-capabilities' content='ocr_page ocr_carea ocr_par ocr_line ocrx_word'/>
</head>
<body>
  <div class='ocr_page' id='page_1' title='image "./MN41650ucmf_1/MN41650ucmf_1_0131.png"; bbox 0 0 1988 3392; ppageno 0'>
   <div class='ocr_carea' id='block_1_1' title="bbox 223 226 839 273">
    <p class='ocr_par' dir='ltr' id='par_1_1' title="bbox 223 226 839 273">
     <span class='ocr_line' id='line_1_1' title="bbox 223 226 839 273; baseline -0.003 -2"><span class='ocrx_word' id='word_1_1' title='bbox 223 236 316 272; x_wconf 75' lang='lat' dir='ltr'><strong>rnnnnn</strong></span> <span class='ocrx_word' id='word_1_2' title='bbox 327 238 371 271; x_wconf 80' lang='lat' dir='ltr'><strong>nra.</strong></span> <span class='ocrx_word' id='word_1_3' title='bbox 379 238 410 271; x_wconf 89' lang='lat' dir='ltr'><strong>nr.</strong></span> <span class='ocrx_word' id='word_1_4' title='bbox 421 237 477 273; x_wconf 85' lang='lat' dir='ltr'><strong>rou.</strong></span> <span class='ocrx_word' id='word_1_5' title='bbox 486 238 500 273; x_wconf 84' lang='lat'><strong>1.</strong></span> <span class='ocrx_word' id='word_1_6' title='bbox 511 237 580 272; x_wconf 71' lang='lat' dir='ltr'><strong>nien.</strong></span> <span class='ocrx_word' id='word_1_7' title='bbox 587 236 670 271; x_wconf 80' lang='lat' dir='ltr'><strong>Lxxur.</strong></span> <span class='ocrx_word' id='word_1_8' title='bbox 797 226 839 269; x_wconf 78' lang='lat'><strong>109</strong></span> 
     </span>
    </p>
   </div>
   <div class='ocr_carea' id='block_1_2' title="bbox 42 316 941 2983">
    <p class='ocr_par' dir='ltr' id='par_1_2' title="bbox 52 316 839 1203">
     <span class='ocr_line' id='line_1_2' title="bbox 55 316 839 377; baseline 0 -19"><span class='ocrx_word' id='word_1_9' title='bbox 55 322 105 358; x_wconf 89' lang='lat' dir='ltr'><strong>trem</strong></span> <span class='ocrx_word' id='word_1_10' title='bbox 119 316 184 359; x_wconf 91' lang='lat' dir='ltr'><strong>solum</strong></span> <span class='ocrx_word' id='word_1_11' title='bbox 199 317 335 371; x_wconf 87' lang='lat' dir='ltr'><strong>nominemus,</strong></span> <span class='ocrx_word' id='word_1_12' title='bbox 360 318 396 360; x_wconf 81' lang='lat' dir='ltr'><strong>tttii</strong></span> <span class='ocrx_word' id='word_1_13' title='bbox 413 333 491 377; x_wconf 88' lang='lat' dir='ltr'><strong>quoqne</strong></span> <span class='ocrx_word' id='word_1_14' title='bbox 510 319 611 362; x_wconf 92' lang='lat' dir='ltr'><strong>notionem</strong></span> <span class='ocrx_word' id='word_1_15' title='bbox 629 317 691 375; x_wconf 93' lang='lat' dir='ltr'><strong>patris</strong></span> <span class='ocrx_word' id='word_1_16' title='bbox 707 316 839 373; x_wconf 76' lang='lat' dir='ltr'>appellatione</span> 
     </span>
     <span class='ocr_line' id='line_1_3' title="bbox 54 385 837 446; baseline 0.001 -20"><span class='ocrx_word' id='word_1_17' title='bbox 54 386 217 443; x_wconf 75' lang='lat' dir='ltr'><strong>comprehensam</strong></span> <span class='ocrx_word' id='word_1_18' title='bbox 235 402 275 430; x_wconf 88' lang='lat' dir='ltr'><strong>una</strong></span> <span class='ocrx_word' id='word_1_19' title='bbox 290 388 446 446; x_wconf 74' lang='lat' dir='ltr'>complectimur.</span> <span class='ocrx_word' id='word_1_20' title='bbox 481 387 544 436; x_wconf 84' lang='lat' dir='ltr'><strong>Pater</strong></span> <span class='ocrx_word' id='word_1_21' title='bbox 559 388 612 431; x_wconf 91' lang='lat' dir='ltr'><strong>enim</strong></span> <span class='ocrx_word' id='word_1_22' title='bbox 629 387 666 430; x_wconf 87' lang='lat' dir='ltr'><strong>lilii</strong></span> <span class='ocrx_word' id='word_1_23' title='bbox 684 393 741 443; x_wconf 86' lang='lat' dir='ltr'><strong>pater</strong></span> <span class='ocrx_word' id='word_1_24' title='bbox 757 385 837 428; x_wconf 86' lang='lat' dir='ltr'><strong>dicitur.</strong></span> 
     </span>
     <span class='ocr_line' id='line_1_4' title="bbox 53 453 838 516; baseline 0.001 -20"><span class='ocrx_word' id='word_1_25' title='bbox 53 453 86 496; x_wconf 78' lang='lat' dir='ltr'><strong>nc</strong></span> <span class='ocrx_word' id='word_1_26' title='bbox 98 454 145 498; x_wconf 89' lang='lat' dir='ltr'><strong>lieet</strong></span> <span class='ocrx_word' id='word_1_27' title='bbox 153 456 217 499; x_wconf 87' lang='lat' dir='ltr'><strong>solum</strong></span> <span class='ocrx_word' id='word_1_28' title='bbox 229 457 354 500; x_wconf 79' lang='lat' dir='ltr'><strong>nominemus</strong></span> <span class='ocrx_word' id='word_1_29' title='bbox 367 458 441 511; x_wconf 87' lang='lat' dir='ltr'><strong>lilium,</strong></span> <span class='ocrx_word' id='word_1_30' title='bbox 458 459 519 515; x_wconf 89' lang='lat' dir='ltr'><strong>patris</strong></span> <span class='ocrx_word' id='word_1_31' title='bbox 531 471 610 516; x_wconf 87' lang='lat' dir='ltr'><strong>quoqne</strong></span> <span class='ocrx_word' id='word_1_32' title='bbox 623 456 723 499; x_wconf 90' lang='lat' dir='ltr'><strong>notionem</strong></span> <span class='ocrx_word' id='word_1_33' title='bbox 734 470 774 498; x_wconf 90' lang='lat' dir='ltr'><strong>una</strong></span> <span class='ocrx_word' id='word_1_34' title='bbox 785 469 838 497; x_wconf 92' lang='lat' dir='ltr'><strong>eom·</strong></span> 
     </span>
     <span class='ocr_line' id='line_1_5' title="bbox 53 523 838 584; baseline 0.001 -19"><span class='ocrx_word' id='word_1_35' title='bbox 53 523 206 580; x_wconf 79' lang='lat' dir='ltr'><strong>prehendimus,</strong></span> <span class='ocrx_word' id='word_1_36' title='bbox 226 540 251 569; x_wconf 88' lang='lat' dir='ltr'><strong>eo</strong></span> <span class='ocrx_word' id='word_1_37' title='bbox 271 527 322 582; x_wconf 88' lang='lat' dir='ltr'><strong>quod</strong></span> <span class='ocrx_word' id='word_1_38' title='bbox 344 527 396 569; x_wconf 88' lang='lat' dir='ltr'><strong>lilius</strong></span> <span class='ocrx_word' id='word_1_39' title='bbox 415 527 476 584; x_wconf 86' lang='lat' dir='ltr'><strong>patris</strong></span> <span class='ocrx_word' id='word_1_40' title='bbox 496 527 615 570; x_wconf 83' lang='lat' dir='ltr'><strong>esseillius</strong></span> <span class='ocrx_word' id='word_1_41' title='bbox 631 526 715 568; x_wconf 90' lang='lat' dir='ltr'><strong>dicatur.</strong></span> <span class='ocrx_word' id='word_1_42' title='bbox 746 525 838 567; x_wconf 88' lang='lat' dir='ltr'><strong>Alterum</strong></span> 
     </span>
     <span class='ocr_line' id='line_1_6' title="bbox 53 592 839 652; baseline 0.001 -18"><span class='ocrx_word' id='word_1_43' title='bbox 53 592 124 650; x_wconf 92' lang='lat' dir='ltr'><strong>quippe</strong></span> <span class='ocrx_word' id='word_1_44' title='bbox 136 608 181 636; x_wconf 89' lang='lat' dir='ltr'><strong>eum</strong></span> <span class='ocrx_word' id='word_1_45' title='bbox 191 594 254 638; x_wconf 89' lang='lat' dir='ltr'><strong>altero</strong></span> <span class='ocrx_word' id='word_1_46' title='bbox 266 610 379 638; x_wconf 81' lang='lat' dir='ltr'><strong>connexum</strong></span> <span class='ocrx_word' id='word_1_47' title='bbox 390 603 431 649; x_wconf 91' lang='lat' dir='ltr'><strong>est,</strong></span> <span class='ocrx_word' id='word_1_48' title='bbox 449 609 513 652; x_wconf 90' lang='lat' dir='ltr'><strong>neque</strong></span> <span class='ocrx_word' id='word_1_49' title='bbox 526 603 605 639; x_wconf 87' lang='lat' dir='ltr'><strong>mutuus</strong></span> <span class='ocrx_word' id='word_1_50' title='bbox 616 596 640 637; x_wconf 93' lang='lat' dir='ltr'><strong>ad</strong></span> <span class='ocrx_word' id='word_1_51' title='bbox 650 608 696 637; x_wconf 87' lang='lat' dir='ltr'><strong>sese</strong></span> <span class='ocrx_word' id='word_1_52' title='bbox 708 593 794 636; x_wconf 85' lang='lat' dir='ltr'><strong>invicem</strong></span> <span class='ocrx_word' id='word_1_53' title='bbox 806 607 839 635; x_wconf 93' lang='lat' dir='ltr'><strong>re-</strong></span> 
     </span>
     <span class='ocr_line' id='line_1_7' title="bbox 53 662 839 722; baseline 0.001 -19"><span class='ocrx_word' id='word_1_54' title='bbox 53 669 133 718; x_wconf 87' lang='lat' dir='ltr'><strong>spectus</strong></span> <span class='ocrx_word' id='word_1_55' title='bbox 148 662 254 707; x_wconf 87' lang='lat' dir='ltr'><strong>dirimitur.</strong></span> <span class='ocrx_word' id='word_1_56' title='bbox 285 662 353 720; x_wconf 80' lang='lat' dir='ltr'><strong>Quare</strong></span> <span class='ocrx_word' id='word_1_57' title='bbox 363 666 442 708; x_wconf 87' lang='lat' dir='ltr'><strong>tametsi</strong></span> <span class='ocrx_word' id='word_1_58' title='bbox 453 665 485 707; x_wconf 90' lang='lat' dir='ltr'><strong>vel</strong></span> <span class='ocrx_word' id='word_1_59' title='bbox 496 665 579 708; x_wconf 91' lang='lat' dir='ltr'><strong>alterum</strong></span> <span class='ocrx_word' id='word_1_60' title='bbox 594 663 745 722; x_wconf 76' lang='lat' dir='ltr'><strong>pronuntietur,</strong></span> <span class='ocrx_word' id='word_1_61' title='bbox 766 677 805 705; x_wconf 91' lang='lat' dir='ltr'><strong>una</strong></span> <span class='ocrx_word' id='word_1_62' title='bbox 819 669 839 704; x_wconf 92' lang='lat' dir='ltr'><strong>et</strong></span> 
     </span>
     <span class='ocr_line' id='line_1_8' title="bbox 53 730 838 790; baseline 0.004 -18"><span class='ocrx_word' id='word_1_63' title='bbox 53 730 136 774; x_wconf 87' lang='lat' dir='ltr'><strong>alterum</strong></span> <span class='ocrx_word' id='word_1_64' title='bbox 151 731 294 790; x_wconf 80' lang='lat' dir='ltr'><strong>intelligentiae</strong></span> <span class='ocrx_word' id='word_1_65' title='bbox 305 741 387 777; x_wconf 89' lang='lat' dir='ltr'><strong>nostrae</strong></span> <span class='ocrx_word' id='word_1_66' title='bbox 398 734 489 788; x_wconf 79' lang='lat' dir='ltr'><strong>subiicit3</strong></span> <span class='ocrx_word' id='word_1_67' title='bbox 513 749 550 777; x_wconf 91' lang='lat' dir='ltr'><strong>nec</strong></span> <span class='ocrx_word' id='word_1_68' title='bbox 561 735 615 777; x_wconf 90' lang='lat' dir='ltr'><strong>illius</strong></span> <span class='ocrx_word' id='word_1_69' title='bbox 625 734 684 777; x_wconf 91' lang='lat' dir='ltr'><strong>modo</strong></span> <span class='ocrx_word' id='word_1_70' title='bbox 696 747 782 786; x_wconf 88' lang='lat' dir='ltr'><strong>nomen,</strong></span> <span class='ocrx_word' id='word_1_71' title='bbox 802 746 838 776; x_wconf 87' lang='lat' dir='ltr'><strong>ve-</strong></span> 
     </span>
     <span class='ocr_line' id='line_1_9' title="bbox 52 800 836 859; baseline 0.001 -17"><span class='ocrx_word' id='word_1_72' title='bbox 52 800 157 844; x_wconf 88' lang='lat' dir='ltr'><strong>rumetiam</strong></span> <span class='ocrx_word' id='word_1_73' title='bbox 176 816 215 844; x_wconf 93' lang='lat' dir='ltr'><strong>una</strong></span> <span class='ocrx_word' id='word_1_74' title='bbox 236 817 280 845; x_wconf 88' lang='lat' dir='ltr'><strong>cum</strong></span> <span class='ocrx_word' id='word_1_75' title='bbox 300 804 380 845; x_wconf 91' lang='lat' dir='ltr'><strong>nomine</strong></span> <span class='ocrx_word' id='word_1_76' title='bbox 398 811 481 846; x_wconf 90' lang='lat' dir='ltr'><strong>naturae</strong></span> <span class='ocrx_word' id='word_1_77' title='bbox 498 803 560 859; x_wconf 91' lang='lat' dir='ltr'><strong>ipsius</strong></span> <span class='ocrx_word' id='word_1_78' title='bbox 575 803 688 846; x_wconf 89' lang='lat' dir='ltr'><strong>affinitatem</strong></span> <span class='ocrx_word' id='word_1_79' title='bbox 705 802 836 845; x_wconf 86' lang='lat' dir='ltr'><strong>demonstrat.</strong></span> 
     </span>
     <span class='ocr_line' id='line_1_10' title="bbox 53 867 836 930; baseline 0.005 -20"><span class='ocrx_word' id='word_1_80' title='bbox 53 867 133 912; x_wconf 81' lang='lat' dir='ltr'><strong>Etenim</strong></span> <span class='ocrx_word' id='word_1_81' title='bbox 143 885 187 912; x_wconf 89' lang='lat' dir='ltr'><strong>eum</strong></span> <span class='ocrx_word' id='word_1_82' title='bbox 198 878 272 927; x_wconf 88' lang='lat' dir='ltr'><strong>patrem</strong></span> <span class='ocrx_word' id='word_1_83' title='bbox 283 871 349 914; x_wconf 80' lang='lat' dir='ltr'><strong>antimo</strong></span> <span class='ocrx_word' id='word_1_84' title='bbox 359 871 481 930; x_wconf 80' lang='lat' dir='ltr'><strong>concipimus</strong></span> <span class='ocrx_word' id='word_1_85' title='bbox 492 873 557 924; x_wconf 93' lang='lat' dir='ltr'><strong>deum,</strong></span> <span class='ocrx_word' id='word_1_86' title='bbox 574 871 607 913; x_wconf 91' lang='lat' dir='ltr'><strong>dei</strong></span> <span class='ocrx_word' id='word_1_87' title='bbox 618 879 692 928; x_wconf 90' lang='lat' dir='ltr'><strong>patrem</strong></span> <span class='ocrx_word' id='word_1_88' title='bbox 705 872 836 928; x_wconf 83' lang='lat' dir='ltr'><strong>concipimus.</strong></span> 
     </span>
     <span class='ocr_line' id='line_1_11' title="bbox 52 936 838 997; baseline 0.004 -17"><span class='ocrx_word' id='word_1_89' title='bbox 52 936 81 980; x_wconf 78' lang='lat' dir='ltr'><strong>tlt</strong></span> <span class='ocrx_word' id='word_1_90' title='bbox 91 938 154 981; x_wconf 90' lang='lat' dir='ltr'><strong>lilium</strong></span> <span class='ocrx_word' id='word_1_91' title='bbox 164 954 208 981; x_wconf 88' lang='lat' dir='ltr'><strong>eum</strong></span> <span class='ocrx_word' id='word_1_92' title='bbox 218 940 347 996; x_wconf 83' lang='lat' dir='ltr'><strong>intelligimus</strong></span> <span class='ocrx_word' id='word_1_93' title='bbox 357 941 401 993; x_wconf 89' lang='lat' dir='ltr'><strong>dei,</strong></span> <span class='ocrx_word' id='word_1_94' title='bbox 423 942 481 983; x_wconf 90' lang='lat' dir='ltr'><strong>deum</strong></span> <span class='ocrx_word' id='word_1_95' title='bbox 491 941 633 997; x_wconf 83' lang='lat' dir='ltr'><strong>intelligimus,</strong></span> <span class='ocrx_word' id='word_1_96' title='bbox 655 941 688 996; x_wconf 89' lang='lat' dir='ltr'><strong>qui</strong></span> <span class='ocrx_word' id='word_1_97' title='bbox 697 941 729 982; x_wconf 90' lang='lat' dir='ltr'><strong>dei</strong></span> <span class='ocrx_word' id='word_1_98' title='bbox 740 942 793 983; x_wconf 92' lang='lat' dir='ltr'><strong>lilius</strong></span> <span class='ocrx_word' id='word_1_99' title='bbox 804 955 838 997; x_wconf 90' lang='lat' dir='ltr'><strong>ap-</strong></span> 
     </span>
     <span class='ocr_line' id='line_1_12' title="bbox 52 1007 838 1066; baseline 0.003 -17"><span class='ocrx_word' id='word_1_100' title='bbox 52 1007 149 1064; x_wconf 89' lang='lat' dir='ltr'><strong>pellatur,</strong></span> <span class='ocrx_word' id='word_1_101' title='bbox 171 1008 243 1066; x_wconf 89' lang='lat' dir='ltr'><strong>quique</strong></span> <span class='ocrx_word' id='word_1_102' title='bbox 259 1008 313 1052; x_wconf 94' lang='lat' dir='ltr'><strong>illius</strong></span> <span class='ocrx_word' id='word_1_103' title='bbox 327 1017 398 1052; x_wconf 86' lang='lat' dir='ltr'><strong>natura</strong></span> <span class='ocrx_word' id='word_1_104' title='bbox 414 1009 484 1052; x_wconf 90' lang='lat' dir='ltr'><strong>similis</strong></span> <span class='ocrx_word' id='word_1_105' title='bbox 498 1016 542 1063; x_wconf 92' lang='lat' dir='ltr'><strong>est,</strong></span> <span class='ocrx_word' id='word_1_106' title='bbox 565 1009 621 1052; x_wconf 89' lang='lat' dir='ltr'><strong>ouius</strong></span> <span class='ocrx_word' id='word_1_107' title='bbox 631 1008 748 1066; x_wconf 84' lang='lat' dir='ltr'><strong>intelligitur</strong></span> <span class='ocrx_word' id='word_1_108' title='bbox 757 1024 803 1053; x_wconf 88' lang='lat' dir='ltr'><strong>esse</strong></span> <span class='ocrx_word' id='word_1_109' title='bbox 813 1009 838 1051; x_wconf 89' lang='lat' dir='ltr'><strong>ii-</strong></span> 
     </span>
     <span class='ocr_line' id='line_1_13' title="bbox 52 1077 838 1136; baseline 0.001 -17"><span class='ocrx_word' id='word_1_110' title='bbox 52 1077 98 1119; x_wconf 89' lang='lat' dir='ltr'><strong>lius.</strong></span> <span class='ocrx_word' id='word_1_111' title='bbox 129 1077 157 1120; x_wconf 86' lang='lat' dir='ltr'><strong>At</strong></span> <span class='ocrx_word' id='word_1_112' title='bbox 172 1077 282 1133; x_wconf 82' lang='lat' dir='ltr'><strong>ingenitum</strong></span> <span class='ocrx_word' id='word_1_113' title='bbox 295 1079 357 1135; x_wconf 80' lang='lat' dir='ltr'><strong>geniti</strong></span> <span class='ocrx_word' id='word_1_114' title='bbox 368 1093 491 1136; x_wconf 89' lang='lat' dir='ltr'><strong>nequaquam</strong></span> <span class='ocrx_word' id='word_1_115' title='bbox 504 1078 614 1136; x_wconf 83' lang='lat' dir='ltr'><strong>ingenitum</strong></span> <span class='ocrx_word' id='word_1_116' title='bbox 628 1077 710 1131; x_wconf 88' lang='lat' dir='ltr'><strong>dicitur,</strong></span> <span class='ocrx_word' id='word_1_117' title='bbox 727 1093 792 1135; x_wconf 91' lang='lat' dir='ltr'><strong>neque</strong></span> <span class='ocrx_word' id='word_1_118' title='bbox 803 1092 838 1135; x_wconf 83' lang='lat' dir='ltr'><strong>ge·</strong></span> 
     </span>
     <span class='ocr_line' id='line_1_14' title="bbox 53 1145 328 1203; baseline 0.007 -15"><span class='ocrx_word' id='word_1_119' title='bbox 53 1145 117 1189; x_wconf 89' lang='lat' dir='ltr'><strong>nitnm</strong></span> <span class='ocrx_word' id='word_1_120' title='bbox 132 1146 216 1203; x_wconf 86' lang='lat' dir='ltr'><strong>ingeniti</strong></span> <span class='ocrx_word' id='word_1_121' title='bbox 230 1147 328 1203; x_wconf 84' lang='lat' dir='ltr'><strong>genitum.</strong></span> 
     </span>
    </p>

    <p class='ocr_par' dir='ltr' id='par_1_3' title="bbox 42 1213 941 2983">
     <span class='ocr_line' id='line_1_15' title="bbox 110 1213 941 1274; baseline 0.001 -17"><span class='ocrx_word' id='word_1_122' title='bbox 110 1213 210 1270; x_wconf 80' lang='lat' dir='ltr'><strong>Quocirca</strong></span> <span class='ocrx_word' id='word_1_123' title='bbox 221 1232 265 1260; x_wconf 92' lang='lat' dir='ltr'><strong>cum</strong></span> <span class='ocrx_word' id='word_1_124' title='bbox 276 1216 360 1273; x_wconf 82' lang='lat' dir='ltr'><strong>ingeniti</strong></span> <span class='ocrx_word' id='word_1_125' title='bbox 374 1215 476 1274; x_wconf 81' lang='lat' dir='ltr'><strong>genitique</strong></span> <span class='ocrx_word' id='word_1_126' title='bbox 488 1216 585 1259; x_wconf 86' lang='lat' dir='ltr'><strong>vocabulo</strong></span> <span class='ocrx_word' id='word_1_127' title='bbox 602 1229 666 1273; x_wconf 91' lang='lat' dir='ltr'><strong>neque</strong></span> <span class='ocrx_word' id='word_1_128' title='bbox 678 1216 702 1258; x_wconf 91' lang='lat' dir='ltr'><strong>ad</strong></span> <span class='ocrx_word' id='word_1_129' title='bbox 712 1229 758 1259; x_wconf 87' lang='lat' dir='ltr'><strong>sese</strong></span> <span class='ocrx_word' id='word_1_130' title='bbox 770 1223 838 1258; x_wconf 92' lang='lat' dir='ltr'><strong>mutuo</strong></span> <span class='ocrx_word' id='word_1_131' title='bbox 850 1221 891 1266; x_wconf 79' lang='lat' dir='ltr'><strong>Cap.</strong></span> <span class='ocrx_word' id='word_1_132' title='bbox 899 1221 941 1255; x_wconf 81' lang='lat' dir='ltr'><strong>XX.</strong></span> 
     </span>
     <span class='ocr_line' id='line_1_16' title="bbox 51 1284 839 1343; baseline 0.003 -17"><span class='ocrx_word' id='word_1_133' title='bbox 51 1284 177 1338; x_wconf 87' lang='lat' dir='ltr'><strong>referantur,</strong></span> <span class='ocrx_word' id='word_1_134' title='bbox 198 1299 262 1342; x_wconf 90' lang='lat' dir='ltr'><strong>neque</strong></span> <span class='ocrx_word' id='word_1_135' title='bbox 280 1292 363 1329; x_wconf 86' lang='lat' dir='ltr'><strong>naturae</strong></span> <span class='ocrx_word' id='word_1_136' title='bbox 379 1286 543 1342; x_wconf 84' lang='lat' dir='ltr'><strong>significationem</strong></span> <span class='ocrx_word' id='word_1_137' title='bbox 556 1286 672 1339; x_wconf 85' lang='lat' dir='ltr'><strong>involvant,</strong></span> <span class='ocrx_word' id='word_1_138' title='bbox 693 1300 716 1328; x_wconf 86' lang='lat' dir='ltr'><strong>ac</strong></span> <span class='ocrx_word' id='word_1_139' title='bbox 734 1293 839 1343; x_wconf 85' lang='lat' dir='ltr'><strong>praeterea</strong></span> 
     </span>
     <span class='ocr_line' id='line_1_17' title="bbox 42 1353 839 1411; baseline 0.003 -16"><span class='ocrx_word' id='word_1_140' title='bbox 42 1353 86 1400; x_wconf 58' lang='lat' dir='ltr'><strong>,filii</strong></span> <span class='ocrx_word' id='word_1_141' title='bbox 98 1353 239 1411; x_wconf 77' lang='lat' dir='ltr'><strong>proprietatem</strong></span> <span class='ocrx_word' id='word_1_142' title='bbox 251 1369 375 1397; x_wconf 91' lang='lat' dir='ltr'><strong>communem</strong></span> <span class='ocrx_word' id='word_1_143' title='bbox 387 1369 432 1409; x_wconf 85' lang='lat' dir='ltr'><strong>eum</strong></span> <span class='ocrx_word' id='word_1_144' title='bbox 442 1355 527 1407; x_wconf 88' lang='lat' dir='ltr'><strong>ceteris,</strong></span> <span class='ocrx_word' id='word_1_145' title='bbox 549 1368 600 1411; x_wconf 87' lang='lat' dir='ltr'><strong>quae</strong></span> <span class='ocrx_word' id='word_1_146' title='bbox 611 1355 707 1411; x_wconf 88' lang='lat' dir='ltr'><strong>producta</strong></span> <span class='ocrx_word' id='word_1_147' title='bbox 717 1363 775 1407; x_wconf 91' lang='lat' dir='ltr'><strong>sunt,</strong></span> <span class='ocrx_word' id='word_1_148' title='bbox 797 1355 839 1397; x_wconf 89' lang='lat' dir='ltr'><strong>effi-</strong></span> 
     </span>
     <span class='ocr_line' id='line_1_18' title="bbox 51 1422 836 1481; baseline 0.003 -17"><span class='ocrx_word' id='word_1_149' title='bbox 51 1422 116 1476; x_wconf 85' lang='lat' dir='ltr'><strong>ciant,</strong></span> <span class='ocrx_word' id='word_1_150' title='bbox 138 1437 163 1465; x_wconf 90' lang='lat' dir='ltr'><strong>ne</strong></span> <span class='ocrx_word' id='word_1_151' title='bbox 173 1424 198 1465; x_wconf 90' lang='lat' dir='ltr'><strong>ad</strong></span> <span class='ocrx_word' id='word_1_152' title='bbox 208 1423 330 1481; x_wconf 89' lang='lat' dir='ltr'><strong>impietatem</strong></span> <span class='ocrx_word' id='word_1_153' title='bbox 344 1424 383 1466; x_wconf 91' lang='lat' dir='ltr'><strong>ullo</strong></span> <span class='ocrx_word' id='word_1_154' title='bbox 395 1424 512 1467; x_wconf 90' lang='lat' dir='ltr'><strong>insidiarum</strong></span> <span class='ocrx_word' id='word_1_155' title='bbox 522 1424 606 1466; x_wconf 83' lang='lat' dir='ltr'><strong>artifieio</strong></span> <span class='ocrx_word' id='word_1_156' title='bbox 617 1424 750 1476; x_wconf 89' lang='lat' dir='ltr'><strong>deducamur,</strong></span> <span class='ocrx_word' id='word_1_157' title='bbox 767 1424 836 1466; x_wconf 88' lang='lat' dir='ltr'><strong>istius-</strong></span> 
     </span>
     <span class='ocr_line' id='line_1_19' title="bbox 51 1491 838 1549; baseline 0.001 -16"><span class='ocrx_word' id='word_1_158' title='bbox 51 1492 104 1535; x_wconf 88' lang='lat' dir='ltr'><strong>modi</strong></span> <span class='ocrx_word' id='word_1_159' title='bbox 123 1491 201 1534; x_wconf 89' lang='lat' dir='ltr'><strong>nomina</strong></span> <span class='ocrx_word' id='word_1_160' title='bbox 220 1492 347 1547; x_wconf 72' lang='lat' dir='ltr'><strong>nunciemus,</strong></span> <span class='ocrx_word' id='word_1_161' title='bbox 369 1493 430 1549; x_wconf 90' lang='lat' dir='ltr'><strong>patris</strong></span> <span class='ocrx_word' id='word_1_162' title='bbox 446 1507 496 1536; x_wconf 92' lang='lat' dir='ltr'><strong>vero</strong></span> <span class='ocrx_word' id='word_1_163' title='bbox 512 1507 535 1535; x_wconf 89' lang='lat' dir='ltr'><strong>ao</strong></span> <span class='ocrx_word' id='word_1_164' title='bbox 549 1492 583 1535; x_wconf 89' lang='lat' dir='ltr'><strong>lilii</strong></span> <span class='ocrx_word' id='word_1_165' title='bbox 598 1492 749 1549; x_wconf 77' lang='lat' dir='ltr'><strong>appellationem</strong></span> <span class='ocrx_word' id='word_1_166' title='bbox 769 1499 838 1535; x_wconf 90' lang='lat' dir='ltr'><strong>sancte</strong></span> 
     </span>
     <span class='ocr_line' id='line_1_20' title="bbox 52 1560 838 1619; baseline 0.001 -17"><span class='ocrx_word' id='word_1_167' title='bbox 52 1574 75 1602; x_wconf 87' lang='lat' dir='ltr'><strong>ac</strong></span> <span class='ocrx_word' id='word_1_168' title='bbox 85 1568 181 1618; x_wconf 88' lang='lat' dir='ltr'><strong>perpetuo</strong></span> <span class='ocrx_word' id='word_1_169' title='bbox 197 1561 343 1618; x_wconf 84' lang='lat' dir='ltr'><strong>usurpabimus.</strong></span> <span class='ocrx_word' id='word_1_170' title='bbox 373 1560 462 1604; x_wconf 89' lang='lat' dir='ltr'><strong>Primum</strong></span> <span class='ocrx_word' id='word_1_171' title='bbox 474 1562 530 1619; x_wconf 84' lang='lat' dir='ltr'><strong>quod</strong></span> <span class='ocrx_word' id='word_1_172' title='bbox 542 1576 579 1604; x_wconf 93' lang='lat' dir='ltr'><strong>nos</strong></span> <span class='ocrx_word' id='word_1_173' title='bbox 595 1561 723 1617; x_wconf 85' lang='lat' dir='ltr'><strong>egentilibus</strong></span> <span class='ocrx_word' id='word_1_174' title='bbox 737 1561 806 1603; x_wconf 88' lang='lat' dir='ltr'><strong>vocari</strong></span> <span class='ocrx_word' id='word_1_175' title='bbox 817 1561 838 1602; x_wconf 94' lang='lat' dir='ltr'><strong>in</strong></span> 
     </span>
     <span class='ocr_line' id='line_1_21' title="bbox 51 1629 836 1688; baseline 0 -16"><span class='ocrx_word' id='word_1_176' title='bbox 51 1629 161 1685; x_wconf 81' lang='lat' dir='ltr'><strong>ingenitum</strong></span> <span class='ocrx_word' id='word_1_177' title='bbox 174 1643 197 1671; x_wconf 88' lang='lat' dir='ltr'><strong>ac</strong></span> <span class='ocrx_word' id='word_1_178' title='bbox 207 1632 295 1686; x_wconf 82' lang='lat' dir='ltr'><strong>genitum</strong></span> <span class='ocrx_word' id='word_1_179' title='bbox 308 1630 403 1688; x_wconf 84' lang='lat' dir='ltr'><strong>baptizati</strong></span> <span class='ocrx_word' id='word_1_180' title='bbox 415 1646 454 1673; x_wconf 92' lang='lat' dir='ltr'><strong>non</strong></span> <span class='ocrx_word' id='word_1_181' title='bbox 466 1645 546 1681; x_wconf 90' lang='lat' dir='ltr'><strong>sumus,</strong></span> <span class='ocrx_word' id='word_1_182' title='bbox 568 1631 603 1673; x_wconf 92' lang='lat' dir='ltr'><strong>sed</strong></span> <span class='ocrx_word' id='word_1_183' title='bbox 615 1630 635 1672; x_wconf 95' lang='lat' dir='ltr'><strong>in</strong></span> <span class='ocrx_word' id='word_1_184' title='bbox 646 1637 722 1687; x_wconf 90' lang='lat' dir='ltr'><strong>patrem</strong></span> <span class='ocrx_word' id='word_1_185' title='bbox 733 1644 757 1672; x_wconf 84' lang='lat' dir='ltr'><strong>ac</strong></span> <span class='ocrx_word' id='word_1_186' title='bbox 768 1630 836 1672; x_wconf 81' lang='lat' dir='ltr'><strong>filium.</strong></span> 
     </span>
     <span class='ocr_line' id='line_1_22' title="bbox 52 1697 838 1757; baseline 0 -16"><span class='ocrx_word' id='word_1_187' title='bbox 52 1697 131 1741; x_wconf 85' lang='lat' dir='ltr'><strong>Deinde</strong></span> <span class='ocrx_word' id='word_1_188' title='bbox 143 1699 194 1755; x_wconf 87' lang='lat' dir='ltr'><strong>quod</strong></span> <span class='ocrx_word' id='word_1_189' title='bbox 206 1700 257 1742; x_wconf 88' lang='lat' dir='ltr'><strong>lilius</strong></span> <span class='ocrx_word' id='word_1_190' title='bbox 269 1714 368 1756; x_wconf 88' lang='lat' dir='ltr'><strong>nunquam</strong></span> <span class='ocrx_word' id='word_1_191' title='bbox 380 1707 454 1757; x_wconf 88' lang='lat' dir='ltr'><strong>patrem</strong></span> <span class='ocrx_word' id='word_1_192' title='bbox 468 1714 524 1742; x_wconf 91' lang='lat' dir='ltr'><strong>suum</strong></span> <span class='ocrx_word' id='word_1_193' title='bbox 535 1699 645 1756; x_wconf 84' lang='lat' dir='ltr'><strong>ingenitum</strong></span> <span class='ocrx_word' id='word_1_194' title='bbox 658 1699 768 1756; x_wconf 88' lang='lat' dir='ltr'><strong>appellasse</strong></span> <span class='ocrx_word' id='word_1_195' title='bbox 781 1713 838 1756; x_wconf 89' lang='lat' dir='ltr'><strong>repe-</strong></span> 
     </span>
     <span class='ocr_line' id='line_1_23' title="bbox 51 1767 838 1826; baseline -0.003 -15"><span class='ocrx_word' id='word_1_196' title='bbox 51 1768 127 1823; x_wconf 87' lang='lat' dir='ltr'><strong>riatur,</strong></span> <span class='ocrx_word' id='word_1_197' title='bbox 149 1768 184 1810; x_wconf 89' lang='lat' dir='ltr'><strong>sed</strong></span> <span class='ocrx_word' id='word_1_198' title='bbox 195 1776 271 1825; x_wconf 87' lang='lat' dir='ltr'><strong>patrem</strong></span> <span class='ocrx_word' id='word_1_199' title='bbox 282 1782 361 1826; x_wconf 90' lang='lat' dir='ltr'><strong>semper</strong></span> <span class='ocrx_word' id='word_1_200' title='bbox 374 1768 507 1812; x_wconf 87' lang='lat' dir='ltr'><strong>nominaverit</strong></span> <span class='ocrx_word' id='word_1_201' title='bbox 518 1770 589 1821; x_wconf 91' lang='lat' dir='ltr'><strong>deum,</strong></span> <span class='ocrx_word' id='word_1_202' title='bbox 613 1768 699 1824; x_wconf 90' lang='lat' dir='ltr'><strong>seipsum</strong></span> <span class='ocrx_word' id='word_1_203' title='bbox 711 1782 760 1809; x_wconf 90' lang='lat' dir='ltr'><strong>vero</strong></span> <span class='ocrx_word' id='word_1_204' title='bbox 773 1767 805 1809; x_wconf 88' lang='lat' dir='ltr'><strong>dei</strong></span> <span class='ocrx_word' id='word_1_205' title='bbox 816 1768 838 1809; x_wconf 88' lang='lat' dir='ltr'><strong>li-</strong></span> 
     </span>
     <span class='ocr_line' id='line_1_24' title="bbox 51 1835 838 1894; baseline -0.003 -14"><span class='ocrx_word' id='word_1_206' title='bbox 51 1838 106 1880; x_wconf 92' lang='lat' dir='ltr'><strong>lium.</strong></span> <span class='ocrx_word' id='word_1_207' title='bbox 138 1836 216 1893; x_wconf 76' lang='lat' dir='ltr'><strong>Quibus</strong></span> <span class='ocrx_word' id='word_1_208' title='bbox 227 1851 254 1879; x_wconf 78' lang='lat' dir='ltr'><strong>ex</strong></span> <span class='ocrx_word' id='word_1_209' title='bbox 263 1837 313 1878; x_wconf 90' lang='lat' dir='ltr'><strong>locis</strong></span> <span class='ocrx_word' id='word_1_210' title='bbox 324 1851 387 1894; x_wconf 88' lang='lat' dir='ltr'><strong>panea</strong></span> <span class='ocrx_word' id='word_1_211' title='bbox 399 1838 494 1893; x_wconf 86' lang='lat' dir='ltr'><strong>quaedam</strong></span> <span class='ocrx_word' id='word_1_212' title='bbox 504 1837 634 1880; x_wconf 81' lang='lat' dir='ltr'><strong>adscribenda</strong></span> <span class='ocrx_word' id='word_1_213' title='bbox 645 1844 700 1879; x_wconf 84' lang='lat' dir='ltr'><strong>sunt.</strong></span> <span class='ocrx_word' id='word_1_214' title='bbox 730 1835 790 1878; x_wconf 87' lang='lat' dir='ltr'><strong>Hune</strong></span> <span class='ocrx_word' id='word_1_215' title='bbox 801 1837 838 1892; x_wconf 83' lang='lat' dir='ltr'><strong>igi-</strong></span> 
     </span>
     <span class='ocr_line' id='line_1_25' title="bbox 52 1905 912 1975; baseline -0.003 -26"><span class='ocrx_word' id='word_1_216' title='bbox 52 1914 84 1949; x_wconf 92' lang='lat' dir='ltr'><strong>tur</strong></span> <span class='ocrx_word' id='word_1_217' title='bbox 101 1907 130 1949; x_wconf 88' lang='lat' dir='ltr'><strong>sie</strong></span> <span class='ocrx_word' id='word_1_218' title='bbox 146 1906 259 1962; x_wconf 84' lang='lat' dir='ltr'><strong>loquentem</strong></span> <span class='ocrx_word' id='word_1_219' title='bbox 275 1905 390 1949; x_wconf 88' lang='lat' dir='ltr'><strong>audiamus:</strong></span> <span class='ocrx_word' id='word_1_220' title='bbox 414 1910 439 1948; x_wconf 81' lang='lat' dir='ltr'><strong>Si</strong></span> <span class='ocrx_word' id='word_1_221' title='bbox 452 1909 556 1960; x_wconf 73' lang='lat' dir='ltr'><strong>diligentis</strong></span> <span class='ocrx_word' id='word_1_222' title='bbox 570 1921 611 1955; x_wconf 86' lang='lat' dir='ltr'><strong>me,</strong></span> <span class='ocrx_word' id='word_1_223' title='bbox 633 1907 745 1959; x_wconf 78' lang='lat' dir='ltr'><strong>gauderetis</strong></span> <span class='ocrx_word' id='word_1_224' title='bbox 762 1909 834 1960; x_wconf 82' lang='lat' dir='ltr'><strong>ctz&#39;qne,</strong></span> <span class='ocrx_word' id='word_1_225' title='bbox 854 1909 912 1975; x_wconf 43' lang='lat'><strong>¹33³&amp;</strong></span> 
     </span>
     <span class='ocr_line' id='line_1_26' title="bbox 51 1967 917 2029; baseline 0 -14"><span class='ocrx_word' id='word_1_226' title='bbox 51 1977 272 2029; x_wconf 78' lang='lat' dir='ltr'><strong>qurlrucdocdpctrem</strong></span> <span class='ocrx_word' id='word_1_227' title='bbox 283 1989 354 2016; x_wconf 71' lang='lat' dir='ltr'><strong>mmm:</strong></span> <span class='ocrx_word' id='word_1_228' title='bbox 376 1975 436 2016; x_wconf 88' lang='lat' dir='ltr'><strong>item:</strong></span> <span class='ocrx_word' id='word_1_229' title='bbox 459 1977 517 2027; x_wconf 78' lang='lat' dir='ltr'><strong>Quem</strong></span> <span class='ocrx_word' id='word_1_230' title='bbox 529 1977 737 2028; x_wconf 81' lang='lat' dir='ltr'><strong>patersanetifieovt&#39;t‚</strong></span> <span class='ocrx_word' id='word_1_231' title='bbox 757 1982 778 2015; x_wconf 86' lang='lat' dir='ltr'><strong>et</strong></span> <span class='ocrx_word' id='word_1_232' title='bbox 786 1977 839 2016; x_wconf 68' lang='lat' dir='ltr'><strong>miset</strong></span> <span class='ocrx_word' id='word_1_233' title='bbox 881 1967 886 1982; x_wconf 85' lang='lat'>&#39;</span> <span class='ocrx_word' id='word_1_234' title='bbox 913 1967 917 1975; x_wconf 60' lang='lat'>¹</span> 
     </span>
     <span class='ocr_line' id='line_1_27' title="bbox 51 2043 836 2097; baseline 0.001 -13"><span class='ocrx_word' id='word_1_235' title='bbox 51 2046 71 2084; x_wconf 80' lang='lat' dir='ltr'><strong>in</strong></span> <span class='ocrx_word' id='word_1_236' title='bbox 83 2046 183 2091; x_wconf 79' lang='lat' dir='ltr'><strong>mundum,</strong></span> <span class='ocrx_word' id='word_1_237' title='bbox 200 2057 233 2084; x_wconf 82' lang='lat' dir='ltr'><strong>eos</strong></span> <span class='ocrx_word' id='word_1_238' title='bbox 242 2045 291 2083; x_wconf 78' lang='lat' dir='ltr'><strong>mitt</strong></span> <span class='ocrx_word' id='word_1_239' title='bbox 298 2045 414 2092; x_wconf 67' lang='lat' dir='ltr'><strong>irascimini,</strong></span> <span class='ocrx_word' id='word_1_240' title='bbox 431 2046 482 2097; x_wconf 84' lang='lat' dir='ltr'><strong>qnod</strong></span> <span class='ocrx_word' id='word_1_241' title='bbox 491 2046 580 2092; x_wconf 72' lang='lat' dir='ltr'><strong>dicerem,</strong></span> <span class='ocrx_word' id='word_1_242' title='bbox 596 2045 659 2084; x_wconf 79' lang='lat' dir='ltr'><strong>Filius</strong></span> <span class='ocrx_word' id='word_1_243' title='bbox 669 2046 760 2084; x_wconf 83' lang='lat' dir='ltr'><strong>dez&#39;sum:</strong></span> <span class='ocrx_word' id='word_1_244' title='bbox 776 2043 836 2085; x_wconf 89' lang='lat' dir='ltr'><strong>item:</strong></span> 
     </span>
     <span class='ocr_line' id='line_1_28' title="bbox 50 2114 906 2182; baseline -0.002 -29"><span class='ocrx_word' id='word_1_245' title='bbox 50 2114 95 2166; x_wconf 74' lang='lat' dir='ltr'><strong>ago</strong></span> <span class='ocrx_word' id='word_1_246' title='bbox 105 2120 125 2153; x_wconf 84' lang='lat' dir='ltr'><strong>et</strong></span> <span class='ocrx_word' id='word_1_247' title='bbox 135 2119 212 2166; x_wconf 76' lang='lat' dir='ltr'><strong>epatre</strong></span> <span class='ocrx_word' id='word_1_248' title='bbox 222 2114 280 2161; x_wconf 63' lang='lat' dir='ltr'><strong>entur,</strong></span> <span class='ocrx_word' id='word_1_249' title='bbox 295 2119 316 2151; x_wconf 85' lang='lat' dir='ltr'><strong>et</strong></span> <span class='ocrx_word' id='word_1_250' title='bbox 324 2114 383 2152; x_wconf 85' lang='lat' dir='ltr'><strong>codo:</strong></span> <span class='ocrx_word' id='word_1_251' title='bbox 404 2114 458 2152; x_wconf 72' lang='lat' dir='ltr'><strong>eutii</strong></span> <span class='ocrx_word' id='word_1_252' title='bbox 466 2126 479 2152; x_wconf 85' lang='lat' dir='ltr'><strong><em>a</em></strong></span> <span class='ocrx_word' id='word_1_253' title='bbox 488 2119 555 2165; x_wconf 84' lang='lat' dir='ltr'><strong>putre,</strong></span> <span class='ocrx_word' id='word_1_254' title='bbox 571 2119 592 2152; x_wconf 87' lang='lat' dir='ltr'><strong>et</strong></span> <span class='ocrx_word' id='word_1_255' title='bbox 601 2115 646 2152; x_wconf 81' lang='lat' dir='ltr'><strong>cent</strong></span> <span class='ocrx_word' id='word_1_256' title='bbox 653 2115 672 2152; x_wconf 82' lang='lat' dir='ltr'><strong>in</strong></span> <span class='ocrx_word' id='word_1_257' title='bbox 683 2114 784 2161; x_wconf 69' lang='lat' dir='ltr'><strong>mundum,</strong></span> <span class='ocrx_word' id='word_1_258' title='bbox 801 2114 837 2152; x_wconf 73' lang='lat' dir='ltr'><strong>ite·</strong></span> <span class='ocrx_word' id='word_1_259' title='bbox 852 2118 906 2182; x_wconf 61' lang='lat' dir='ltr'><strong>llpmpp</strong></span> 
     </span>
     <span class='ocr_line' id='line_1_29' title="bbox 51 2168 908 2235; baseline -0.001 -13"><span class='ocrx_word' id='word_1_260' title='bbox 51 2195 94 2222; x_wconf 85' lang='lat' dir='ltr'><strong>rum</strong></span> <span class='ocrx_word' id='word_1_261' title='bbox 109 2183 197 2235; x_wconf 82' lang='lat' dir='ltr'><strong>relinquo</strong></span> <span class='ocrx_word' id='word_1_262' title='bbox 213 2183 314 2229; x_wconf 82' lang='lat' dir='ltr'><strong>mundum,</strong></span> <span class='ocrx_word' id='word_1_263' title='bbox 336 2188 356 2220; x_wconf 87' lang='lat' dir='ltr'><strong>et</strong></span> <span class='ocrx_word' id='word_1_264' title='bbox 366 2182 414 2220; x_wconf 85' lang='lat' dir='ltr'><strong>codo</strong></span> <span class='ocrx_word' id='word_1_265' title='bbox 428 2182 455 2221; x_wconf 85' lang='lat' dir='ltr'><strong>cd</strong></span> <span class='ocrx_word' id='word_1_266' title='bbox 469 2188 550 2234; x_wconf 83' lang='lat' dir='ltr'><strong>putrem.</strong></span> <span class='ocrx_word' id='word_1_267' title='bbox 582 2178 640 2221; x_wconf 83' lang='lat' dir='ltr'><strong>Adde</strong></span> <span class='ocrx_word' id='word_1_268' title='bbox 653 2168 710 2221; x_wconf 86' lang='lat' dir='ltr'><strong>¹Petri</strong></span> <span class='ocrx_word' id='word_1_269' title='bbox 726 2180 837 2222; x_wconf 88' lang='lat' dir='ltr'><strong>eonlessio-</strong></span> <span class='ocrx_word' id='word_1_270' title='bbox 872 2175 877 2190; x_wconf 93' lang='lat'><strong><em>&#39;</em></strong></span> <span class='ocrx_word' id='word_1_271' title='bbox 904 2173 908 2182; x_wconf 63' lang='lat'>¹</span> 
     </span>
     <span class='ocr_line' id='line_1_30' title="bbox 51 2246 941 2321; baseline -0.001 -30"><span class='ocrx_word' id='word_1_272' title='bbox 51 2262 110 2291; x_wconf 74' lang='lat' dir='ltr'><strong>nen:</strong></span> <span class='ocrx_word' id='word_1_273' title='bbox 129 2252 158 2290; x_wconf 80' lang='lat' dir='ltr'><strong>Tu</strong></span> <span class='ocrx_word' id='word_1_274' title='bbox 167 2264 188 2290; x_wconf 89' lang='lat' dir='ltr'><strong>es</strong></span> <span class='ocrx_word' id='word_1_275' title='bbox 199 2252 288 2290; x_wconf 76' lang='lat' dir='ltr'><strong>Clerr&#39;stcs</strong></span> <span class='ocrx_word' id='word_1_276' title='bbox 293 2250 352 2302; x_wconf 81' lang='lat' dir='ltr'><strong>filins</strong></span> <span class='ocrx_word' id='word_1_277' title='bbox 362 2251 399 2289; x_wconf 80' lang='lat' dir='ltr'><strong>dei.</strong></span> <span class='ocrx_word' id='word_1_278' title='bbox 431 2246 473 2290; x_wconf 91' lang='lat' dir='ltr'><strong>Sed</strong></span> <span class='ocrx_word' id='word_1_279' title='bbox 486 2248 676 2304; x_wconf 91' lang='lat' dir='ltr'><strong>etpatereooelo,</strong></span> <span class='ocrx_word' id='word_1_280' title='bbox 696 2250 783 2297; x_wconf 80' lang='lat' dir='ltr'><strong>Ilt&#39;oest,</strong></span> <span class='ocrx_word' id='word_1_281' title='bbox 805 2248 941 2321; x_wconf 52' lang='lat' dir='ltr'><strong>in-matnsgtt.</strong></span> 
     </span>
     <span class='ocr_line' id='line_1_31' title="bbox 52 2292 923 2374; baseline -0.001 -15"><span class='ocrx_word' id='word_1_282' title='bbox 52 2317 106 2374; x_wconf 84' lang='lat' dir='ltr'><strong>quit,</strong></span> <span class='ocrx_word' id='word_1_283' title='bbox 121 2320 184 2359; x_wconf 80' lang='lat' dir='ltr'><strong>Filios</strong></span> <span class='ocrx_word' id='word_1_284' title='bbox 195 2332 246 2359; x_wconf 84' lang='lat' dir='ltr'><strong>mens</strong></span> <span class='ocrx_word' id='word_1_285' title='bbox 256 2320 344 2359; x_wconf 78' lang='lat' dir='ltr'><strong>delectus.</strong></span> <span class='ocrx_word' id='word_1_286' title='bbox 376 2315 433 2372; x_wconf 76' lang='lat' dir='ltr'><strong>Quae</strong></span> <span class='ocrx_word' id='word_1_287' title='bbox 445 2331 490 2359; x_wconf 90' lang='lat' dir='ltr'><strong>oum</strong></span> <span class='ocrx_word' id='word_1_288' title='bbox 501 2316 529 2359; x_wconf 89' lang='lat' dir='ltr'><strong>ita</strong></span> <span class='ocrx_word' id='word_1_289' title='bbox 540 2317 591 2369; x_wconf 93' lang='lat' dir='ltr'><strong>sint,</strong></span> <span class='ocrx_word' id='word_1_290' title='bbox 608 2329 692 2373; x_wconf 90' lang='lat' dir='ltr'><strong>cumque</strong></span> <span class='ocrx_word' id='word_1_291' title='bbox 702 2323 722 2358; x_wconf 92' lang='lat' dir='ltr'><strong>et</strong></span> <span class='ocrx_word' id='word_1_292' title='bbox 734 2323 792 2374; x_wconf 89' lang='lat' dir='ltr'><strong>pater</strong></span> <span class='ocrx_word' id='word_1_293' title='bbox 801 2316 837 2358; x_wconf 88' lang='lat' dir='ltr'><strong>lilii</strong></span> <span class='ocrx_word' id='word_1_294' title='bbox 854 2295 871 2320; x_wconf 55' lang='lat' dir='ltr'><strong>‘t</strong></span> <span class='ocrx_word' id='word_1_295' title='bbox 879 2292 903 2328; x_wconf 55' lang='grc' dir='ltr'><strong>η’</strong></span> <span class='ocrx_word' id='word_1_296' title='bbox 919 2312 923 2320; x_wconf 83' lang='grc'><strong>’</strong></span> 
     </span>
     <span class='ocr_line' id='line_1_32' title="bbox 52 2385 839 2443; baseline -0.001 -15"><span class='ocrx_word' id='word_1_297' title='bbox 52 2393 73 2428; x_wconf 91' lang='lat' dir='ltr'><strong>et</strong></span> <span class='ocrx_word' id='word_1_298' title='bbox 81 2385 132 2428; x_wconf 89' lang='lat' dir='ltr'><strong>filins</strong></span> <span class='ocrx_word' id='word_1_299' title='bbox 145 2386 206 2443; x_wconf 90' lang='lat' dir='ltr'><strong>patris</strong></span> <span class='ocrx_word' id='word_1_300' title='bbox 217 2387 241 2428; x_wconf 95' lang='lat' dir='ltr'><strong>ad</strong></span> <span class='ocrx_word' id='word_1_301' title='bbox 255 2400 300 2428; x_wconf 93' lang='lat' dir='ltr'><strong>eum</strong></span> <span class='ocrx_word' id='word_1_302' title='bbox 312 2386 390 2428; x_wconf 89' lang='lat' dir='ltr'><strong>modurn</strong></span> <span class='ocrx_word' id='word_1_303' title='bbox 401 2385 525 2438; x_wconf 89' lang='lat' dir='ltr'><strong>meminerit,</strong></span> <span class='ocrx_word' id='word_1_304' title='bbox 546 2393 625 2437; x_wconf 92' lang='lat' dir='ltr'><strong>etnos,</strong></span> <span class='ocrx_word' id='word_1_305' title='bbox 648 2385 839 2438; x_wconf 85' lang='lat' dir='ltr'><strong>utiternmdicam,</strong></span> 
     </span>
     <span class='ocr_line' id='line_1_33' title="bbox 52 2453 837 2510; baseline 0 -14"><span class='ocrx_word' id='word_1_306' title='bbox 52 2453 106 2497; x_wconf 86' lang='lat' dir='ltr'><strong>hisce</strong></span> <span class='ocrx_word' id='word_1_307' title='bbox 123 2454 235 2497; x_wconf 86' lang='lat' dir='ltr'><strong>nominihus</strong></span> <span class='ocrx_word' id='word_1_308' title='bbox 252 2454 351 2510; x_wconf 87' lang='lat' dir='ltr'><strong>obsignati</strong></span> <span class='ocrx_word' id='word_1_309' title='bbox 367 2453 442 2507; x_wconf 88' lang='lat' dir='ltr'><strong>simus,</strong></span> <span class='ocrx_word' id='word_1_310' title='bbox 465 2453 536 2495; x_wconf 91' lang='lat' dir='ltr'><strong>iisdem</strong></span> <span class='ocrx_word' id='word_1_311' title='bbox 551 2454 590 2496; x_wconf 91' lang='lat' dir='ltr'><strong>illis</strong></span> <span class='ocrx_word' id='word_1_312' title='bbox 606 2467 685 2509; x_wconf 91' lang='lat' dir='ltr'><strong>semper</strong></span> <span class='ocrx_word' id='word_1_313' title='bbox 699 2460 790 2506; x_wconf 88' lang='lat' dir='ltr'><strong>utemur,</strong></span> <span class='ocrx_word' id='word_1_314' title='bbox 813 2469 837 2496; x_wconf 88' lang='lat' dir='ltr'><strong>ac</strong></span> 
     </span>
     <span class='ocr_line' id='line_1_34' title="bbox 49 2522 940 2579; baseline -0.003 -15"><span class='ocrx_word' id='word_1_315' title='bbox 49 2524 143 2577; x_wconf 70' lang='lat' dir='ltr'><strong>prosaicus</strong></span> <span class='ocrx_word' id='word_1_316' title='bbox 153 2537 219 2564; x_wconf 83' lang='lat' dir='ltr'><strong>ccccm</strong></span> <span class='ocrx_word' id='word_1_317' title='bbox 229 2526 334 2572; x_wconf 80' lang='lat' dir='ltr'><strong>novitates,</strong></span> <span class='ocrx_word' id='word_1_318' title='bbox 352 2536 401 2578; x_wconf 88' lang='lat' dir='ltr'><strong>qnae</strong></span> <span class='ocrx_word' id='word_1_319' title='bbox 413 2522 542 2579; x_wconf 87' lang='lat' dir='ltr'><strong>apostolicam</strong></span> <span class='ocrx_word' id='word_1_320' title='bbox 554 2523 612 2564; x_wconf 88' lang='lat' dir='ltr'><strong>tidem</strong></span> <span class='ocrx_word' id='word_1_321' title='bbox 623 2529 749 2578; x_wconf 85' lang='lat' dir='ltr'><strong>oppugnant,</strong></span> <span class='ocrx_word' id='word_1_322' title='bbox 765 2523 835 2578; x_wconf 91' lang='lat' dir='ltr'><strong>procul</strong></span> <span class='ocrx_word' id='word_1_323' title='bbox 840 2532 853 2562; x_wconf 80' lang='lat' dir='ltr'><strong>t.</strong></span> <span class='ocrx_word' id='word_1_324' title='bbox 858 2532 940 2569; x_wconf 65' lang='lat' dir='ltr'><strong>romono.</strong></span> 
     </span>
     <span class='ocr_line' id='line_1_35' title="bbox 51 2588 908 2664; baseline -0.005 -30"><span class='ocrx_word' id='word_1_325' title='bbox 51 2591 206 2648; x_wconf 78' lang='lat' dir='ltr'><strong>repudiabimus.</strong></span> <span class='ocrx_word' id='word_1_326' title='bbox 238 2588 296 2645; x_wconf 78' lang='lat' dir='ltr'><strong>Quod</strong></span> <span class='ocrx_word' id='word_1_327' title='bbox 309 2590 361 2632; x_wconf 90' lang='lat' dir='ltr'><strong>enirn</strong></span> <span class='ocrx_word' id='word_1_328' title='bbox 373 2604 385 2632; x_wconf 95' lang='lat' dir='ltr'><strong>a</strong></span> <span class='ocrx_word' id='word_1_329' title='bbox 397 2597 453 2646; x_wconf 92' lang='lat' dir='ltr'><strong>patre</strong></span> <span class='ocrx_word' id='word_1_330' title='bbox 465 2590 538 2632; x_wconf 92' lang='lat' dir='ltr'><strong>dietnm</strong></span> <span class='ocrx_word' id='word_1_331' title='bbox 550 2597 593 2641; x_wconf 91' lang='lat' dir='ltr'><strong>est,</strong></span> <span class='ocrx_word' id='word_1_332' title='bbox 615 2592 639 2631; x_wconf 86' lang='lat' dir='ltr'><strong>In</strong></span> <span class='ocrx_word' id='word_1_333' title='bbox 649 2592 783 2644; x_wconf 80' lang='lat' dir='ltr'><strong>splendoribus</strong></span> <span class='ocrx_word' id='word_1_334' title='bbox 791 2605 837 2649; x_wconf 72' lang='lat' dir='ltr'><strong>sen·</strong></span> <span class='ocrx_word' id='word_1_335' title='bbox 848 2600 908 2664; x_wconf 57' lang='lat' dir='ltr'><strong>t’lsppn5</strong></span> 
     </span>
     <span class='ocr_line' id='line_1_36' title="bbox 51 2656 912 2715; baseline -0.001 -13"><span class='ocrx_word' id='word_1_336' title='bbox 51 2667 125 2702; x_wconf 78' lang='lat' dir='ltr'><strong>ecorum</strong></span> <span class='ocrx_word' id='word_1_337' title='bbox 138 2675 163 2701; x_wconf 76' lang='lat' dir='ltr'><strong>ec</strong></span> <span class='ocrx_word' id='word_1_338' title='bbox 173 2666 227 2700; x_wconf 85' lang='lat' dir='ltr'><strong>utero</strong></span> <span class='ocrx_word' id='word_1_339' title='bbox 241 2666 286 2699; x_wconf 84' lang='lat' dir='ltr'><strong>unte</strong></span> <span class='ocrx_word' id='word_1_340' title='bbox 300 2660 400 2714; x_wconf 72' lang='lat' dir='ltr'><strong>luciferum</strong></span> <span class='ocrx_word' id='word_1_341' title='bbox 411 2662 475 2711; x_wconf 75' lang='lat' dir='ltr'><strong>genui</strong></span> <span class='ocrx_word' id='word_1_342' title='bbox 484 2667 513 2708; x_wconf 87' lang='lat' dir='ltr'><strong>te,</strong></span> <span class='ocrx_word' id='word_1_343' title='bbox 537 2660 651 2701; x_wconf 87' lang='lat' dir='ltr'><strong>necessario</strong></span> <span class='ocrx_word' id='word_1_344' title='bbox 667 2667 781 2715; x_wconf 87' lang='lat' dir='ltr'><strong>usurpatum</strong></span> <span class='ocrx_word' id='word_1_345' title='bbox 795 2666 835 2712; x_wconf 89' lang='lat' dir='ltr'><strong>est,</strong></span> <span class='ocrx_word' id='word_1_346' title='bbox 884 2656 912 2673; x_wconf 86' lang='lat'><strong>’&#39;</strong></span> 
     </span>
     <span class='ocr_line' id='line_1_37' title="bbox 52 2726 836 2784; baseline -0.003 -13"><span class='ocrx_word' id='word_1_347' title='bbox 52 2735 73 2771; x_wconf 87' lang='lat' dir='ltr'><strong>et</strong></span> <span class='ocrx_word' id='word_1_348' title='bbox 83 2728 108 2771; x_wconf 86' lang='lat' dir='ltr'><strong>ab</strong></span> <span class='ocrx_word' id='word_1_349' title='bbox 120 2727 259 2771; x_wconf 89' lang='lat' dir='ltr'><strong>commuuione</strong></span> <span class='ocrx_word' id='word_1_350' title='bbox 273 2741 317 2769; x_wconf 88' lang='lat' dir='ltr'><strong>oum</strong></span> <span class='ocrx_word' id='word_1_351' title='bbox 334 2727 407 2769; x_wconf 86' lang='lat' dir='ltr'><strong>creatis</strong></span> <span class='ocrx_word' id='word_1_352' title='bbox 422 2727 482 2770; x_wconf 74' lang='lat' dir='ltr'><strong>relius</strong></span> <span class='ocrx_word' id='word_1_353' title='bbox 496 2726 556 2769; x_wconf 90' lang='lat' dir='ltr'><strong>lilium</strong></span> <span class='ocrx_word' id='word_1_354' title='bbox 573 2726 634 2784; x_wconf 94' lang='lat' dir='ltr'><strong>patris</strong></span> <span class='ocrx_word' id='word_1_355' title='bbox 649 2726 745 2780; x_wconf 85' lang='lat' dir='ltr'><strong>abducet,</strong></span> <span class='ocrx_word' id='word_1_356' title='bbox 767 2728 800 2784; x_wconf 88' lang='lat' dir='ltr'><strong>qui</strong></span> <span class='ocrx_word' id='word_1_357' title='bbox 812 2727 836 2769; x_wconf 86' lang='lat' dir='ltr'><strong>ab</strong></span> 
     </span>
     <span class='ocr_line' id='line_1_38' title="bbox 51 2794 837 2853; baseline -0.001 -15"><span class='ocrx_word' id='word_1_358' title='bbox 51 2796 96 2853; x_wconf 90' lang='lat' dir='ltr'><strong>ipso</strong></span> <span class='ocrx_word' id='word_1_359' title='bbox 107 2810 213 2853; x_wconf 80' lang='lat' dir='ltr'><strong>germanus</strong></span> <span class='ocrx_word' id='word_1_360' title='bbox 224 2795 341 2853; x_wconf 90' lang='lat' dir='ltr'><strong>proprieque</strong></span> <span class='ocrx_word' id='word_1_361' title='bbox 350 2794 429 2851; x_wconf 85' lang='lat' dir='ltr'><strong>genitus</strong></span> <span class='ocrx_word' id='word_1_362' title='bbox 439 2803 471 2838; x_wconf 91' lang='lat' dir='ltr'><strong>est</strong></span> <span class='ocrx_word' id='word_1_363' title='bbox 480 2795 542 2848; x_wconf 78' lang='lat' dir='ltr'><strong>lilius3</strong></span> <span class='ocrx_word' id='word_1_364' title='bbox 558 2795 577 2836; x_wconf 94' lang='lat' dir='ltr'><strong>id</strong></span> <span class='ocrx_word' id='word_1_365' title='bbox 585 2796 637 2850; x_wconf 91' lang='lat' dir='ltr'><strong>qnod</strong></span> <span class='ocrx_word' id='word_1_366' title='bbox 648 2803 668 2837; x_wconf 92' lang='lat' dir='ltr'><strong>et</strong></span> <span class='ocrx_word' id='word_1_367' title='bbox 675 2809 699 2837; x_wconf 90' lang='lat' dir='ltr'><strong>ea</strong></span> <span class='ocrx_word' id='word_1_368' title='bbox 706 2795 769 2837; x_wconf 82' lang='lat' dir='ltr'><strong>uerba</strong></span> <span class='ocrx_word' id='word_1_369' title='bbox 779 2810 837 2852; x_wconf 89' lang='lat' dir='ltr'><strong>prae-</strong></span> 
     </span>
     <span class='ocr_line' id='line_1_39' title="bbox 52 2862 940 2919; baseline -0.002 -12"><span class='ocrx_word' id='word_1_370' title='bbox 52 2871 117 2919; x_wconf 89' lang='lat' dir='ltr'><strong>stant,</strong></span> <span class='ocrx_word' id='word_1_371' title='bbox 137 2867 171 2906; x_wconf 65' lang='lat' dir='ltr'><strong>aa</strong></span> <span class='ocrx_word' id='word_1_372' title='bbox 182 2872 243 2906; x_wconf 76' lang='lat' dir='ltr'><strong>utero</strong></span> <span class='ocrx_word' id='word_1_373' title='bbox 276 2862 374 2907; x_wconf 87' lang='lat' dir='ltr'><strong>Similiter</strong></span> <span class='ocrx_word' id='word_1_374' title='bbox 385 2870 405 2905; x_wconf 90' lang='lat' dir='ltr'><strong>et</strong></span> <span class='ocrx_word' id='word_1_375' title='bbox 417 2864 467 2906; x_wconf 87' lang='lat' dir='ltr'><strong>lilius</strong></span> <span class='ocrx_word' id='word_1_376' title='bbox 481 2878 525 2905; x_wconf 92' lang='lat' dir='ltr'><strong>cnm</strong></span> <span class='ocrx_word' id='word_1_377' title='bbox 540 2863 637 2917; x_wconf 80' lang='lat' dir='ltr'><strong>dixisset,</strong></span> <span class='ocrx_word' id='word_1_378' title='bbox 657 2866 751 2904; x_wconf 67' lang='lat' dir='ltr'><strong>nominos</strong></span> <span class='ocrx_word' id='word_1_379' title='bbox 764 2866 940 2913; x_wconf 59' lang='lat' dir='ltr'><strong>ereamtnovnste</strong></span> 
     </span>
     <span class='ocr_line' id='line_1_40' title="bbox 52 2931 836 2983; baseline -0.001 -9"><span class='ocrx_word' id='word_1_380' title='bbox 52 2947 92 2983; x_wconf 84' lang='lat' dir='ltr'><strong>me,</strong></span> <span class='ocrx_word' id='word_1_381' title='bbox 116 2948 142 2976; x_wconf 92' lang='lat' dir='ltr'><strong>ne</strong></span> <span class='ocrx_word' id='word_1_382' title='bbox 154 2947 277 2976; x_wconf 86' lang='lat' dir='ltr'><strong>communem</strong></span> <span class='ocrx_word' id='word_1_383' title='bbox 288 2931 332 2975; x_wconf 93' lang='lat' dir='ltr'><strong>eius</strong></span> <span class='ocrx_word' id='word_1_384' title='bbox 345 2946 390 2974; x_wconf 89' lang='lat' dir='ltr'><strong>oum</strong></span> <span class='ocrx_word' id='word_1_385' title='bbox 401 2933 475 2975; x_wconf 89' lang='lat' dir='ltr'><strong>creatis</strong></span> <span class='ocrx_word' id='word_1_386' title='bbox 485 2932 546 2974; x_wconf 91' lang='lat' dir='ltr'><strong>rebus</strong></span> <span class='ocrx_word' id='word_1_387' title='bbox 559 2932 632 2974; x_wconf 91' lang='lat' dir='ltr'><strong>ceteris</strong></span> <span class='ocrx_word' id='word_1_388' title='bbox 643 2939 734 2974; x_wconf 90' lang='lat' dir='ltr'><strong>naturam</strong></span> <span class='ocrx_word' id='word_1_389' title='bbox 745 2945 791 2973; x_wconf 90' lang='lat' dir='ltr'><strong>esse</strong></span> <span class='ocrx_word' id='word_1_390' title='bbox 802 2946 836 2974; x_wconf 93' lang='lat' dir='ltr'><strong>su·</strong></span> 
     </span>
    </p>
   </div>
   <div class='ocr_carea' id='block_1_3' title="bbox 75 3044 701 3138">
    <p class='ocr_par' dir='ltr' id='par_1_4' title="bbox 75 3044 701 3138">
     <span class='ocr_line' id='line_1_41' title="bbox 77 3044 571 3092; baseline 0.002 -13"><span class='ocrx_word' id='word_1_391' title='bbox 77 3044 117 3092; x_wconf 79' lang='lat' dir='ltr'><strong>Gap.</strong></span> <span class='ocrx_word' id='word_1_392' title='bbox 126 3047 169 3083; x_wconf 79' lang='lat' dir='ltr'><strong>XX.</strong></span> <span class='ocrx_word' id='word_1_393' title='bbox 177 3065 199 3072; x_wconf 88' lang='lat'><em>-</em></span> <span class='ocrx_word' id='word_1_394' title='bbox 212 3046 227 3081; x_wconf 88' lang='lat'><strong>1.</strong></span> <span class='ocrx_word' id='word_1_395' title='bbox 239 3045 270 3082; x_wconf 75' lang='grc' dir='ltr'><strong>καὶ</strong></span> <span class='ocrx_word' id='word_1_396' title='bbox 280 3057 311 3080; x_wconf 89' lang='lat' dir='ltr'><strong>om.</strong></span> <span class='ocrx_word' id='word_1_397' title='bbox 323 3047 356 3081; x_wconf 85' lang='lat' dir='ltr'><strong>eod.</strong></span> <span class='ocrx_word' id='word_1_398' title='bbox 364 3047 431 3089; x_wconf 78' lang='lat' dir='ltr'><strong>llltedip.</strong></span> <span class='ocrx_word' id='word_1_399' title='bbox 454 3050 488 3080; x_wconf 78' lang='lat' dir='ltr'><strong>md</strong></span> <span class='ocrx_word' id='word_1_400' title='bbox 500 3048 571 3080; x_wconf 81' lang='lat' dir='ltr'><strong>Potenti.</strong></span> 
     </span>
     <span class='ocr_line' id='line_1_42' title="bbox 75 3089 701 3138; baseline -0.006 -12"><span class='ocrx_word' id='word_1_401' title='bbox 75 3092 92 3126; x_wconf 81' lang='lat'><strong>2.</strong></span> <span class='ocrx_word' id='word_1_402' title='bbox 105 3089 154 3138; x_wconf 73' lang='grc' dir='ltr'>ἐλίγα</span> <span class='ocrx_word' id='word_1_403' title='bbox 166 3089 186 3128; x_wconf 73' lang='grc' dir='ltr'><strong>δὲ</strong></span> <span class='ocrx_word' id='word_1_404' title='bbox 196 3091 348 3137; x_wconf 72' lang='grc' dir='ltr'><strong>παρασημειωτέον</strong></span> <span class='ocrx_word' id='word_1_405' title='bbox 362 3093 431 3134; x_wconf 73' lang='lat' dir='ltr'><strong>suspicio</strong></span> <span class='ocrx_word' id='word_1_406' title='bbox 476 3091 493 3127; x_wconf 78' lang='lat'><strong>3.</strong></span> <span class='ocrx_word' id='word_1_407' title='bbox 504 3091 534 3127; x_wconf 82' lang='lat' dir='ltr'><strong>nod</strong></span> <span class='ocrx_word' id='word_1_408' title='bbox 545 3102 576 3126; x_wconf 86' lang='lat' dir='ltr'><strong>orn.</strong></span> <span class='ocrx_word' id='word_1_409' title='bbox 589 3092 623 3125; x_wconf 83' lang='lat' dir='ltr'><strong>eod·</strong></span> <span class='ocrx_word' id='word_1_410' title='bbox 635 3091 701 3133; x_wconf 74' lang='lat' dir='ltr'><strong>ltltedtp.</strong></span> 
     </span>
    </p>
   </div>
   <div class='ocr_carea' id='block_1_4' title="bbox 0 0 998 3392">
    <p class='ocr_par' dir='ltr' id='par_1_5' title="bbox 0 0 998 3392">
     <span class='ocr_line' id='line_1_43' title="bbox 0 0 998 3392; baseline 0 0"><span class='ocrx_word' id='word_1_411' title='bbox 0 0 998 3392; x_wconf 95' lang='lat' dir='ltr'><strong> </strong></span> 
     </span>
    </p>
   </div>
  </div>
 </body>
</html>
