1988 3392
249 218 343 254 rinnau
354 220 398 254 ere.
407 221 438 254 ur.
447 220 503 256 rou.
512 222 533 255 u.
544 219 612 255 naue.
621 218 720 254 nxxmu.
828 209 870 252 437

90 304 128 357 ipsi
136 303 155 341 in
166 302 269 341 muneram.
301 299 347 356 Quo
358 300 405 343 illud
415 301 583 358 intelligeremus,
599 300 699 343 dominum
711 300 786 357 sibiipsi
798 314 870 356 eorpus

90 367 179 412 cMaria
191 368 286 422 finxisse,
307 370 412 412 ecelesiam
429 384 479 412 vero
495 384 522 413 ex
538 371 582 427 ipso
599 371 662 412 latere
679 369 733 411 velut
748 370 871 411 aedificatam

90 438 163 488 luisse,
185 436 218 477 cui
229 437 272 478 eius
284 438 334 479 latus
350 444 382 479 est
393 438 473 493 cuspide
487 439 609 488 sauciatum,
632 438 657 480 ab
670 437 779 492 eodemque
789 437 871 493 sangni-

90 505 120 546 nis
135 509 156 545 et
170 517 234 559 aquae
249 504 272 546 ad
288 504 384 547 lotionem
398 511 487 548 nostram
502 507 620 562 produxisse
636 503 741 562 mysteria.

145 638 189 682 Iam
203 654 253 682 vero
268 640 319 698 qnod
334 639 419 683 Mariam
436 639 533 698 Iosephus
550 642 669 697 cognovisse
685 639 769 692 dicitur,
791 653 831 681 non
846 639 871 681 ad
902 648 943 690 cap.

89 724 145 753 usum
162 709 247 767 aliquem
263 711 353 768 corporis
368 717 426 769 atque
442 711 528 755 usitatae
544 711 694 754 consuetudinis
711 709 818 753 referenda
832 708 871 751 ista
899 692 941 727 XX·

89 779 175 837 cognitio
194 787 232 824 est.
264 779 304 823 Sed
320 780 365 824 ideo
383 782 489 837 cognorit,
512 782 564 839 quod
577 780 608 824 cui
625 781 719 824 divinitus
729 780 825 823 bonorem
837 778 871 821 ba-

88 850 131 893 beri
144 849 222 892 viderat
238 850 321 892 eandem
336 850 411 893 bonore
424 859 541 907 prosecutus
558 851 624 894 luerit.
655 848 728 906 Neque
746 849 797 891 enim
814 856 870 891 tanto

88 919 141 960 illam
152 919 257 975 splendore
267 932 290 961 ae
301 918 364 973 gloria
376 919 484 975 praeditam
495 926 600 976 putaverat
611 919 675 961 donee
685 933 696 960 e
707 919 790 960 muliere
801 925 868 960 natum

89 986 189 1028 dominum
202 986 349 1028 animadvertit.
381 984 439 1042 Quod
452 994 517 1029 autem
528 987 623 1044 seriptum
634 993 677 1037 est,
698 990 807 1039 Antequam
823 1001 974 1040 eon-Mappqm

89 1057 185 1103 uenirent,
209 1056 512 1104 inventoestuantemtotem,
536 1055 560 1096 ob
573 1069 615 1096 eam
629 1067 719 1096 caussam
734 1053 822 1104 additur,
845 1067 870 1095 ne

88 1122 167 1164 illorum
179 1121 313 1163 invalesceret
325 1120 392 1178 opinio
408 1122 440 1177 qui
457 1122 601 1164 incarnationis
617 1120 733 1177 mysterium
750 1120 872 1162 arbitrantur

89 1188 142 1231 virili
156 1203 216 1246 opera
232 1189 384 1245 interventuque
399 1190 517 1246 perfeetum.
548 1188 593 1232 Hoc
610 1189 662 1231 enim
677 1187 736 1229 dicit:
759 1188 871 1244 Antequam

89 1258 146 1302 lieret
157 1257 222 1310 istud,
240 1259 291 1316 qued
305 1258 390 1302 futurum
403 1258 554 1317 expectabatur,
570 1259 649 1302 tametsi
660 1273 760 1317 nunquam
772 1257 870 1300 extiterit.

88 1327 115 1373 Ut
130 1328 182 1371 enim
194 1328 263 1371 demus
277 1329 336 1382 illud,
360 1328 464 1387 losepbum
482 1330 593 1372 maritalem
609 1344 653 1373 curu
667 1330 746 1388 virgine
762 1328 870 1387 copulatiu-

88 1412 133 1441 nem
144 1411 236 1453 sperasse
247 1398 308 1454 [quod
323 1398 400 1454 quidem
411 1414 446 1456 pro
459 1400 530 1442 affeetu
541 1400 580 1442 iarn
592 1399 644 1442 illius
655 1407 720 1443 aetate
732 1398 775 1441 lieri
788 1398 869 1441 minime
913 1444 915 1448 ,

89 1469 188 1523 poterat),
213 1473 279 1508 tamen
296 1466 394 1523 scriptura
409 1468 453 1524 ipsa
469 1469 595 1524 praemunire
613 1482 662 1521 nos,
686 1476 706 1510 et
722 1468 829 1509 admonere
846 1482 869 1509 ao

88 1534 188 1577 cautiores
197 1535 275 1577 efficere
285 1535 355 1578 voluit.
387 1534 488 1592 Siquidem
500 1537 533 1580 vel
545 1537 582 1579 bec
595 1537 658 1594 ipsum
672 1537 723 1593 qnod
737 1544 783 1578 tune
795 1544 870 1592 tempo·

88 1603 117 1646 ris
128 1603 238 1658 agebatur,
260 1602 350 1655 divinus,
372 1604 463 1660 inquam,
483 1604 517 1646 ille
530 1613 598 1661 partus
610 1605 687 1646 abunde
702 1605 823 1661 persuadere
835 1619 870 1660 pu-

88 1678 128 1714 test
138 1669 283 1712 sanctissimam
294 1670 391 1726 virginem
405 1671 477 1713 nullius
488 1679 557 1727 postea
574 1672 612 1713 viri
629 1672 793 1713 connsuetudinem
808 1671 870 1712 admi·

88 1739 152 1791 sissc3
173 1737 335 1794 quemadmodum
347 1739 430 1793 angelus
445 1737 531 1795 losepbo
545 1740 569 1781 de
579 1739 632 1781 illins
646 1753 703 1794 quam
719 1739 785 1780 animo
797 1753 870 1780 conee-

88 1813 144 1863 perat
155 1805 253 1863 opinionis
270 1805 357 1848 falsitate
371 1807 478 1862 persuasit.
509 1806 563 1849 Nam
575 1807 710 1864 superioribus
724 1807 779 1849 bisoe
792 1806 868 1860 verbis,

87 1881 195 1933 Antequam
205 1882 336 1927 numerarent,
354 1875 424 1934 quibus
435 1891 468 1920 res
478 1876 499 1920 iu
509 1877 648 1935 expectatione
660 1877 736 1935 posita,
753 1890 792 1919 nun
803 1884 868 1934 gesta,

88 1948 211 2001 declaratur,
233 1948 353 1991 simillimum
365 1948 457 2004 estquod
470 1949 571 2004 sequitur,
595 1951 640 1989 Cnm
654 1950 786 1996 asserimus,
808 1949 871 1988 uoluit

88 2019 140 2059 illum
157 2021 270 2067 traducere,
291 2020 325 2058 red
341 2020 414 2058 occulte
430 2019 531 2058 demittere.
569 2015 633 2072 Quasi
652 2018 720 2058 malus
732 2017 770 2058 iam
788 2016 812 2058 eb
829 2023 869 2058 tra-

76 2086 200 2130 ductionem
213 2086 267 2129 illam
278 2092 344 2138 esset,
366 2100 410 2127 cum
427 2100 467 2127 non
483 2085 544 2127 fuerit
559 2092 634 2127 tamen.
663 2083 751 2128 Perinde
763 2093 821 2141 atque
834 2099 870 2127 an-

88 2156 145 2210 gelus
160 2156 219 2197 deeet
230 2156 255 2198 iis
266 2154 344 2196 verbis:
366 2156 415 2194 Noli
425 2157 491 2194 timere
500 2158 587 2207 occepere
596 2157 680 2194 Marium
692 2158 791 2206 coniugem
803 2162 854 2194 tuum
860 2173 868 2204 ,-

89 2236 138 2277 quae
155 2224 240 2264 nondum
259 2222 333 2264 coniux
350 2228 416 2273 esset,
439 2236 496 2277 qnam
510 2229 530 2263 tu
540 2222 626 2263 violatae
637 2222 742 2278 pudicitiae
756 2228 868 2277 suspectam

88 2289 161 2341 babes,
183 2290 230 2331 lieet
243 2290 288 2331 talis
302 2290 382 2331 minime
393 2290 418 2330 sit
431 2289 508 2343 qualem
521 2289 637 2341 arbitraris,
653 2298 691 2330 etc.
722 2288 775 2330 Nam
786 2289 869 2331 subinde

87 2355 108 2397 in
120 2357 289 2413 consequentibns
300 2357 364 2408 addit,
381 2359 436 2408 Quod
445 2360 494 2396 enim
504 2365 569 2397 notum
581 2360 640 2396 estin
650 2360 702 2409 apsa,
719 2356 774 2410 quasi
786 2355 825 2396 iam
837 2370 870 2397 es-

88 2431 206 2466 setnatum.
238 2422 288 2466 illud
301 2438 361 2477 vero,
382 2426 529 2477 Puan'etfilium,
551 2425 575 2465 ad
589 2425 674 2465 futurum
686 2431 762 2479 tempus
774 2425 869 2466 relcrtur.

88 2490 119 2536 lta
129 2493 181 2536 enim
194 2507 216 2536 se
228 2508 262 2537 res
273 2492 370 2548 babebat;
386 2493 421 2537 sed
432 2494 455 2536 ad
467 2493 523 2536 fidem
535 2492 671 2536 stabiliendam
683 2493 736 2550 prius
749 2492 783 2536 illa
794 2493 869 2536 denun-

88 2563 144 2607 tiatio
161 2565 213 2608 laeta
228 2572 271 2617 est,
293 2564 404 2608 cuiusmodi
416 2572 436 2607 et
448 2564 482 2607 illa
497 2564 558 2608 verba
574 2572 633 2608 suut:
654 2568 768 2620 Priusquam
781 2568 869 2607 conueni-

88 2643 138 2676 rent.
168 2632 208 2677 Ubi
219 2635 308 2678 sufficere
326 2635 383 2677 nobis
396 2634 454 2677 debet
467 2649 566 2692 nunqnam
575 2634 627 2677 istud
640 2634 720 2677 ommno
731 2649 777 2678 esse
787 2628 878 2687 lactum,⁸

88 2705 152 2745 Donec
161 2707 236 2758 peperit
244 2705 311 2757 fillum
326 2718 380 2744 suum
392 2707 553 2758 promogenitum
576 2704 628 2759 qnod
640 2706 724 2746 eundem
741 2718 822 2746 sensum
833 2704 868 2746 ba-

88 2769 134 2824 bet,
155 2779 174 2813 et
189 2772 213 2813 ad
225 2771 359 2814 admirabilem
374 2772 398 2813 de
410 2772 488 2827 uirgine
500 2772 633 2829 coguitionem
648 2774 748 2825 refertur,
768 2773 800 2814 cui
811 2787 868 2823 suni·

89 2852 133 2881 ntus
148 2839 213 2881 honor
228 2854 239 2881 a
254 2841 292 2882 dec
307 2839 434 2881 tribueretur.

146 2906 221 2949 Verum
237 2921 263 2949 ne
277 2908 322 2963 quis
336 2910 463 2962 exeoquod
479 2909 575 2965 seriptum
592 2915 636 2961 est,
658 2914 767 2962 Antequam
781 2912 868 2948 nonnoni·
897 2929 939 2973 cap·

889 2974 941 3008 xxt.

88 3020 165 3051 vocubuto
174 3017 269 3063 γεγένηται.
292 3021 372 3053 ltactium
381 3020 469 3053 cornardus
490 3019 629 3064 primogenitum,
647 3020 708 3053 eodem
719 3020 771 3053 modo
782 3019 869 3064 interpre-

89 3065 135 3097 uertit
152 3064 184 3106 Et,
201 3065 260 3099 Donec
275 3064 341 3112 peperit
355 3064 408 3099 filium
423 3076 471 3100 suum
493 3065 526 3100 tari
537 3064 599 3108 debes,
611 3072 681 3111 propter
692 3069 726 3100 cett.
