1988 3392
354 245 573 280 aunenruunaeosrs.
812 233 853 274 575

72 328 161 389 privatim
173 328 243 369 eodem
255 342 293 382 quo
307 325 372 367 lndaei
387 333 476 382 tempure
491 326 600 368 celebrant.
634 322 671 364 Est
682 331 701 364 et
714 323 805 379 quiddam
820 337 853 378 pc-

71 399 144 442 culiare
157 397 218 452 ipsis,
235 393 285 452 quod
297 396 405 437 delendunt
417 409 491 436 summa
505 394 641 436 contentione.
673 390 750 449 Quippe
763 393 814 449 quod
828 392 852 433 ad

71 466 174 522 imaginem
191 465 284 520 scriptum
301 472 332 506 est
348 463 415 506 durius
431 463 595 519 interpretantur.

126 532 249 576 Photiniani.
280 531 377 575 Photinus
388 532 426 574 iste
438 531 512 573 Sirmio
523 533 617 574 oriundus
628 532 651 573 ad
663 530 779 572 hodiernum
791 544 852 585 usque

71 613 146 658 tempus
163 590 285 657 supererat.
307 600 347 657 Qui
361 601 438 656 quidem
451 601 518 641 eadem
532 615 575 641 cum
588 599 649 642 Panlo
661 599 795 642 Sanrosaleno
808 613 854 639 sen-

71 673 101 716 tit.
131 669 234 713 Nonnulla
244 677 291 711 snut
303 677 368 711 tamen
379 670 399 711 in
411 670 481 725 quibus
491 670 515 710 ab
527 671 596 711 eodem
607 670 697 711 dissidet.
729 666 778 710 item
789 682 799 709 e
809 665 854 708 dta-

70 743 99 784 ria
115 737 216 781 Christum
232 738 309 780 inilinm
325 738 403 795 penitus
419 739 521 795 accepisse
537 745 599 795 putat.

125 806 260 850 Marcelliani.
291 807 369 850 Horum
379 806 488 849 Marcellus
500 814 569 848 auctor
579 807 657 859 extitit,
674 807 769 864 Ancyrae
779 805 800 847 iu
812 804 853 847 Ga-

71 878 116 921 latia
128 878 241 933 episcopus.
274 875 314 931 Qui
331 892 374 917 eum
388 875 445 917 initio
461 890 496 931 pro
508 874 623 918 Sabelliano
639 876 738 917 communi
750 878 800 917 laum
814 883 854 916 tra-

71 948 139 989 duelus
153 953 218 998 esset,
235 945 322 1002 seipsum
334 947 393 986 ctiam
404 945 478 1000 scripto
491 959 635 1001 saepenumero
648 952 764 1001 purgasset,
786 960 797 985 a
811 945 851 1001 ple·

70 1016 136 1071 risque
147 1021 214 1056 tamen
227 1015 323 1056 creditum
335 1022 366 1056 est
378 1014 402 1055 ad
415 1014 494 1055 easdem
506 1014 570 1068 ipsum
582 1013 686 1068 opiniones
698 1014 850 1055 adhaerescere.
886 1060 888 1063 v

70 1082 125 1127 Fieri
137 1090 203 1139 potest
214 1090 236 1126 ul
246 1083 279 1125 vel
293 1082 336 1138 ipse
353 1089 428 1124 irrntala
445 1081 545 1123 sententia
562 1081 664 1123 meliorem
676 1082 700 1123 ad
712 1090 797 1122 mentem
807 1096 853 1123 sese

71 1151 207 1203 revocaverit,
230 1151 263 1193 rel
280 1150 323 1192 eius
340 1151 439 1207 discipuli.
470 1148 522 1191 Nam
535 1164 571 1205 pro
587 1151 675 1205 utrisque
688 1151 794 1192 orthodoxi
811 1151 853 1205 qui-

71 1222 112 1261 dam
129 1233 175 1261 sese
190 1220 307 1260 defensores
323 1219 493 1275 interposuerunt.

127 1286 255 1330 semiariani.
287 1284 389 1329 Christum
405 1287 434 1327 illi
451 1294 561 1328 creaturam
579 1301 625 1329 esse
640 1287 719 1339 dieunt,
741 1288 777 1329 sed
793 1287 854 1329 cavil-

71 1357 128 1399 lando
140 1363 206 1397 tamen
217 1363 290 1412 negant
301 1364 411 1397 ceterarum
425 1363 560 1396 ereaturarum
573 1369 618 1396 esse
628 1356 721 1407 similem,
737 1357 771 1397 sed
785 1356 853 1408 lilium,

70 1423 172 1480 inquiunt,
192 1423 245 1466 illum
259 1423 354 1473 dicimus,
378 1438 446 1464 verum
460 1437 485 1463 ne
501 1438 528 1464 ex
540 1424 669 1479 generatione
683 1425 725 1481 ipsa
739 1425 778 1466 ulla
787 1425 807 1465 in
820 1440 854 1481 pa-

71 1500 120 1536 trem
132 1493 212 1535 affectio
225 1491 338 1542 derivetur,
355 1493 439 1534 eundem
453 1500 540 1533 creatum
555 1493 679 1535 confitemur.
711 1492 771 1535 lidem
783 1502 802 1535 et
814 1494 853 1549 spi-

71 1563 129 1604 ritum
142 1570 231 1604 sanctum
244 1561 324 1603 omnino
337 1568 449 1602 creaturam
461 1575 506 1602 esse
519 1562 625 1613 deliniunt⁷
643 1577 725 1617 curritque
738 1558 853 1614 &paedorem

71 1631 89 1672 id
103 1638 134 1672 est
148 1629 337 1672 consubstantialem
355 1628 471 1685 repudient,
493 1625 622 1682 tantulane,
644 1630 680 1671 hoe
698 1638 729 1672 est
743 1630 854 1673 substantia

72 1699 154 1741 similem
170 1699 283 1740 admittunt.
315 1696 373 1753 Quod
389 1698 453 1753 ipsum
469 1704 535 1738 tamen
556 1699 633 1753 qnidam
654 1697 734 1741 ex'illis
750 1709 853 1756 respuunt.

127 1766 310 1810 Pneumalomaehi.
342 1765 373 1827 De
390 1763 472 1808 Christo
488 1766 520 1808 isti
538 1782 577 1808 non
594 1767 644 1809 niale
659 1768 760 1821 sentiunt,
783 1769 858 1812 sedin

72 1837 159 1894 spiritum
176 1844 266 1879 sanctum
284 1836 415 1878 contumelias
430 1836 515 1888 iaciunt,
527 1851 581 1878 'curu
598 1844 617 1878 et
629 1846 717 1879 creatum
728 1847 853 1891 asseverent,

73 1914 92 1948 et
103 1922 113 1948 a
126 1906 228 1948 divinitate
242 1905 347 1957 reficiant,
371 1905 410 1946 imo
423 1920 471 1947 vero
487 1905 584 1947 abusione
603 1907 685 1962 quadam
702 1907 757 1949 vocis
774 1916 856 1964 propter

72 1975 168 2018 actionem
180 1975 244 2031 ipsam
256 1982 343 2017 creatum
355 1988 400 2016 esse
413 1974 485 2024 dicant,
503 1989 540 2016 uec
550 1974 602 2016 aliud
612 1990 658 2017 esse
669 1976 780 2033 quicquam,
797 1992 855 2035 prae-

73 2045 157 2087 terrim
173 2044 317 2086 sanctificandi.
575 2097 577 2100 y
643 2043 645 2046 ’

128 2114 219 2155 Adriani.
250 2112 325 2155 Aerias
335 2126 346 2154 e
356 2110 421 2154 Panlo
432 2112 527 2154 oriundus
537 2112 634 2169 hodieque
646 2128 717 2170 magna
728 2116 807 2158 hnmani
819 2132 854 2172 ge-

73 2180 127 2223 neris
148 2182 260 2224 calamitate
280 2188 378 2237 superest.
414 2178 490 2222 Fuerat
510 2181 556 2222 olim
574 2180 677 2224 Euslalhii
699 2184 798 2241 episcopi,
821 2186 854 2242 qui

73 2249 144 2293 Ariani
162 2251 237 2293 erroris
253 2250 379 2292 insimulatus
396 2264 419 2290 ac
434 2250 535 2306 depositus
552 2258 594 2301 est,
617 2251 732 2308 presbyter3
754 2254 786 2309 qni
802 2255 853 2309 quod

73 2318 177 2377 episcopus
190 2334 226 2376 pro
239 2318 345 2361 Eustathio
358 2324 436 2360 creatus
449 2333 489 2359 nou
503 2326 568 2372 esset,
590 2320 650 2362 nndta
663 2321 759 2363 adversus
771 2323 854 2365 catholi-

74 2400 114 2430 cam
131 2389 236 2430 ecclesiam
254 2389 344 2444 dogmata
362 2393 485 2429 commentus
503 2394 541 2429 est.
572 2389 616 2440 Ae,
637 2390 688 2444 qnod
702 2390 726 2432 ad
737 2390 794 2433 lidem
808 2393 854 2435 atti-

73 2465 117 2510 net,
137 2472 245 2514 germanus
263 2457 307 2499 arii
323 2463 411 2499 sectator
422 2462 460 2498 est.
492 2454 531 2498 Sed
543 2457 626 2513 amplius
639 2458 729 2514 quiddam
741 2461 852 2516 profitetur.

74 2521 190 2569 Oblationes
206 2541 241 2583 pro
258 2527 341 2568 mortuis
356 2540 395 2567 nou
409 2538 454 2567 esse
468 2525 579 2578 faciendas,
603 2526 677 2569 ieiunia
692 2535 774 2582 quartae
792 2532 855 2573 feriae

74 2601 94 2636 et
104 2592 227 2638 Parasceues
240 2610 263 2637 ac
275 2594 459 2651 Qnadragesimae‚
477 2609 513 2636 nee
525 2586 564 2636 non
575 2593 719 2649 etPasclaus,
740 2597 853 2652 interdicit;

74 2675 141 2706 rerum
153 2665 239 2707 oninium
250 2664 418 2705 renuntiationem
429 2664 540 2719 praedicat,
563 2665 651 2706 earnium
666 2680 689 2706 ac
701 2666 817 2717 deliciarum
829 2672 853 2712 ad

74 2731 134 2775 vitam
146 2748 205 2775 omne
217 2747 280 2790 genus
295 2732 381 2774 adhibet.
413 2731 471 2788 Quod
489 2733 505 2774 si
517 2733 559 2788 quis
571 2740 691 2776 sectatorum
707 2750 788 2779 suorum
803 2738 853 2781 ieiu-

95 2868 123 2904 76.
136 2869 151 2906 et
161 2871 177 2906 οἱ
186 2872 232 2905 codd.
243 2880 281 2904 mss.
293 2873 307 2902 et
316 2871 352 2903 edit.
366 2872 416 2911 piane.
427 2872 452 2903 ol·
498 2869 524 2904 80.
537 2865 578 2905 atre
588 2871 634 2905 nanee
644 2876 749 2907 summanum
761 2876 829 2909 Panerr't
838 2881 853 2911 et

73 2914 115 2948 tinse.
474 2918 528 2950 locon.
541 2918 616 2950 Damaso.

96 2960 123 2995 77.
136 2959 187 2999 edrai
196 2962 261 3007 κτίσμα
271 2964 334 2996 ennena
343 2962 377 2995 cod.
384 2963 451 3005 anectp.
496 2961 524 2996 81.
535 2963 611 3003 Suspicor
620 2965 650 2999 τοῦ
662 2963 686 3005 ἐν,
710 2967 735 3007 Of.
746 2970 851 3004 seminariam

96 3005 123 3040 78.
135 3010 179 3042 Libri
189 3011 264 3051 praebent
275 3009 322 3050 calpe
334 3003 428 3051 ἔμοούσιον.
474 3008 542 3042 Panare
551 3017 567 3048 p.
579 3007 618 3042 809.

95 3050 122 3086 79.
134 3056 159 3087 ltu
174 3056 287 3088 restituendum
301 3057 335 3087 eral
347 3063 367 3087 ea
379 3055 451 3088 Penuria
496 3053 523 3087 82.
535 3051 604 3096 τετράδι
619 3058 665 3090 codd.
680 3066 718 3091 mss.
730 3061 745 3091 et
755 3060 791 3092 edil.
800 3062 853 3102 princ.

74 3098 88 3128 et
96 3098 154 3133 tenone
164 3102 239 3134 Damaso.
262 3101 307 3134 Libri
315 3100 362 3141 velpe
372 3098 450 3143 {ardubu-
873 3103 877 3109 '
