1988 3392
154 215 197 257 514
445 222 528 256 ειαουι
541 222 656 256 οειεΗΑΝιι

155 304 235 354 πνεῦμα
253 298 293 342 οῦκ
308 298 411 356 ἀλλότριον
426 299 502 356 πατρίς
517 302 552 343 καὶ
566 301 614 342 υἱοῦ
619 334 624 352 ,
646 294 709 342 οῦσαν
724 299 746 341 δὲ
764 298 795 342 άεὶ
811 299 847 354 τῆν
862 299 941 357 τριάδα,

155 369 190 411 καί
200 369 299 423 μηδέποτε
310 366 429 423 προςθῆκης
441 369 580 422 ἐπιδεομένην,
602 367 629 423 μῆ
640 369 723 422 έχουσαν
735 368 787 410 δέτι
797 369 818 410 έν
828 368 880 427 αῦτῆ
890 367 942 412 τίπο-

155 435 254 491 βεβηκάς,
276 438 304 486 είς
320 438 367 490 μίαν
379 436 401 478 δέ
413 435 495 491 ένότητα
506 438 540 479 καὶ
557 439 622 490 3μίαν
637 434 701 492 άρχῆν
712 439 749 478 τοῦ
760 440 812 478 θεοῦ
822 438 857 479 καὶ
867 436 942 493 πατρὸς

65 511 147 551 paz-1⁰⁹5·
158 505 296 561 ἀναγομένην,
317 505 352 547 καὶ
368 506 391 547 ἑκ
401 503 475 559 ταύτης
485 509 521 560 τῆς
532 503 613 563 τριάδος
629 503 705 561 πατρίς
720 505 754 547 καὶ
769 505 817 547 υἱοῦ
832 506 867 549 καὶ
884 504 942 563 άγίου

154 575 269 628 πνειίματος
285 572 310 615 τοὶ
326 571 393 615 πάντα
411 575 544 626 4κεκτίσθαι,
567 571 605 615 οῦκ
622 571 670 616 ὄντα
683 573 742 625 ποτέ,
762 571 807 616 οίίτε
819 572 943 631 συνόντατῷ

155 646 208 701 θεῷ,
225 640 270 685 οίίτε
279 639 447 698 προῦπάρξαντα,
467 641 562 698 γινόμενα
573 640 595 683 δέ
609 642 629 692 έξ
643 638 681 684 οῦκ
694 638 758 685 άντων
768 643 796 692 εἰς
805 640 828 686 τά
839 639 889 685 εἶναι
900 640 941 685 ιἰπά

155 709 232 767 πατρίς
241 711 277 753 καὶ
292 712 340 753 υίοῦ
355 711 390 752 καὶ
406 707 465 766 άγίου
483 709 607 765 πνεύματος·
628 710 663 751 καί
678 713 751 753 τοῦτον
766 708 801 752 τδν
815 711 892 767 πατέρα
906 711 942 753 καὶ

155 778 203 822 υίδν
220 779 255 821 καὶ
272 778 329 835 άγιον
344 783 424 833 πνεῦμα
442 785 484 828 τοῖς
501 778 565 822 αὐτοῦ
582 775 646 834 άγίοις
661 779 696 821 καὶ
712 776 747 820 ἀπ’
762 780 835 830 αἰῶνος
846 778 942 830 καταξαί-

155 862 218 890 σαντα
229 849 250 890 έν
262 844 366 897 ὅπτασίαις
378 851 479 901 φανῆναι,
494 846 588 903 καθάπερ
600 844 688 901 ῆδῦνατο
703 847 785 898 ἕκαστος
795 852 876 904 χωρεῖν,
891 846 942 890 κατά

156 914 178 959 τά
189 914 275 973 χάρισμα
291 914 353 958 αὐτοῦ
365 914 399 958 διά
410 920 446 970 τῆς
457 914 564 970 θεότητος,
585 914 634 971 ὅπερ
648 916 745 971 ἐχαρίζετο
761 915 838 974 ἑκάστῳ
854 920 894 959 τῦν
907 934 948 959 κα-Ι

155 986 301 1041 ταξιουμένων,
324 983 353 1040 πῆ
372 984 408 1040 μέν
423 985 499 1042 πατέρα
515 982 644 1037 θεάσασθαι,
668 982 739 1035 καθείς
753 983 842 1041 ῆδῦνατο
860 985 943 1036 ἕκαστος

156 1055 244 1098 ἀκοῦσαι
260 1058 295 1110 τῆς
314 1059 385 1109 φωνῆς
400 1053 476 1108 αὐτοῦ,
498 1052 526 1106 τίς
541 1052 619 1111 έχοίρει·
640 1051 668 1104 τίς
683 1056 704 1098 ἓν
716 1054 797 1110 στόματι
810 1061 847 1099 τοῦ
859 1052 942 1099 Ἡσαΐου

155 1127 230 1181 έλεγεν,
245 1123 310 1177 Ἰδοῦ,
333 1122 437 1179 συνῆσειᾶ
448 1130 497 1174 παῖς
507 1122 693 1181 μουδάγαπητός*
715 1129 773 1169 τοῦτο
786 1124 845 1181 φωνῆ
856 1124 942 1183 πατρίς

157 1194 191 1238 καὶ
205 1192 232 1245 οίς
244 1191 256 1238 δ
267 1191 345 1248 Δανιὴλ
358 1191 397 1237 είδε
413 1191 449 1237 τάν
463 1193 550 1238 παλαιάν
565 1198 605 1237 τῶν
618 1191 709 1249 ῆμεροῖν·
730 1190 790 1238 τοῦτο
807 1192 893 1238 άπτασία
905 1198 943 1238 τοῦ

157 1263 239 1321 πατρός.
268 1261 304 1314 Ὡς
313 1262 335 1306 δὲ
345 1264 365 1306 έν
378 1267 406 1322 τῷ
415 1261 512 1323 προφῆτη
529 1261 601 1317 πάλιν,
620 1261 671 1320 Ἐγοί
682 1261 888 1320 άράσειςέπλῆθυνα,
908 1263 942 1306 καί

156 1335 177 1376 ἐν
189 1334 243 1389 χερσὶ
255 1337 368 1389 προφητῶν
379 1330 497 1388 οίμοιοίθην·
518 1337 577 1376 τοῦτο
594 1331 721 1387 φωνῆυίοῦ·
742 1330 770 1383 τίς
782 1333 804 1376 δέ
817 1334 838 1376 έν
846 1330 942 1388 Ἰεζεκιῆλ,

156 1403 199 1445 Καὶ
218 1402 277 1456 ἔλαβέ
292 1419 316 1456 με
331 1406 411 1457 πνεῦμα
426 1408 490 1454 θεοῦ,
511 1404 546 1445 καὶ
563 1402 641 1456 ἐξέβαλέ
659 1419 683 1455 με
701 1403 729 1452 εἰς
743 1401 765 1445 τά
782 1405 861 1446 πεδίον·
882 1407 941 1445 τοῦτο

155 1472 201 1528 περὶ
215 1469 274 1527 άγίου
288 1469 408 1525 πνεύματος.
440 1472 480 1513 Καὶ
496 1469 560 1514 πολλά
576 1472 618 1514 έστι
632 1476 714 1513 τοιαῦτα
729 1472 802 1527 λέγειν,
824 1466 854 1514 οἷν
869 1470 942 1527 ὀλίγων

156 1538 198 1583 ιἰπδ
216 1540 290 1595 μέρους
308 1540 431 1594 μνησθέντες
446 1542 467 1583 έν
482 1542 603 1598 παραδρομῇ
620 1540 648 1589 είς
663 1537 686 1582 τά
703 1541 766 1590 δεῖξαι
781 1537 817 1582 τάν
829 1544 943 1596 χαρακτῆρα

155 1612 191 1663 τῆς
201 1609 305 1662 ἐκκλησίας
316 1607 340 1650 τά
352 1607 390 1651 δῦο
407 1607 486 1663 ῥήματα
498 1609 643 1665 παρεθέμεθα,
666 1610 743 1665 μυρίων
758 1607 831 1662 άντων,
852 1610 886 1651 καί
898 1609 942 1651 έπέ-

155 1694 219 1731 κεινα,
243 1681 283 1719 τῶν
300 1675 376 1732 ὁμοίων
390 1675 466 1719 τούτων
481 1678 502 1719 ἒν
517 1683 561 1726 ταῖς
575 1679 642 1726 θείαις
658 1682 756 1733 γραφαῖς,
775 1682 861 1727 παλαιᾶς
874 1678 941 1720 τεκαὶ

155 1751 227 1801 καινῆς
245 1744 358 1800 διαθῆκης,
382 1746 529 1802 ἐμφερομένων.
560 1746 601 1788 Καὶ
617 1744 648 1789 ὅτι
664 1743 726 1795 αῦτδς
744 1744 815 1803 καίριος
831 1748 903 1789 έπλασε
918 1743 941 1788 τά

156 1819 214 1868 σῶμα
230 1818 258 1873 τῷ
268 1812 344 1869 Ἀδάμ,
364 1815 399 1857 καί
415 1815 532 1857 ἐνέπνευσεν
549 1815 570 1857 έν
583 1814 638 1873 αὐτῷ
649 1815 714 1869 πνοῆν
726 1818 787 1869 ζωῆς,
808 1817 876 1865 κτίσας
887 1815 944 1873 αὐτῷ

155 1882 225 1939 ψυχῆν
240 1887 316 1935 ζῶσαν,
336 1884 370 1925 καί
386 1882 417 1926 ὅτι
434 1881 495 1932 αὐτὸς
513 1884 588 1926 δέδωκε
604 1883 639 1927 τδν
654 1883 718 1938 νόμον
734 1888 762 1943 τῷ
772 1888 855 1944 Μωῦσῆ
871 1882 883 1927 ά
892 1883 943 1934 θεὸς

155 1951 222 2009 πατῆρ
234 1953 270 1995 καὶ
283 1951 328 2002 υίιίς
340 1953 375 1995 καὶ
391 1951 448 2008 ίίγιον
461 1956 550 2007 πνεῦμα,
570 1950 631 2007 ῆμία
642 1952 724 2008 θεότης,
744 1954 777 1996 καί
789 1951 821 1996 ὅτι
831 1956 853 1996 οί
861 1957 943 2008 προφῆ-

154 2039 188 2065 ται
197 2019 238 2065 ιίπδ
249 2026 285 2076 τῆς
296 2019 359 2075 αὐτῆς
368 2019 465 2074 θεότητος
476 2019 625 2076 άπεστάλησαν,
646 2023 680 2064 καὶ
692 2020 724 2065 δ’τι
737 2020 798 2072 αῦτδς
811 2019 859 2077 ῆμῑν
869 2019 882 2065 ά
892 2021 943 2073 θεὸς

156 2088 285 2134 δ’λουδαίτον
300 2107 320 2133 τε
336 2091 371 2132 καὶ
388 2093 514 2146 Χριστιανῶν
529 2089 557 2133 α’ίν
573 2089 634 2143 θεάς,
649 2090 765 2141 Ἰουδαίους
779 2107 801 2133 τε
815 2091 899 2141 καλέσας
915 2092 943 2141 είς

155 2162 270 2211 δικαίωσιν,
291 2158 339 2209 τοῦς
351 2158 379 2213 μῆ
391 2157 527 2215 ἀρνουμένους
543 2161 580 2214 τῆν
595 2157 659 2215 αῦτῆν
673 2164 710 2203 τοῦ
722 2163 794 2216 κυρίου
809 2158 867 2215 ῆμτῦν
877 2158 942 2215 Ἰησοῦ

155 2231 279 2285 παρουσίαν,
298 2228 334 2270 καί
351 2227 427 2276 πάντας
440 2227 536 2279 σοίζοντος
550 2227 597 2278 τοῦς
612 2227 665 2272 κατά
675 2228 712 2284 τῆν
724 2227 825 2283 άληθινῆν
837 2228 900 2272 αὐτοῦ
910 2231 942 2272 πί-

155 2311 198 2340 στιν
209 2299 315 2352 βιοῦντας,
330 2298 364 2339 καί
376 2296 403 2351 μῆ
413 2293 552 2353 άρνουμένους
562 2296 599 2352 τῆν
610 2296 710 2351 άλῆθειαν
722 2302 758 2340 τοῦ
768 2297 897 2355 κηρύγματος
907 2303 942 2354 τῆς

156 2365 254 2421 άληθινῆς
265 2364 391 2422 εῦαγγελικῆς
401 2363 464 2408 αὐτοῦ
481 2368 613 2417 διδασκαλίας.
639 2361 703 2410 Ἦλθε
716 2365 766 2424 γάρ,
786 2362 849 2422 ῆλθεν
859 2364 872 2410 ά
884 2384 942 2422 μονο-

156 2434 223 2492 γενής·
238 2436 273 2478 καὶ
284 2433 349 2484 οῦτως
362 2436 400 2489 έχει
412 2432 427 2488 ῆ
439 2434 503 2491 μῆτηρ
517 2433 575 2490 ῆμῶν
587 2437 680 2490 ἐκκλησία
685 2470 691 2489 ,
712 2433 793 2491 άλιμῆν
805 2435 817 2479 ά
828 2434 896 2486 εῦδιος
907 2440 942 2491 τῆς

156 2502 247 2559 εἰρῆνης,
268 2501 391 2559 ῆεῦφρασία
403 2501 416 2557 ῆ
427 2505 516 2546 πνέουσα
531 2502 568 2557 τῆν
579 2504 671 2561 ὗκίπριν
689 2509 725 2558 τῆς
741 2503 842 2560 άμπέλου,
861 2506 896 2547 καί
907 2503 942 2559 βό·

60 2596 96 2626 pag.
104 2587 144 2618 1⁰91.
157 2589 206 2630 τρυν
218 2573 310 2629 φέρουσα
320 2570 368 2630 ἡμῖν
383 2576 419 2626 τῆς
429 2570 519 2628 εὐλογίας
523 2606 529 2625 ,
549 2573 584 2615 καί
596 2572 618 2616 τά
629 2576 736 2616 λυσίπονον
750 2571 800 2629 ῆμῑν
812 2571 884 2628 θπάμα
894 2570 942 2616 καθ’

156 2639 242 2695 ἑκάστην
256 2638 333 2697 ἡμέραν
348 2638 398 2696 αἷμα
415 2645 504 2697 Χριστοῦ
519 2643 646 2699 χαριζομένη,
662 2640 760 2699 ῦκρατον,
775 2640 857 2697 άληθές.

179 2755 196 2790 3.
209 2755 248 2800 μίαν
260 2759 312 2790 omiss.
325 2759 342 2790 in
353 2759 388 2792 οοτῐ,
401 2759 466 2799 Βλισις.
582 2755 597 2791 4.
610 2757 701 2794 κέκτισῇαι
716 2760 762 2792 codd.
775 2769 810 2793 mss.
828 2762 843 2792 ει
854 2759 878 2791 ed.
890 2761 940 2800 μτίκο.

559 2804 656 2848 κεκτῆσθαι
667 2806 713 2839 habet
724 2814 780 2847 πονςο
791 2806 827 2838 edit.
839 2806 893 2838 Ρτίον.
