1988 3392
253 252 347 287 rnunnn
358 252 402 287 cre.
410 254 439 288 nr.
452 252 608 288 roncinum.
619 253 700 287 cxxvi.
827 244 869 287 243

86 333 225 386 substantiam,
242 348 280 377 uec
291 335 385 387 alienam,
402 342 494 392 tanquam
505 338 555 379 lacta
564 337 598 388 sit,
615 335 650 377 sea
660 333 768 376 secumdum
777 333 872 377 substan·

86 404 133 447 tiam
149 403 249 459 genitam,
272 418 311 447 uec
326 419 337 446 a
352 405 444 460 genitore
459 413 550 461 putamus
569 405 663 448 alienam.
695 401 727 446 0b
745 404 766 445 id
781 405 871 446 increata

85 479 164 523 manet,
182 487 221 514 uon
238 474 303 527 lacta,
319 474 354 515 sed
371 488 397 516 ex
412 473 456 530 ipsa
471 474 503 516 clei
518 475 628 517 substantia
643 473 725 530 genita,
742 488 806 529 neque
822 481 871 515 tem-

84 541 129 600 pori
144 541 242 584 subiecta.
273 540 352 599 Quippe
366 542 446 599 genitor
460 542 503 600 ipse
514 543 598 601 tempori
614 557 738 600 nequaquam
754 543 834 593 subest,
851 549 872 584 ut

63 669 65 672 .
85 610 226 668 temporariam
237 610 366 653 substantiam
378 613 480 669 producat.
511 610 564 654 Nam
580 612 689 655 cuiusmoili
702 618 734 654 cst
744 613 795 667 quual
807 611 872 666 gigni-

86 687 131 732 tur,
147 680 192 722 talis
205 687 237 722 εει
251 686 272 721 ει
281 679 372 736 genitor,
389 688 409 722 ct
420 680 509 723 vicissim
526 682 590 737 qualis
604 681 684 737 genitor
699 690 742 732 est,
759 681 799 723 tale
812 681 872 722 ctiam

86 757 118 791 cst
132 750 183 805 quod
198 748 294 804 gignitur.
799 800 801 802 Ι

144 816 199 859 Aelii
210 815 277 874 Caput
286 816 324 859 Vl.
341 816 363 860 Si
374 818 484 873 ingenitum
499 819 642 874 genitumst,
659 819 704 873 quitl
719 826 774 860 vetat
789 825 810 860 ει
822 818 874 874 qnoil

87 885 176 942 genitum
194 893 226 927 εει
241 887 350 941 ingenitum
370 886 430 929 lieri?
461 884 532 929 Onuiis
549 887 601 928 enim
618 894 689 928 natura
700 888 724 929 ad
736 887 755 928 ia
768 888 820 943 qnod
835 885 874 928 sibi

88 962 245 997 consentaneum
256 962 288 997 cst
303 955 365 1010 magis
377 969 435 1011 qnam
447 957 471 998 ad
482 956 567 997 alienum
583 955 749 1011 peregrinumque
764 956 874 997 contendit.

146 1021 230 1066 Conliit.
242 1022 279 1064 Vl.
304 1022 327 1067 si
339 1023 391 1079 quod
403 1023 513 1080 ingenitum
527 1013 559 1065 εει
570 1023 650 1075 iecisse,
668 1038 707 1065 riou
717 1024 812 1080 genuisse
822 1024 875 1065 aliea·

88 1100 133 1145 tur‚
155 1092 183 1134 ita
199 1098 221 1133 ut
236 1098 320 1147 utraque
340 1092 390 1134 baec
406 1093 512 1150 appellatio
527 1107 563 1149 pro
580 1106 618 1134 una
634 1099 655 1133 et
670 1092 739 1134 eadem
758 1091 875 1148 accipiatur,

88 1174 153 1216 neque
165 1161 249 1203 alterum
265 1161 322 1203 alteri
338 1162 394 1203 velut
408 1176 435 1203 cn
446 1163 532 1204 adverso
548 1162 671 1218 respondens
687 1161 788 1203 contrario
804 1175 876 1203 revera

88 1229 187 1272 vocabulo
195 1229 221 1270 sit
231 1230 351 1286 oppositum,
363 1231 394 1272 vis
404 1230 524 1273 babitntliuis
535 1230 597 1287 ipsius
609 1230 629 1271 in
640 1229 811 1271 atteru'aisiuucu
822 1230 877 1286 peni-

90 1306 122 1341 tus
134 1305 173 1350 εει,
188 1311 252 1353 neque
263 1299 366 1355 quicquam
378 1299 436 1341 babet
446 1314 490 1341 cum
501 1300 564 1341 altero
574 1312 687 1351 commune,
699 1305 781 1355 praeter
790 1306 878 1356 potesta·

88 1370 114 1408 tis
126 1367 306 1423 comparationem,
329 1368 380 1423 quoil
391 1374 483 1424 tauquam
497 1382 566 1409 caussa
578 1368 596 1409 id
606 1381 665 1408 omne
673 1368 744 1422 quoila
754 1381 776 1408 sc
787 1374 877 1409 creatum

90 1443 122 1477 εει
137 1443 220 1477 naturae
235 1434 330 1489 dignitate
346 1444 434 1491 superet.
466 1434 508 1477 lam
524 1450 633 1478 varocum
649 1437 702 1477 iuter
715 1435 747 1487 iil,
769 1436 820 1491 quod
836 1436 877 1476 effi-

91 1504 155 1545 cienrli
171 1504 191 1546 ri
202 1503 311 1559 praeditum
327 1510 369 1555 εει,
386 1511 445 1560 atque
456 1518 506 1560 opus
517 1504 610 1546 ellectum
622 1512 641 1546 et
652 1511 763 1546 creatorem
780 1510 878 1545 creatam·

91 1585 129 1628 qne
144 1585 186 1613 rem
202 1572 241 1614 alia
256 1573 351 1627 quaedam
367 1567 509 1614 interiecta'sit
522 1573 641 1629 appellatio,
658 1586 708 1628 quae
720 1579 741 1615 ut
753 1573 777 1613 acl
793 1571 877 1627 ingeniti

91 1654 164 1682 nomen
175 1641 264 1692 accedit,
280 1639 310 1682 sic
322 1654 334 1681 a
347 1640 456 1683 conditoris
472 1641 553 1683 nomine
563 1641 660 1683 remotior
671 1647 715 1693 est,
733 1641 777 1682 lieri
793 1655 833 1682 nou
844 1654 879 1697 po·

91 1716 138 1761 test,
155 1709 215 1761 Acii,
231 1709 260 1751 uti
271 1710 415 1751 conlaudamus
428 1710 507 1760 omnia,
524 1717 583 1765 atque
596 1723 623 1751 ex
635 1710 717 1765 ingenio
732 1716 766 1750 tuo
778 1710 879 1765 perlectae

91 1774 229 1834 appellationis
240 1776 398 1819 communionem
410 1778 502 1819 tollamus
512 1792 523 1819 e
532 1778 605 1830 merlio,
618 1791 668 1833 quae
677 1778 786 1819 habitudini
795 1777 822 1818 illi
831 1791 880 1819 ccu-

90 1846 159 1898 venit‚
175 1860 214 1902 qua
229 1860 273 1887 enm
289 1852 344 1901 patre
359 1846 492 1900 sempiternus
506 1846 573 1898 silius,
590 1846 732 1902 increatnsque
744 1852 878 1903 comparatur.

91 1912 147 1956 Fieri
158 1914 206 1955 item
221 1928 261 1955 non
277 1921 343 1969 potest
358 1922 379 1956 ut
393 1914 482 1970 ingenita
498 1914 626 1970 inoccataque
642 1922 712 1957 riatiira
727 1921 795 1956 creata
807 1914 833 1954 sit
844 1913 880 1955 ali-

91 1983 183 2038 quando,
208 1982 233 2023 ab
248 1995 311 2037 eaque
332 1991 411 2023 creatae
432 1983 460 2024 rei
478 1983 604 2034 conditione,
630 1984 684 2024 velut
699 1982 832 2039 poenitendo,
856 1982 881 2023 acl

92 2051 179 2107 priorem
194 2050 248 2092 illum
266 2049 350 2105 ingeniti
370 2056 443 2092 statum
463 2050 585 2106 postliminio
605 2058 730 2103 revertatur,
754 2050 881 2106 quantumvis

93 2117 229 2160 Aristotelicis
245 2119 283 2160 tuis
298 2117 348 2159 iiscc
362 2117 447 2159 inlicitis
459 2118 608 2173 quaestiouibus
619 2119 721 2175 implicare
736 2132 774 2159 nos
789 2118 879 2169 studeas,

94 2186 177 2229 coelesti
191 2200 215 2227 ac
229 2186 312 2242 simplici
332 2193 425 2241 castaque
441 2185 523 2243 spiritns
538 2186 602 2234 sancti
618 2187 707 2228 doctrina
723 2186 825 2228 derelicta.

151 2254 206 2297 Aelii
218 2252 283 2311 Caput
294 2252 342 2296 Vll.
374 2253 396 2297 Si
413 2255 462 2296 dens
479 2255 560 2297 omriino
576 2256 602 2297 sit
616 2255 729 2310 ingenitus,
751 2254 800 2296 nibil
816 2254 881 2310 ipsum

93 2322 186 2380 probibet
200 2323 308 2365 secundum
329 2330 419 2364 uatirrain
437 2322 607 2379 substantiamque
623 2324 730 2379 genuisse:
752 2323 784 2364 siu
802 2324 882 2379 penitus

94 2398 126 2434 est
140 2390 252 2447 ingenitus,
273 2405 313 2433 non
329 2398 360 2433 εει
372 2392 479 2433 secundnm
492 2391 622 2433 substantiam
638 2393 661 2434 ad
677 2392 828 2447 generationem
842 2391 882 2433 ilis-

95 2467 185 2513 tractus‚
202 2460 237 2501 sel
248 2460 300 2514 quoa
312 2461 392 2516 gennit,
409 2467 507 2515 potestate
522 2474 545 2501 ac
561 2460 656 2502 facultate
671 2460 773 2516 produxit.

154 2526 237 2571 Coirlut.
250 2525 298 2570 Vll.
315 2526 342 2570 Et
353 2535 408 2571 totus
418 2528 519 2584 ingenitus
533 2537 564 2570 est
576 2528 716 2585 increatnsque
732 2529 792 2582 alens,
816 2536 837 2570 et
850 2527 882 2585 qui

96 2599 121 2642 ab
131 2598 175 2655 ipso
184 2598 263 2654 genitus
274 2606 305 2639 est
315 2597 425 2650 increatus,
443 2605 464 2640 ut
475 2605 495 2640 ει
505 2605 586 2640 sauctus
597 2597 650 2640 illius
662 2599 752 2654 spiritus,
769 2597 826 2640 cuius
840 2606 883 2639 tan·

97 2675 166 2725 topere
177 2666 345 2710 existimationem
360 2668 439 2720 elevas,
456 2667 567 2710 ocarualis
581 2673 600 2708 ct
611 2667 703 2709 animalis
716 2666 772 2720 Acii,
788 2668 883 2721 spirituli-
889 2670 939 2701 1·⁰⁰r·
945 2670 987 2706 21⁴·

98 2746 164 2792 terque
175 2739 291 2778 diiudicare!
320 2735 386 2779 Habet
395 2737 432 2779 boc
443 2752 515 2794 porro,
531 2744 553 2778 ut
564 2736 588 2779 ab
602 2736 646 2792 ipso
657 2739 765 2794 procedat,
787 2735 884 2792 singulari

98 2807 181 2863 quadam
194 2814 215 2848 ει
227 2805 301 2849 eximia
314 2805 404 2857 ratione,
426 2821 531 2862 quaecum
544 2805 617 2849 ceteris
631 2808 722 2849 omuibus
733 2820 784 2862 quae
794 2822 820 2846 ec
833 2810 881 2860 apso,
892 2810 945 2844 coni,
953 2811 974 2840 lt·

96 2878 208 2931 perparcum,
225 2877 277 2917 etub
289 2879 329 2930 queo
342 2883 407 2916 crecta
418 2882 473 2928 sunt,
489 2875 601 2932 comparari
610 2876 686 2931 nequit.
709 2875 809 2932 Quocirca
819 2889 884 2930 uequc

99 2959 144 2987 cnm
155 2944 180 2987 iis
191 2944 252 2986 rebus
262 2959 366 2987 commuue
378 2951 409 2986 εει
420 2945 438 2986 ei
453 2944 571 3001 quicquam,
588 2957 625 2986 nec
637 2945 688 2987 istae
701 2956 825 2987 communem
838 2958 883 2985 cnm

99 3013 134 3057 illo
145 3012 261 3070 dignitatem
272 3013 373 3056 vindicare
388 3012 425 3055 sibi
442 3021 533 3071 possunt.
564 3012 644 3055 Etenim
657 3013 806 3069 praetervolant
817 3028 840 3055 ac
850 3027 884 3072 ce-

122 3106 139 3141 2
150 3101 200 3147 ἕλες,
216 3108 241 3139 ati
251 3116 301 3148 supra
312 3109 365 3148 catut,
383 3106 429 3140 codd.
441 3115 478 3139 mss.
490 3106 533 3150 (cca.
546 3109 577 3140 len.
589 3115 625 3138 cum
636 3106 709 3150 rustice).
733 3101 778 3145 ὅλως
790 3107 833 3140 editt.

696 3163 745 3208 to*
