1988 3392
124 220 166 261 172
411 229 494 264 εινατι
505 228 623 262 εειειιιινιι

123 305 146 351 τύ
157 305 255 360 δυνατύν,
270 308 305 350 ίνα
316 305 343 363 μή
354 306 469 364 άμάρτυρον
478 307 523 363 περί
535 305 648 362 πνεύματος
658 307 692 350 καὶ
704 308 725 351 ἐν
735 310 765 366 τῷ
774 305 857 362 παρόντι
869 326 907 352 πα-

125 375 241 433 ρελεύσομαι
256 374 294 431 τήν
311 375 417 433 ύφήγησιν.
436 373 521 432 ,Εύθύς
537 376 573 431 μὲν
587 374 625 433 γάρ
641 375 652 420 ὁ
666 375 731 433 πατήρ
746 390 797 430 φησι
811 377 857 430 περί
872 382 908 432 τῆς

124 450 161 489 τοῦ
170 447 218 489 υίοῦ
228 449 340 503 παρουσίας
350 444 392 498 ὅτι,
409 445 502 500 Θήσομαι
511 443 534 489 τύ
547 443 626 500 πνεῦμά
637 462 677 497 μου
687 443 718 489 ἐπ’
729 443 802 497 αῦτύν,
821 445 856 488 καί
866 447 908 502 κρί-

124 528 156 558 σιν
167 520 210 566 τοῖς
220 517 299 558 ἔθνεσιν
312 513 427 571 ἀπαγγελεῖ,
445 515 480 556 ἰ’νοι
493 512 577 571 γνήσιον
589 514 665 574 κηρύξῃ
681 512 731 558 θεύν
742 514 764 558 τύ
776 511 835 571 ι’ίγιον
845 511 908 558 αὐτοῦ

124 587 211 639 πνεῦμα,
227 588 276 627 πᾶσι
288 588 364 633 πιστοῖς
374 583 403 633 είς
413 584 519 640 σωτηρίαν.
549 584 578 625 Εἰ
587 584 608 625 δὲ
620 581 633 625 ίί
643 582 752 639 μονογενής
762 587 786 642 τῇ
797 580 848 642 αύτή
859 600 907 639 μαρ-

125 654 185 711 τυρίμ
196 653 294 709 προσθείς
307 649 390 705 φάσκει,
413 655 498 706 Πνεῦμα
508 653 581 707 κυρίου
592 649 622 694 ἐπ’
638 652 682 707 ἐμὲ,
702 646 729 696 οῦ
743 653 833 694 1εἵνεκεν
845 652 909 707 ἕχρισέ

126 737 159 774 με,
174 723 208 764 ἵνα
221 719 235 776 ή
247 722 341 774 ἕνσαρκος
352 718 416 763 αύτοῦ
426 722 539 777 παρουσία,
553 720 627 778 καὶτῷ
637 718 734 775 πνεύματι
743 725 771 779 τῷ
782 718 832 779 ῦγίφ
844 718 910 775 ήσφα-

124 790 215 843 λισμὲνη,
237 790 272 831 καὶ
289 794 367 838 πιστοῖς
385 789 521 844 κηρυττομὲνη
537 793 609 842 σαφῶς
626 786 743 848 ὁμολογηθῇ
761 785 802 832 άπύ
819 792 855 843 τῆς
872 793 909 831 τοῦ

128 861 218 913 Χριστοῦ
225 859 341 912 μαρτυρίας,
356 856 387 900 ίίτι
395 856 434 900 ούιι
443 855 547 913 ἅλλύτριον
556 855 578 900 τύ
591 856 671 912 πνεῦμά
681 858 722 900 ἐστι
731 861 768 900 τοῦ
777 861 835 899 θεοῦ.
866 855 910 899 Πύ-

125 930 156 969 λιν
169 923 212 968 ῦὲύ
225 924 295 981 κύριος
306 926 352 980 περὶ
366 930 402 969 τοῦ
414 925 528 981 πνεύματος
540 924 581 978 ὅτι,
605 925 632 969 Τύ
642 930 721 981 πνεῦμα
731 930 768 969 τοῦ
783 923 859 982 πατρός
869 923 909 979 μού

126 995 168 1038 ἔστι
181 992 204 1037 τά
215 998 289 1037 λαλοῦν
301 995 322 1037 ἓν
333 992 387 1049 ύμῖν.
418 996 459 1038 Καὶ
470 994 540 1046 πάλιν,
563 992 591 1046 ῶς
605 992 758 1050 ούκάλλοτρίου
773 997 809 1037 τοῦ
822 992 911 1048 πνεύμα-

127 1080 161 1113 τος
171 1062 303 1119 τυγχάνοντος
318 1067 354 1118 τῆς
369 1067 405 1107 τοῦ
419 1068 472 1106 θεοῦ
481 1062 590 1118 θεότητος,
607 1062 743 1119 Ἐνεφύσησεν
755 1063 783 1113 είς
794 1060 817 1106 τύ
833 1060 910 1119 πρόςω-

127 1149 166 1175 πον
175 1136 216 1175 τῶν
228 1136 337 1187 μαθητῶν,
352 1133 386 1175 καὶ
401 1130 453 1182 εἷπε,
468 1131 547 1188 Λάβετε
557 1136 636 1187 πνεῦμα
647 1130 711 1189 ῦγιου.
742 1132 783 1174 Καὶ
792 1130 863 1183 πάλιν,
878 1133 911 1174 ἰ’να

127 1203 182 1260 δείξῃ
193 1198 229 1255 τήν
245 1201 318 1243 ἑαυτοῦ
330 1199 411 1255 ἰσότητα
422 1201 457 1243 καὶ
468 1198 614 1255 ύμοουσιύτητα
629 1199 681 1257 πρὸς
691 1199 714 1243 τύ
725 1205 804 1254 πνεῦμα
817 1199 881 1242 αύτοῦ
891 1216 912 1242 τε

127 1270 162 1311 καὶ
173 1273 210 1311 τοῦ
222 1266 298 1326 πατρὸς
309 1266 372 1312 αῦτοῦ
382 1266 404 1311 τύ
416 1267 484 1325 ἶν’γιον,
500 1270 561 1324 φησὶ,
575 1267 725 1325 Ἐύνάγαπῦτί
737 1285 770 1324 με,
786 1265 822 1318 τάς
832 1267 913 1318 ἐντολάς

127 1355 167 1392 μου
178 1336 280 1392 τηρήσετε
296 1335 334 1393 ε’γοί
346 1336 438 1393 ἐρωτήσω
449 1336 485 1380 τύν
495 1338 580 1394 πατέρα,
596 1338 630 1380 καὶ
642 1336 701 1381 άλλον
712 1335 841 1394 παράκλητον
853 1336 913 1380 θύσει

127 1403 185 1460 ύμῖν·
206 1403 233 1456 ῶς
247 1402 309 1448 αὐτοῦ
324 1410 360 1448 τοῦ
376 1408 448 1462 κυρίου
466 1405 595 1461 παρακλήτου
609 1405 677 1458 ύντος,
698 1407 733 1466 καί
747 1409 784 1449 τοῦ
798 1404 913 1460 πνεύματος

126 1479 164 1517 τοῦ
174 1472 232 1530 ἆγίου
240 1473 410 1530 συμπαρακλήτου
421 1472 479 1525 ῦντος
493 1473 573 1529 ὁμοίως.
606 1476 633 1517 Οί
641 1475 663 1518 δὲ
671 1472 779 1518 άπόστολοι
788 1473 913 1524 δεικνύοντες

128 1542 159 1585 ὅτι
170 1541 195 1586 οῦ
207 1545 280 1586 δοῦλον
296 1542 387 1600 τυγγάνει
403 1541 426 1585 τύ
443 1547 533 1598 πνεῦμα,
556 1541 604 1585 ύλλά
618 1548 655 1598 τής
671 1541 733 1598 αύτής
747 1541 856 1597 θεότητος,
875 1540 913 1597 τήν

128 1610 193 1654 αὐτοῦ
204 1610 311 1654 αῦθεντίαν
324 1609 479 1662 ύποθεικνύντες
492 1612 554 1665 φασί,
575 1613 617 1654 Καὶ
632 1610 675 1654 εἶπε
689 1610 711 1655 τῦ
725 1616 805 1665 πνεῦμα
816 1610 838 1654 τύ
849 1610 913 1668 ἷίγιον,

127 1677 246 1734 Ἀφορίσατὲ
261 1697 295 1734 μοι
309 1680 417 1736 Βαρνάβαν
434 1681 470 1723 καὶ
484 1685 565 1723 Σαῦλον
580 1681 608 1730 εἰς
622 1678 644 1723 τύ
662 1682 721 1737 ἔργον
736 1680 748 1724 ὃ
766 1681 914 1736 προςκέκλημαι

129 1746 215 1800 αὐτούς,
239 1749 273 1790 καὶ
284 1746 308 1791 τά
318 1750 368 1803 ἑξῆς.
397 1746 420 1791 Ὁ
431 1748 453 1791 δὲ
462 1746 573 1798 άπάστολος
588 1752 658 1802 σαφῶς
669 1750 714 1805 περί
727 1746 807 1791 2αὐτοῦ
816 1748 877 1805 λέγει,
890 1745 914 1791 ‘0

128 1817 151 1860 ῦὲ
163 1815 234 1872 κύριός
247 1818 287 1859 ἔστι
302 1815 325 1860 τά
338 1822 425 1872 πνεῦμα·
445 1812 471 1860 ού
483 1817 506 1860 δὲ
515 1815 538 1860 τύ
549 1821 628 1871 πνεῦμα
643 1819 727 1873 κυρίου,
747 1818 788 1860 ἐκεῖ
800 1818 913 1874 ἐλευθερία·

128 1885 174 1937 καὶ,
186 1882 252 1939 Ὑμεῖς
263 1885 313 1934 ναῦς
324 1890 375 1928 θεοῦ
387 1886 436 1937 ε’στε,
451 1885 486 1927 καί
500 1883 522 1927 τύ
537 1889 616 1940 πνεῦμα
626 1888 698 1941 κυρίου
709 1886 763 1927 οἰκεῖ
771 1886 793 1928 ἐν
803 1883 856 1940 ύμῖν.
886 1886 916 1927 Et

128 1955 196 1996 τοίνυν
208 1952 266 2003 Ναύς
276 1958 328 1996 θεοῦ
336 1952 453 2008 καλούμεθα
464 1952 499 1996 διά
510 1955 589 2008 οἴκησιν
599 1950 658 2010 οἷγίου
669 1952 789 2008 πνεύματος,
804 1956 834 2004 τίς
842 1953 914 2008 τολμή-

129 2036 169 2063 σειε
188 2020 351 2077 παραιτήσασθαι
371 2020 393 2064 τύ
412 2026 502 2076 πνεῦμα,
524 2022 558 2064 καί
578 2019 737 2077 ἀπαλλοτριῶσαι
756 2024 792 2076 τῆς
810 2025 847 2065 τοῦ
861 2025 914 2064 θεοῦ

128 2089 209 2143 οῦσίας,
230 2095 300 2144 σαφῶς
316 2095 353 2133 τοῦ
369 2088 482 2133 οἷποστύλου
498 2090 590 2147 λέγοντος
606 2088 660 2145 ήμῦς
674 2088 737 2141 ναούς
749 2095 801 2134 θεοῦ
816 2091 914 2147 γίνεσθαι,

42 2168 77 2198 1³³ss-
84 2160 115 2189 ³⁰³·
130 2157 164 2203 διά
175 2157 198 2202 τύ
209 2160 302 2203 ἐνοικοῦν
310 2163 389 2213 πνεῦμα
399 2158 458 2216 άγιον
468 2160 490 2202 ἐν
499 2165 542 2209 τοῖς
550 2157 623 2210 άξίοις,
654 2162 703 2208 Πῶς
714 2159 735 2201 δὲ
748 2158 853 2216 άλλύτριον
863 2163 915 2202 θεοῦ

76 2229 78 2231 ’
129 2229 183 2272 ἔσται
199 2226 221 2270 τύ
237 2232 316 2283 πνεῦμα
334 2226 357 2270 τύ
375 2226 433 2282 βάθη
449 2231 487 2269 τοῦ
502 2231 554 2270 θεοῦ
569 2227 666 2284 ἔρευνῶν,·
703 2229 744 2270 Καὶ
763 2226 791 2282 μή
811 2227 854 2284 λε’γε
873 2244 915 2283 μοι,

128 2295 224 2356 Ἐρευνρῖ,
245 2298 279 2340 καί
291 2295 348 2340 υῦπω
361 2295 463 2352 γινώσκει,
479 2295 507 2346 ῶς
517 2312 569 2346 τινες
579 2300 664 2350 τολμῶσι
673 2298 808 2350 βλασφημεῖν,
824 2298 859 2339 καὶ
869 2297 915 2340 ἑαυ-

129 2364 178 2415 τούς
196 2363 323 2407 3οἶπολλύειν.
352 2363 408 2407 Ἐπεὶ
425 2363 450 2406 civ
465 2365 500 2407 καὶ
517 2362 584 2407 4αύτύ
597 2366 667 2415 λέξουσι
679 2365 726 2421 περὶ
737 2368 774 2407 τοῦ
785 2363 869 2420 πατρύς,
885 2363 921 2409 ὅτι

130 2434 164 2477 καὶ
175 2434 221 2491 περὶ
232 2431 295 2476 αύτοῦ
306 2435 413 2491 γέγραπται
425 2431 456 2476 ὅτι
464 2433 536 2492 ἐρευνᾷ
546 2438 616 2487 ταμεῖοι
628 2435 726 2483 5κοιλίας.
756 2434 798 2477 Καὶ
810 2435 828 2477 εί
838 2432 916 2490 ύσεβῶς

129 2503 218 2558 νοήσεις,
238 2502 272 2546 διά
292 2502 328 2546 6τύ
347 2501 375 2558 μή
394 2504 508 2546 ἐπικεῖσθαι
524 2506 552 2560 τῶ
571 2503 655 2559 ἐρευνᾶν
672 2500 695 2544 τύ
712 2501 817 2558 γινώσκειν
832 2503 865 2546 ἐπὶ
880 2507 916 2547 τοῦ

130 2572 253 2628 πνεύματος,
275 2571 383 2627 άσεβήσαις
401 2570 427 2615 άν
438 2572 473 2614 καί
489 2572 581 2628 περὶτοῦ
592 2568 670 2628 πατρὸς
683 2569 719 2627 τήν
730 2569 796 2627 αύτήν
808 2569 916 2630 οἷναγκαζύ-

130 2659 190 2699 μενος
211 2644 362 2699 τπαρεκφέρειν
377 2639 483 2685 ύπιίνοιαν.
522 2639 553 2683 Οῦ
568 2657 590 2683 τε
602 2638 640 2698 γάρ
656 2641 690 2684 ἐπὶ
704 2640 781 2699 πατρύς
795 2642 917 2698 ἐρευνῶντας

130 2718 201 2768 ταμεῖον
217 2714 294 2763 κοιλίας
311 2710 425 2768 πρύςκειται
440 2708 463 2754 τύ
478 2708 589 2767 γινώσκειν.
621 2709 652 2754 Ού
661 2728 682 2754 τε
693 2709 731 2768 γάρ
744 2714 799 2769 χρεία
810 2706 836 2766 ήν
847 2712 916 2765 εἰπεῖν,

130 2787 202 2836 σαφῶς
215 2781 340 2837 ῦηλονμὲνης
350 2785 387 2835 τῆς
400 2785 437 2825 τοῦ
451 2785 503 2823 θεοῦ
515 2782 643 2837 προγνωσίας
654 2777 695 2824 dno*
708 2785 744 2824 τοῦ
757 2782 841 2837 ε’ρευνᾶν
850 2779 873 2824 τύ
886 2781 916 2824 ιε’-

155 2900 194 2934 ΰιν.
201 2900 249 2933 xm.
261 2918 279 2924 -
297 2897 312 2932 1.
320 2897 382 2934 εἵνεκεν
393 2903 456 2941 uterque
465 2898 511 2932 codd.
536 2899 590 2931 θοίνα.
602 2902 650 2939 repet.
662 2900 710 2931 verba
722 2894 732 2932 ὁ
743 2895 764 2932 δὲ
775 2896 870 2939 ἀπόπολις
883 2910 916 2935 σα-

131 2956 169 2980 mss.
192 2945 248 2981 ἕνεκεν
262 2947 305 2979 editi.
536 2944 574 2987 φῶς
584 2955 602 2979 ιτ.
609 2940 660 2979 αῦεοῦ
671 2943 717 2989 λέγει
728 2946 792 2978 omniuo
804 2956 836 2979 non
851 2956 917 2989 ςουιμιι-

154 2994 171 3025 ⁴2.
183 2990 235 3027 αὐτοῦ
244 2993 306 3025 restitui
321 3001 341 3024 ια
354 2994 418 3033 utroque
432 2993 471 3025 libro
483 3000 512 3023 ms.
535 2993 573 3023 τινι.

131 3040 185 3071 Etiam
194 3041 282 3072 Carnarius
291 3041 359 3071 verterat
369 3049 390 3070 ex
401 3038 443 3082 ipso.
467 3039 487 3070 λλ
495 3039 513 3069 in
558 3035 575 3071 3.
588 3031 666 3071 α’τιολῦειν
678 3037 714 3070 edit.
727 3037 783 3070 Ριίον,

132 3086 178 3119 editis
195 3086 242 3126 υαίφο
257 3087 280 3119 est
295 3080 356 3122 αὐτῶν,
380 3085 399 3118 λυ
415 3085 439 3117 ed,
456 3085 512 3119 Pelav.
558 3079 574 3116 4.
586 3078 639 3123 αύτός
650 3084 697 3120 codd.
709 3092 747 3117 mss.
