1988 3392
252 209 345 244 runaut!
356 209 400 242 Lis.
409 210 440 243 lll.
452 208 508 243 Tum.
517 209 530 241 l.
542 206 694 241 flauutxxu.
834 197 862 239 63

77 290 215 339 erotverbum,
238 289 278 331 lilio
288 280 349 345 porro
363 289 394 330 dei
408 290 441 331 vel
457 288 536 331 riomiue
552 295 622 339 tenus,
644 287 676 328 vel
687 286 750 329 solum
763 285 863 327 homiuem

77 358 178 415 appellas3
203 365 223 399 ut
236 358 309 400 diversi
322 372 333 399 a
346 371 369 399 se
380 357 460 413 generis
473 357 533 399 lilium
545 357 641 414 producat
653 356 713 407 deus,
737 354 809 410 quique
821 354 864 395 sola

77 427 104 468 sit
113 426 218 482 adoptione
229 426 292 478 lilius3
313 426 440 467 cuiusmodi'
434 439 454 466 ru
465 425 504 466 illis
515 425 565 467 loeis
576 424 706 481 exprimitur,
722 426 783 463 Filios
792 425 860 475 genai,
870 429 937 499 {apag
944 430 962 493 i-'s

77 497 203 544 evocatam,
220 495 280 545 item,
296 496 506 547 Accepz'slc'ssptlatam
520 496 637 547 odoptr'om's,
660 492 719 541 item,
739 492 863 547 Affirtedo-
868 473 967 534 Psalma'sl]

78 566 129 603 metio
135 564 198 615 filu
206 565 244 603 dea
277 559 348 603 Cum
342 562 403 617 meur
414 562 509 603 Asterius
521 562 580 603 lilium
591 568 686 617 paternae
696 560 808 611 esseutiae
824 559 865 600 vir-

77 630 139 683 tutis,
162 630 252 682 consilii,
274 630 389 686 gloriaeque
404 630 458 671 mdla
476 645 497 672 re
511 630 610 671 diversam
625 628 733 683 imaginem
751 641 797 669 esse
807 628 864 679 velit,

78 712 163 748 neeesse
173 707 204 741 est
216 705 237 740 ut
248 705 354 755 paternas,
371 699 456 740 velutin
470 699 521 751 lilio,
538 705 596 740 notas
610 712 633 739 ae
647 698 720 752 tiguras
730 697 801 756 ,inesse
814 696 865 737 iudi-

79 766 169 819 eaverit,
191 781 253 823 eaque
270 782 321 823 quae
333 767 358 809 de
370 774 426 824 patre
442 767 508 808 auimo
520 767 659 823 concipiuntur
673 766 693 807 in
706 765 746 807 lilio
759 779 864 821 expressa,

79 836 111 878 vel
122 836 139 877 ei
153 850 263 888 concessa,
286 849 337 892 quae
354 850 394 878 oon
410 836 449 877 sint
465 835 546 891 abipso
560 842 616 892 patre
629 835 717 877 diversa.
748 833 805 890 Ergo
816 835 865 876 haee

79 918 130 960 quae
146 905 226 947 dixerat
242 904 307 947 omnia
321 918 366 946 esse
382 904 425 945 vult
436 904 504 945 [ilium.
534 902 583 945 Non
596 903 648 945 euim
661 904 715 945 velut
730 903 865 945 adumbratam

79 973 180 1015 coloribus
194 974 301 1030 imaginem
316 972 423 1029 cogitavit,
447 986 512 1029 neque
528 972 607 1014 tertium
623 972 718 1027 pictorem
733 972 823 1026 invexit,
843 981 866 1015 ut

13 1052 14 1056 ’
79 1042 211 1100 discrepantis
223 1057 234 1084 a
248 1050 304 1100 patre
315 1042 349 1084 filii
361 1043 389 1085 sic
404 1050 496 1098 tanquam
513 1041 613 1084 coloribus
625 1040 730 1098 qualitates
741 1041 787 1084 alibi
798 1043 866 1099 expri-

79 1120 156 1166 meret,
178 1112 237 1169 idque
254 1113 316 1169 ipsum
332 1112 441 1169 appellaret
456 1111 524 1153 lilium.
555 1110 600 1153 lloc
615 1112 668 1153 euim
683 1118 704 1153 tu
715 1112 759 1154 sive
771 1114 864 1169 prudens,

78 1182 122 1224 sive
132 1182 246 1239 imprudens
257 1181 345 1234 asseris,
368 1181 451 1224 comita
462 1180 558 1237 loqueris.
586 1181 647 1237 lgitur
658 1180 675 1223 si
688 1182 789 1224 esseutiae
799 1182 866 1238 imago

80 1257 123 1301 est,
145 1251 233 1293 essentia
243 1250 286 1308 ipsa
297 1264 342 1293 esse
356 1265 395 1292 nou
408 1257 486 1307 potest,
503 1264 567 1306 neque
579 1251 694 1303 consilium,
710 1251 727 1293 si
739 1250 806 1307 imago
819 1266 866 1294 cou-

80 1319 119 1361 silii
131 1327 170 1362 est.
200 1319 277 1362 Nostra
288 1334 338 1362 vero
348 1320 456 1371 sententia,
473 1320 490 1361 si
500 1319 600 1361 esseutiae
613 1319 659 1361 viva
670 1320 696 1361 sit
706 1320 780 1375 imago,
797 1335 866 1362 essen·

80 1388 107 1431 tia
118 1388 160 1445 ipsa
173 1402 219 1431 esse
236 1395 314 1446 potest,
337 1395 406 1444 estque
418 1402 497 1430 revera.
528 1388 595 1443 Atque
607 1388 634 1429 ita
648 1387 748 1430 esseutiae
760 1389 865 1444 imaginem

80 1471 126 1500 esse
137 1458 267 1509 eonfitemur,
284 1458 308 1498 ad
321 1456 478 1498 exactamvitae
491 1463 511 1498 et
522 1455 608 1498 actionis
621 1456 769 1498 similitudinem
783 1471 866 1514 expres-

80 1540 131 1568 saru.
163 1525 240 1568 Eodem
254 1527 313 1567 modo
327 1532 348 1567 et
360 1525 438 1567 consilii
449 1524 556 1581 imaginem
567 1526 672 1567 eonsilium
685 1526 781 1579 facimus,
802 1531 964 1580 ungatassans.

80 1597 155 1636 soa‘licet
171 1596 250 1635 consilii
261 1597 361 1647 angelum,
384 1608 408 1635 ac
424 1601 525 1651 postremo
542 1593 618 1650 gloriae
633 1602 653 1636 et
666 1594 746 1637 virtutis
760 1595 866 1651 imaginem

81 1664 165 1719 gloriani
176 1678 199 1705 ao
210 1663 303 1705 virtutem
316 1677 362 1705 esse
377 1662 489 1705 statuimus.
521 1661 579 1718 Quae
591 1663 667 1719 quidem
680 1663 746 1705 ouioia
758 1664 814 1706 his
801 1664 868 1707 verbis

80 1746 92 1774 a
104 1730 185 1775 Christo
198 1732 335 1774 declarantur:
352 1735 471 1785 Sz'catpater
480 1732 539 1772 latet
548 1735 606 1773 urtam
617 1735 637 1773 in
649 1735 722 1786 serpso,
742 1737 772 1774 sic
783 1736 836 1775 dedit
845 1743 865 1775 et
872 1745 938 1776 naama.¹
931 1756 945 1781 a
948 1747 971 1775 aa.

76 1803 124 1854 filio
137 1805 194 1842 vitum
209 1802 303 1842 dubere'
293 1816 313 1842 m
324 1804 397 1855 serpso:
419 1809 451 1852 et,
468 1804 525 1842 Sicut
532 1809 590 1855 poter
599 1805 682 1842 suscitat
690 1810 775 1843 mortuos
785 1811 806 1843 et
816 1806 863 1844 ozor‘-
898 1786 914 1810 et
922 1782 944 1810 Ἀ

79 1873 136 1923 ficut.
168 1869 271 1912 Eiusmodi
283 1870 353 1926 quippe
367 1884 440 1922 voees,
461 1873 529 1919 Sicut,
551 1873 590 1920 sic,
608 1870 757 1913 similitudinem
769 1872 866 1926 quandam

82 1939 187 1995 imaginis,
203 1945 224 1981 et
239 1939 263 1980 ad
278 1938 408 1980 imitationem
424 1952 541 1994 expressam
557 1938 640 1995 effigiem
656 1939 801 1982 demonstrant.

141 2007 221 2049 Deinde
233 2007 299 2063 paucis
309 2007 431 2058 interiectis,
447 2005 496 2048 Non
507 2008 568 2059 enim,
584 2008 659 2063 inquit,
676 2008 763 2050 divinum
775 2009 866 2061 verbum,
886 2013 927 2058 Gap.
936 2014 961 2047 X.

83 2078 139 2119 lesus
149 2076 227 2118 scilicet
236 2076 298 2117 vitam
310 2084 331 2117 et
344 2075 507 2131 pulchritudinem
518 2083 537 2117 et
550 2076 643 2117 decorem
658 2077 747 2119 tribuens
759 2077 812 2121 vitae
825 2078 867 2133 ipse

83 2159 107 2188 ac
119 2144 269 2202 pulchritudinis
280 2151 300 2185 et
311 2145 389 2186 decoris
398 2157 471 2200 expers
482 2151 520 2196 est,
537 2145 557 2186 in
568 2151 640 2196 morte,
655 2146 688 2187 vel
699 2159 724 2187 eo
734 2152 786 2187 statu
797 2146 817 2187 iu
828 2161 867 2201 quo

83 2213 223 2256 nihilomnino
236 2214 274 2266 sit,
296 2213 427 2264 constitutus,
449 2215 484 2255 sed
499 2221 593 2269 paternas
608 2213 629 2255 in
648 2228 670 2256 se
684 2221 742 2256 notas
756 2214 816 2256 hahet
831 2228 868 2256 ex-

83 2296 175 2339 pressas3
198 2297 237 2324 non
252 2282 307 2338 quasi
322 2282 373 2324 alter
387 2282 430 2338 ipse
446 2282 484 2335 sit,
505 2290 526 2324 et
536 2283 580 2325 aliis
596 2283 672 2338 figurae
689 2283 742 2325 uotis
757 2284 867 2340 praeditus,

83 2365 153 2394 verum
172 2358 192 2393 et
202 2351 272 2392 ineius
287 2350 374 2393 essentia
393 2351 483 2407 propriae
498 2351 551 2393 illius
568 2359 627 2393 uotae
644 2353 720 2408 positae
735 2359 794 2403 suut,
817 2360 837 2395 et
847 2353 868 2395 in

84 2420 170 2477 propriis
184 2418 236 2461 notis
248 2420 335 2462 essentia
346 2420 445 2462 consistit.
477 2419 572 2464 Ceterum
585 2420 651 2476 imago
663 2435 707 2462 oum
718 2421 812 2474 alterius,
828 2437 867 2464 non

84 2488 157 2531 suimet
168 2488 231 2544 ipsius
242 2487 308 2543 inrogo
320 2486 358 2537 sit,
374 2492 395 2527 ut
408 2486 480 2541 etipse
493 2488 573 2540 statuis,
589 2490 710 2546 exemplaris
720 2490 741 2532 in
752 2504 774 2532 se
785 2491 868 2546 liguram

85 2571 158 2614 gerens
169 2555 303 2598 diversitatem
314 2554 399 2606 indicat,
421 2555 455 2597 sed
467 2555 564 2597 eiusmodi
575 2557 710 2600 diversitatem
721 2573 772 2614 quae
783 2559 834 2600 idem
846 2573 869 2600 ac

86 2625 193 2667 similitudo
204 2625 238 2666 sit.
268 2622 316 2665 Non
332 2623 385 2665 enim
398 2624 502 2680 suiipsius
517 2627 608 2667 existens
623 2625 657 2667 ille
672 2626 728 2683 ipse,
749 2627 784 2668 sed
803 2628 870 2670 cuius-

86 2693 139 2751 piam
151 2693 234 2736 alterius
247 2699 277 2733 est
288 2691 354 2747 imago
364 2692 442 2748 imago,
458 2683 550 2749 inquam,
567 2708 606 2735 ooo
620 2694 746 2750 aspectabilis
758 2694 798 2737 dei.
829 2694 869 2738 Pa-

86 2762 123 2804 tris
134 2761 195 2819 igitur
207 2761 273 2816 imago
285 2760 335 2802 lilius
347 2768 390 2812 est,
406 2761 477 2804 vivens
490 2762 558 2817 utique
568 2762 668 2815 viventis,
692 2770 746 2805 motu
758 2766 868 2820 atque-effi-

110 2920 127 2954 2.
139 2918 186 2961 Βεὸς,
199 2916 250 2966 [ἀλλ’]
265 2918 275 2956 d
243 2918 389 2964 ΓΙησοῦςιᾱ.
398 2923 465 2955 Pelusii.
488 2921 550 2956 Nonne
565 2922 689 2956 enimverbum
701 2922 790 2956 deusest?
814 2925 868 2958 immo

86 2968 142 3000 Mettus
152 2969 218 3009 rotasse
226 2976 275 3022 paorp
285 2968 315 3023 sept
324 2968 410 3008 distingues
418 2970 466 3001 iater-
488 2970 544 3011 lesus,
562 2979 663 3013 quamquam
676 2968 713 3013 ipse
723 2968 774 3002 vitam
787 2977 868 3013 praestet,

86 3015 172 3069 ropattopts
184 3015 229 3054 siquo
244 3009 271 3046 Ου’
283 3010 315 3056 γὰρ
330 3024 339 3047 o
354 3011 404 3056 λόγος
415 3010 466 3053 &edm
490 3017 523 3047 cett.

86 3053 153 3093 Ἀλλ’
142 3070 151 3093 o
163 3053 242 3101 Ἰησοῦς,
262 3055 359 3104 οταρεχωι
370 3061 416 3100 cett
427 3060 465 3091 tce
512 3057 606 3095 ‘artem
618 3060 685 3101 Rtedip
