<?xml version="1.0" encoding="UTF-8"?>
<!DOCTYPE html PUBLIC "-//W3C//DTD XHTML 1.0 Transitional//EN"
    "http://www.w3.org/TR/xhtml1/DTD/xhtml1-transitional.dtd">
<html xmlns="http://www.w3.org/1999/xhtml" xml:lang="en" lang="en">
 <head>
  <title>
</title>
<meta http-equiv="Content-Type" content="text/html;charset=utf-8" />
  <meta name='ocr-system' content='tesseract 3.04.00' />
  <meta name='ocr-capabilities' content='ocr_page ocr_carea ocr_par ocr_line ocrx_word'/>
</head>
<body>
  <div class='ocr_page' id='page_1' title='image "./MN41650ucmf_1/MN41650ucmf_1_0139.png"; bbox 0 0 1988 3392; ppageno 0'>
   <div class='ocr_carea' id='block_1_1' title="bbox 232 202 852 245">
    <p class='ocr_par' dir='ltr' id='par_1_1' title="bbox 232 202 852 245">
     <span class='ocr_line' id='line_1_1' title="bbox 232 202 852 245; baseline -0.002 -2"><span class='ocrx_word' id='word_1_1' title='bbox 232 209 326 244; x_wconf 71' lang='lat' dir='ltr'>ennaea</span> <span class='ocrx_word' id='word_1_2' title='bbox 336 209 379 245; x_wconf 78' lang='lat' dir='ltr'>Lae.</span> <span class='ocrx_word' id='word_1_3' title='bbox 390 211 420 244; x_wconf 88' lang='lat' dir='ltr'>iii.</span> <span class='ocrx_word' id='word_1_4' title='bbox 432 208 487 245; x_wconf 82' lang='grc' dir='ltr'>ΤΟΜ.</span> <span class='ocrx_word' id='word_1_5' title='bbox 495 211 509 244; x_wconf 86' lang='grc' dir='ltr'>Ι.</span> <span class='ocrx_word' id='word_1_6' title='bbox 521 209 591 244; x_wconf 76' lang='lat' dir='ltr'>naen,</span> <span class='ocrx_word' id='word_1_7' title='bbox 600 209 683 243; x_wconf 87' lang='lat' dir='ltr'>LXXiii.</span> <span class='ocrx_word' id='word_1_8' title='bbox 810 202 852 242; x_wconf 81' lang='lat' dir='ltr'>ii&#39;i</span> 
     </span>
    </p>
   </div>
   <div class='ocr_carea' id='block_1_2' title="bbox 7 289 940 2967">
    <p class='ocr_par' dir='ltr' id='par_1_2' title="bbox 7 289 940 2967">
     <span class='ocr_line' id='line_1_2' title="bbox 63 289 852 347; baseline -0.004 -13"><span class='ocrx_word' id='word_1_9' title='bbox 63 292 84 334; x_wconf 94' lang='lat' dir='ltr'>in</span> <span class='ocrx_word' id='word_1_10' title='bbox 96 290 163 333; x_wconf 87' lang='lat' dir='ltr'>animo</span> <span class='ocrx_word' id='word_1_11' title='bbox 174 289 274 333; x_wconf 88' lang='lat' dir='ltr'>habebant</span> <span class='ocrx_word' id='word_1_12' title='bbox 284 290 423 345; x_wconf 82' lang='lat' dir='ltr'>occultarunt,</span> <span class='ocrx_word' id='word_1_13' title='bbox 445 305 489 333; x_wconf 90' lang='lat' dir='ltr'>eum</span> <span class='ocrx_word' id='word_1_14' title='bbox 502 290 550 333; x_wconf 87' lang='lat' dir='ltr'>nihil</span> <span class='ocrx_word' id='word_1_15' title='bbox 562 290 614 332; x_wconf 90' lang='lat' dir='ltr'>aliud</span> <span class='ocrx_word' id='word_1_16' title='bbox 626 297 708 347; x_wconf 86' lang='lat' dir='ltr'>praeter</span> <span class='ocrx_word' id='word_1_17' title='bbox 719 289 766 332; x_wconf 93' lang='lat' dir='ltr'>iilud</span> <span class='ocrx_word' id='word_1_18' title='bbox 777 290 798 331; x_wconf 93' lang='lat' dir='ltr'>in</span> <span class='ocrx_word' id='word_1_19' title='bbox 809 290 852 347; x_wconf 92' lang='lat' dir='ltr'>opi-</span> 
     </span>
     <span class='ocr_line' id='line_1_3' title="bbox 63 357 852 415; baseline -0.001 -13"><span class='ocrx_word' id='word_1_20' title='bbox 63 360 122 402; x_wconf 87' lang='lat' dir='ltr'>nione</span> <span class='ocrx_word' id='word_1_21' title='bbox 136 359 244 412; x_wconf 89' lang='lat' dir='ltr'>baberent,</span> <span class='ocrx_word' id='word_1_22' title='bbox 265 358 317 415; x_wconf 93' lang='lat' dir='ltr'>quod</span> <span class='ocrx_word' id='word_1_23' title='bbox 331 372 400 400; x_wconf 91' lang='lat' dir='ltr'>eorum</span> <span class='ocrx_word' id='word_1_24' title='bbox 410 360 474 415; x_wconf 82' lang='lat' dir='ltr'>gratia</span> <span class='ocrx_word' id='word_1_25' title='bbox 488 361 579 402; x_wconf 87' lang='lat' dir='ltr'>fecerunt</span> <span class='ocrx_word' id='word_1_26' title='bbox 590 357 623 415; x_wconf 94' lang='lat' dir='ltr'>qui</span> <span class='ocrx_word' id='word_1_27' title='bbox 635 372 658 400; x_wconf 87' lang='lat' dir='ltr'>se</span> <span class='ocrx_word' id='word_1_28' title='bbox 669 359 693 400; x_wconf 90' lang='lat' dir='ltr'>ad</span> <span class='ocrx_word' id='word_1_29' title='bbox 704 358 793 414; x_wconf 89' lang='lat' dir='ltr'>ipsorum</span> <span class='ocrx_word' id='word_1_30' title='bbox 805 373 852 401; x_wconf 93' lang='lat' dir='ltr'>coe-</span> 
     </span>
     <span class='ocr_line' id='line_1_4' title="bbox 62 426 850 484; baseline -0.001 -14"><span class='ocrx_word' id='word_1_31' title='bbox 62 436 103 470; x_wconf 90' lang='lat' dir='ltr'>tum</span> <span class='ocrx_word' id='word_1_32' title='bbox 115 435 286 484; x_wconf 73' lang='lat' dir='ltr'>aggregaverant,</span> <span class='ocrx_word' id='word_1_33' title='bbox 312 426 402 469; x_wconf 90' lang='lat' dir='ltr'>bomines</span> <span class='ocrx_word' id='word_1_34' title='bbox 418 428 505 484; x_wconf 93' lang='lat' dir='ltr'>alioquin</span> <span class='ocrx_word' id='word_1_35' title='bbox 521 427 641 479; x_wconf 70' lang='lat' dir='ltr'><strong>orthodoxi,</strong></span> <span class='ocrx_word' id='word_1_36' title='bbox 662 427 697 468; x_wconf 88' lang='lat' dir='ltr'>sed</span> <span class='ocrx_word' id='word_1_37' title='bbox 714 427 850 479; x_wconf 75' lang='lat' dir='ltr'>simulatores,</span> 
     </span>
     <span class='ocr_line' id='line_1_5' title="bbox 63 494 853 553; baseline -0.001 -15"><span class='ocrx_word' id='word_1_38' title='bbox 63 503 83 538; x_wconf 92' lang='lat' dir='ltr'>et</span> <span class='ocrx_word' id='word_1_39' title='bbox 94 496 220 553; x_wconf 87' lang='lat' dir='ltr'>imperatoris</span> <span class='ocrx_word' id='word_1_40' title='bbox 235 496 330 553; x_wconf 90' lang='lat' dir='ltr'>potestati</span> <span class='ocrx_word' id='word_1_41' title='bbox 342 495 468 548; x_wconf 75' lang='lat' dir='ltr'>servientes,</span> <span class='ocrx_word' id='word_1_42' title='bbox 490 498 613 553; x_wconf 81' lang='lat' dir='ltr'>eandemque</span> <span class='ocrx_word' id='word_1_43' title='bbox 629 494 795 547; x_wconf 71' lang='lat' dir='ltr'>reformidantes,</span> <span class='ocrx_word' id='word_1_44' title='bbox 819 495 853 552; x_wconf 91' lang='lat' dir='ltr'>qui</span> 
     </span>
     <span class='ocr_line' id='line_1_6' title="bbox 62 563 852 621; baseline 0 -14"><span class='ocrx_word' id='word_1_45' title='bbox 62 579 130 607; x_wconf 87' lang='lat' dir='ltr'>secum</span> <span class='ocrx_word' id='word_1_46' title='bbox 146 565 233 619; x_wconf 82' lang='lat' dir='ltr'>invicem</span> <span class='ocrx_word' id='word_1_47' title='bbox 249 564 364 607; x_wconf 66' lang='lat' dir='ltr'>inimicitias</span> <span class='ocrx_word' id='word_1_48' title='bbox 379 565 510 608; x_wconf 73' lang='lat' dir='ltr'>exercebant.</span> <span class='ocrx_word' id='word_1_49' title='bbox 539 564 593 607; x_wconf 88' lang='lat' dir='ltr'>Nam</span> <span class='ocrx_word' id='word_1_50' title='bbox 608 563 719 621; x_wconf 86' lang='lat' dir='ltr'>Eutycbius</span> <span class='ocrx_word' id='word_1_51' title='bbox 731 563 852 607; x_wconf 86' lang='lat' dir='ltr'>Eleuthero-</span> 
     </span>
     <span class='ocr_line' id='line_1_7' title="bbox 62 632 852 690; baseline -0.001 -15"><span class='ocrx_word' id='word_1_52' title='bbox 62 632 173 690; x_wconf 88' lang='lat' dir='ltr'>poiitanns‚</span> <span class='ocrx_word' id='word_1_53' title='bbox 195 640 262 690; x_wconf 83' lang='lat' dir='ltr'>utpote</span> <span class='ocrx_word' id='word_1_54' title='bbox 280 648 291 676; x_wconf 94' lang='lat' dir='ltr'>a</span> <span class='ocrx_word' id='word_1_55' title='bbox 308 633 366 675; x_wconf 90' lang='lat' dir='ltr'>beato</span> <span class='ocrx_word' id='word_1_56' title='bbox 382 632 501 677; x_wconf 83' lang='lat' dir='ltr'>Maximona</span> <span class='ocrx_word' id='word_1_57' title='bbox 515 632 702 689; x_wconf 81' lang='lat' dir='ltr'>Hierosolymitano</span> <span class='ocrx_word' id='word_1_58' title='bbox 719 632 813 689; x_wconf 86' lang='lat' dir='ltr'>episcopo</span> <span class='ocrx_word' id='word_1_59' title='bbox 828 647 852 675; x_wconf 90' lang='lat' dir='ltr'>ae</span> 
     </span>
     <span class='ocr_line' id='line_1_8' title="bbox 62 698 852 759; baseline -0.004 -14"><span class='ocrx_word' id='word_1_60' title='bbox 62 703 180 745; x_wconf 81' lang='lat' dir='ltr'>confessore</span> <span class='ocrx_word' id='word_1_61' title='bbox 195 703 305 745; x_wconf 84' lang='lat' dir='ltr'>catholicae</span> <span class='ocrx_word' id='word_1_62' title='bbox 321 702 367 745; x_wconf 86' lang='lat' dir='ltr'>lidei</span> <span class='ocrx_word' id='word_1_63' title='bbox 382 703 478 745; x_wconf 86' lang='lat' dir='ltr'>institutis</span> <span class='ocrx_word' id='word_1_64' title='bbox 490 703 585 755; x_wconf 91' lang='lat' dir='ltr'>edoctus,</span> <span class='ocrx_word' id='word_1_65' title='bbox 607 708 690 758; x_wconf 89' lang='lat' dir='ltr'>propter</span> <span class='ocrx_word' id='word_1_66' title='bbox 701 698 774 759; x_wconf 87' lang='lat' dir='ltr'>Cyriili</span> <span class='ocrx_word' id='word_1_67' title='bbox 785 700 852 743; x_wconf 89' lang='lat' dir='ltr'>odium</span> 
     </span>
     <span class='ocr_line' id='line_1_9' title="bbox 61 769 852 827; baseline -0.003 -14"><span class='ocrx_word' id='word_1_68' title='bbox 61 771 86 813; x_wconf 89' lang='lat' dir='ltr'>ad</span> <span class='ocrx_word' id='word_1_69' title='bbox 99 770 194 813; x_wconf 81' lang='lat' dir='ltr'>Acacium</span> <span class='ocrx_word' id='word_1_70' title='bbox 211 786 257 813; x_wconf 86' lang='lat' dir='ltr'>sese</span> <span class='ocrx_word' id='word_1_71' title='bbox 270 786 310 813; x_wconf 92' lang='lat' dir='ltr'>non</span> <span class='ocrx_word' id='word_1_72' title='bbox 326 771 426 813; x_wconf 85' lang='lat' dir='ltr'>adiunxit.</span> <span class='ocrx_word' id='word_1_73' title='bbox 459 769 499 826; x_wconf 77' lang='lat' dir='ltr'>Qui</span> <span class='ocrx_word' id='word_1_74' title='bbox 512 771 590 827; x_wconf 90' lang='lat' dir='ltr'>quidem</span> <span class='ocrx_word' id='word_1_75' title='bbox 603 771 704 826; x_wconf 89' lang='lat' dir='ltr'>aliquanto</span> <span class='ocrx_word' id='word_1_76' title='bbox 717 777 807 826; x_wconf 85' lang='lat' dir='ltr'>tempore</span> <span class='ocrx_word' id='word_1_77' title='bbox 818 785 852 812; x_wconf 86' lang='lat' dir='ltr'>ea-</span> 
     </span>
     <span class='ocr_line' id='line_1_10' title="bbox 60 838 852 897; baseline -0.003 -15"><span class='ocrx_word' id='word_1_78' title='bbox 60 838 152 882; x_wconf 87' lang='lat' dir='ltr'>thelicam</span> <span class='ocrx_word' id='word_1_79' title='bbox 164 840 220 882; x_wconf 88' lang='lat' dir='ltr'>iidem</span> <span class='ocrx_word' id='word_1_80' title='bbox 234 839 355 897; x_wconf 86' lang='lat' dir='ltr'>amplectens</span> <span class='ocrx_word' id='word_1_81' title='bbox 367 839 469 895; x_wconf 83' lang='lat' dir='ltr'>dignitatis</span> <span class='ocrx_word' id='word_1_82' title='bbox 482 853 531 881; x_wconf 88' lang='lat' dir='ltr'>suae</span> <span class='ocrx_word' id='word_1_83' title='bbox 543 839 660 881; x_wconf 86' lang='lat' dir='ltr'>retinendae</span> <span class='ocrx_word' id='word_1_84' title='bbox 677 839 743 896; x_wconf 84' lang='lat' dir='ltr'>gratia</span> <span class='ocrx_word' id='word_1_85' title='bbox 759 838 852 881; x_wconf 91' lang='lat' dir='ltr'>dissimu-</span> 
     </span>
     <span class='ocr_line' id='line_1_11' title="bbox 61 906 852 964; baseline 0 -14"><span class='ocrx_word' id='word_1_86' title='bbox 61 908 122 960; x_wconf 82' lang='lat' dir='ltr'>lavit;</span> <span class='ocrx_word' id='word_1_87' title='bbox 139 915 190 949; x_wconf 85' lang='lat' dir='ltr'>utet</span> <span class='ocrx_word' id='word_1_88' title='bbox 203 909 236 950; x_wconf 93' lang='lat' dir='ltr'>aiii</span> <span class='ocrx_word' id='word_1_89' title='bbox 247 906 374 950; x_wconf 75' lang='lat' dir='ltr'>Palaestinae</span> <span class='ocrx_word' id='word_1_90' title='bbox 387 908 499 964; x_wconf 85' lang='lat' dir='ltr'>complures</span> <span class='ocrx_word' id='word_1_91' title='bbox 509 908 606 964; x_wconf 84' lang='lat' dir='ltr'>episcopi.</span> <span class='ocrx_word' id='word_1_92' title='bbox 636 907 724 964; x_wconf 83' lang='lat' dir='ltr'>Propter</span> <span class='ocrx_word' id='word_1_93' title='bbox 736 923 786 964; x_wconf 90' lang='lat' dir='ltr'>quos</span> <span class='ocrx_word' id='word_1_94' title='bbox 797 907 852 950; x_wconf 81' lang='lat' dir='ltr'>Aca-</span> 
     </span>
     <span class='ocr_line' id='line_1_12' title="bbox 61 976 851 1033; baseline -0.003 -14"><span class='ocrx_word' id='word_1_95' title='bbox 61 977 104 1020; x_wconf 92' lang='lat' dir='ltr'>cius</span> <span class='ocrx_word' id='word_1_96' title='bbox 115 991 159 1019; x_wconf 87' lang='lat' dir='ltr'>curn</span> <span class='ocrx_word' id='word_1_97' title='bbox 171 976 213 1019; x_wconf 89' lang='lat' dir='ltr'>suis</span> <span class='ocrx_word' id='word_1_98' title='bbox 224 977 293 1019; x_wconf 88' lang='lat' dir='ltr'>eadem</span> <span class='ocrx_word' id='word_1_99' title='bbox 304 976 360 1018; x_wconf 86' lang='lat' dir='ltr'>rabie</span> <span class='ocrx_word' id='word_1_100' title='bbox 373 983 393 1018; x_wconf 87' lang='lat' dir='ltr'>et</span> <span class='ocrx_word' id='word_1_101' title='bbox 403 976 525 1019; x_wconf 84' lang='lat' dir='ltr'>infidelitatis</span> <span class='ocrx_word' id='word_1_102' title='bbox 539 977 607 1018; x_wconf 84' lang='lat' dir='ltr'>lurore</span> <span class='ocrx_word' id='word_1_103' title='bbox 624 976 694 1033; x_wconf 82' lang='lat' dir='ltr'>perciti</span> <span class='ocrx_word' id='word_1_104' title='bbox 707 976 756 1018; x_wconf 90' lang='lat' dir='ltr'>nibil</span> <span class='ocrx_word' id='word_1_105' title='bbox 766 978 790 1019; x_wconf 90' lang='lat' dir='ltr'>ad</span> <span class='ocrx_word' id='word_1_106' title='bbox 802 983 851 1018; x_wconf 87' lang='lat' dir='ltr'>tem-</span> 
     </span>
     <span class='ocr_line' id='line_1_13' title="bbox 61 1045 850 1103; baseline 0 -16"><span class='ocrx_word' id='word_1_107' title='bbox 61 1060 97 1103; x_wconf 92' lang='lat' dir='ltr'>pus</span> <span class='ocrx_word' id='word_1_108' title='bbox 110 1046 134 1088; x_wconf 92' lang='lat' dir='ltr'>de</span> <span class='ocrx_word' id='word_1_109' title='bbox 148 1045 203 1088; x_wconf 87' lang='lat' dir='ltr'>bisce</span> <span class='ocrx_word' id='word_1_110' title='bbox 218 1045 343 1102; x_wconf 85' lang='lat' dir='ltr'>dogmatibus</span> <span class='ocrx_word' id='word_1_111' title='bbox 358 1059 440 1087; x_wconf 87' lang='lat' dir='ltr'>nrovere</span> <span class='ocrx_word' id='word_1_112' title='bbox 456 1045 574 1098; x_wconf 91' lang='lat' dir='ltr'>voluerunt,</span> <span class='ocrx_word' id='word_1_113' title='bbox 598 1058 663 1101; x_wconf 90' lang='lat' dir='ltr'>neque</span> <span class='ocrx_word' id='word_1_114' title='bbox 679 1052 713 1087; x_wconf 90' lang='lat' dir='ltr'>ant</span> <span class='ocrx_word' id='word_1_115' title='bbox 727 1046 850 1098; x_wconf 89' lang='lat' dir='ltr'>affirmando,</span> 
     </span>
     <span class='ocr_line' id='line_1_14' title="bbox 61 1112 851 1173; baseline 0 -15"><span class='ocrx_word' id='word_1_116' title='bbox 61 1122 95 1158; x_wconf 89' lang='lat' dir='ltr'>aut</span> <span class='ocrx_word' id='word_1_117' title='bbox 112 1115 203 1171; x_wconf 86' lang='lat' dir='ltr'>negando</span> <span class='ocrx_word' id='word_1_118' title='bbox 218 1114 380 1173; x_wconf 86' lang='lat' dir='ltr'>pronuntiarunt.</span> <span class='ocrx_word' id='word_1_119' title='bbox 412 1112 453 1158; x_wconf 90' lang='lat' dir='ltr'>Sed</span> <span class='ocrx_word' id='word_1_120' title='bbox 469 1112 588 1167; x_wconf 83' lang='lat' dir='ltr'>Seleuciae,</span> <span class='ocrx_word' id='word_1_121' title='bbox 609 1128 660 1170; x_wconf 91' lang='lat' dir='ltr'>quae</span> <span class='ocrx_word' id='word_1_122' title='bbox 676 1114 754 1171; x_wconf 79' lang='lat' dir='ltr'>Aspera</span> <span class='ocrx_word' id='word_1_123' title='bbox 771 1114 851 1168; x_wconf 90' lang='lat' dir='ltr'>dieitur,</span> 
     </span>
     <span class='ocr_line' id='line_1_15' title="bbox 62 1182 852 1242; baseline 0 -15"><span class='ocrx_word' id='word_1_124' title='bbox 62 1185 83 1227; x_wconf 93' lang='lat' dir='ltr'>iu</span> <span class='ocrx_word' id='word_1_125' title='bbox 96 1182 171 1227; x_wconf 83' lang='lat' dir='ltr'>isauria</span> <span class='ocrx_word' id='word_1_126' title='bbox 182 1182 296 1227; x_wconf 85' lang='lat' dir='ltr'>Constantii</span> <span class='ocrx_word' id='word_1_127' title='bbox 311 1184 438 1242; x_wconf 86' lang='lat' dir='ltr'>imperatoris</span> <span class='ocrx_word' id='word_1_128' title='bbox 450 1185 507 1227; x_wconf 90' lang='lat' dir='ltr'>iussu</span> <span class='ocrx_word' id='word_1_129' title='bbox 518 1185 635 1241; x_wconf 86' lang='lat' dir='ltr'>congregati</span> <span class='ocrx_word' id='word_1_130' title='bbox 645 1184 704 1227; x_wconf 88' lang='lat' dir='ltr'>aliam</span> <span class='ocrx_word' id='word_1_131' title='bbox 716 1184 761 1227; x_wconf 86' lang='lat' dir='ltr'>fidei</span> <span class='ocrx_word' id='word_1_132' title='bbox 777 1186 852 1227; x_wconf 56' lang='lat' dir='ltr'>ionnuss</span> 
     </span>
     <span class='ocr_line' id='line_1_16' title="bbox 61 1253 852 1312; baseline 0 -16"><span class='ocrx_word' id='word_1_133' title='bbox 61 1255 100 1297; x_wconf 85' lang='lat' dir='ltr'>iarn</span> <span class='ocrx_word' id='word_1_134' title='bbox 116 1262 240 1312; x_wconf 89' lang='lat' dir='ltr'>proponunt,</span> <span class='ocrx_word' id='word_1_135' title='bbox 263 1269 302 1297; x_wconf 91' lang='lat' dir='ltr'>non</span> <span class='ocrx_word' id='word_1_136' title='bbox 321 1255 398 1312; x_wconf 89' lang='lat' dir='ltr'>qualem</span> <span class='ocrx_word' id='word_1_137' title='bbox 414 1262 481 1312; x_wconf 90' lang='lat' dir='ltr'>patres</span> <span class='ocrx_word' id='word_1_138' title='bbox 497 1254 543 1296; x_wconf 91' lang='lat' dir='ltr'>olim</span> <span class='ocrx_word' id='word_1_139' title='bbox 556 1255 575 1296; x_wconf 92' lang='lat' dir='ltr'>in</span> <span class='ocrx_word' id='word_1_140' title='bbox 588 1253 681 1297; x_wconf 87' lang='lat' dir='ltr'>Nicaena</span> <span class='ocrx_word' id='word_1_141' title='bbox 694 1255 772 1312; x_wconf 86' lang='lat' dir='ltr'>synodo</span> <span class='ocrx_word' id='word_1_142' title='bbox 783 1254 852 1296; x_wconf 85' lang='lat' dir='ltr'>ortho-</span> 
     </span>
     <span class='ocr_line' id='line_1_17' title="bbox 61 1323 851 1381; baseline 0.001 -15"><span class='ocrx_word' id='word_1_143' title='bbox 61 1324 133 1366; x_wconf 86' lang='lat' dir='ltr'>doxam</span> <span class='ocrx_word' id='word_1_144' title='bbox 151 1338 175 1366; x_wconf 88' lang='lat' dir='ltr'>ao</span> <span class='ocrx_word' id='word_1_145' title='bbox 186 1325 308 1381; x_wconf 88' lang='lat' dir='ltr'>praeclaram</span> <span class='ocrx_word' id='word_1_146' title='bbox 325 1325 464 1376; x_wconf 87' lang='lat' dir='ltr'>instituerant,</span> <span class='ocrx_word' id='word_1_147' title='bbox 488 1325 523 1366; x_wconf 88' lang='lat' dir='ltr'>sed</span> <span class='ocrx_word' id='word_1_148' title='bbox 536 1323 607 1380; x_wconf 89' lang='lat' dir='ltr'>callide</span> <span class='ocrx_word' id='word_1_149' title='bbox 622 1339 645 1366; x_wconf 87' lang='lat' dir='ltr'>ac</span> <span class='ocrx_word' id='word_1_150' title='bbox 659 1324 703 1367; x_wconf 90' lang='lat' dir='ltr'>iicte</span> <span class='ocrx_word' id='word_1_151' title='bbox 719 1324 811 1367; x_wconf 90' lang='lat' dir='ltr'>simulata</span> <span class='ocrx_word' id='word_1_152' title='bbox 821 1331 851 1367; x_wconf 91' lang='lat' dir='ltr'>ta-</span> 
     </span>
     <span class='ocr_line' id='line_1_18' title="bbox 61 1393 646 1451; baseline 0 -16"><span class='ocrx_word' id='word_1_153' title='bbox 61 1407 106 1435; x_wconf 88' lang='lat' dir='ltr'>men</span> <span class='ocrx_word' id='word_1_154' title='bbox 122 1393 261 1451; x_wconf 88' lang='lat' dir='ltr'>simplicitate,</span> <span class='ocrx_word' id='word_1_155' title='bbox 277 1395 331 1436; x_wconf 89' lang='lat' dir='ltr'>lurae</span> <span class='ocrx_word' id='word_1_156' title='bbox 345 1394 365 1435; x_wconf 93' lang='lat' dir='ltr'>iu</span> <span class='ocrx_word' id='word_1_157' title='bbox 381 1394 460 1436; x_wconf 89' lang='lat' dir='ltr'>modum</span> <span class='ocrx_word' id='word_1_158' title='bbox 476 1393 646 1449; x_wconf 81' lang='lat' dir='ltr'>conscripserunt.</span> 
     </span>
     <span class='ocr_line' id='line_1_19' title="bbox 118 1456 921 1520; baseline 0.001 -17"><span class='ocrx_word' id='word_1_159' title='bbox 118 1459 225 1505; x_wconf 84' lang='lat' dir='ltr'>Credimus</span> <span class='ocrx_word' id='word_1_160' title='bbox 235 1462 256 1505; x_wconf 91' lang='lat' dir='ltr'>in</span> <span class='ocrx_word' id='word_1_161' title='bbox 268 1478 328 1505; x_wconf 88' lang='lat' dir='ltr'>uuam</span> <span class='ocrx_word' id='word_1_162' title='bbox 340 1456 411 1515; x_wconf 81' lang='lat' dir='ltr'>deum,</span> <span class='ocrx_word' id='word_1_163' title='bbox 427 1470 504 1519; x_wconf 87' lang='lat' dir='ltr'>patrem</span> <span class='ocrx_word' id='word_1_164' title='bbox 516 1462 673 1520; x_wconf 89' lang='lat' dir='ltr'>omnipotentem</span> <span class='ocrx_word' id='word_1_165' title='bbox 687 1470 740 1515; x_wconf 74' lang='lat' dir='ltr'>etc,</span> <span class='ocrx_word' id='word_1_166' title='bbox 762 1470 783 1504; x_wconf 88' lang='lat' dir='ltr'>et</span> <span class='ocrx_word' id='word_1_167' title='bbox 796 1463 817 1504; x_wconf 91' lang='lat' dir='ltr'>in</span> <span class='ocrx_word' id='word_1_168' title='bbox 828 1463 850 1504; x_wconf 88' lang='lat' dir='ltr'>[i-</span> <span class='ocrx_word' id='word_1_169' title='bbox 880 1471 921 1515; x_wconf 78' lang='lat' dir='ltr'>cap.</span> 
     </span>
     <span class='ocr_line' id='line_1_20' title="bbox 20 1517 940 1593; baseline -0.001 -19"><span class='ocrx_word' id='word_1_170' title='bbox 20 1590 21 1593; x_wconf 11' lang='grc' dir='ltr'><strong>Ἴ</strong></span> <span class='ocrx_word' id='word_1_171' title='bbox 61 1531 108 1574; x_wconf 89' lang='lat' dir='ltr'>iiam</span> <span class='ocrx_word' id='word_1_172' title='bbox 126 1531 158 1573; x_wconf 94' lang='lat' dir='ltr'>dei</span> <span class='ocrx_word' id='word_1_173' title='bbox 174 1538 227 1584; x_wconf 90' lang='lat' dir='ltr'>etc.‚</span> <span class='ocrx_word' id='word_1_174' title='bbox 251 1532 378 1589; x_wconf 87' lang='lat' dir='ltr'>simpliciter,</span> <span class='ocrx_word' id='word_1_175' title='bbox 400 1546 424 1573; x_wconf 89' lang='lat' dir='ltr'>ae</span> <span class='ocrx_word' id='word_1_176' title='bbox 442 1532 489 1574; x_wconf 92' lang='lat' dir='ltr'>nibil</span> <span class='ocrx_word' id='word_1_177' title='bbox 507 1531 646 1573; x_wconf 88' lang='lat' dir='ltr'>vehementius</span> <span class='ocrx_word' id='word_1_178' title='bbox 663 1532 744 1574; x_wconf 90' lang='lat' dir='ltr'>elocuti.</span> <span class='ocrx_word' id='word_1_179' title='bbox 771 1530 851 1574; x_wconf 56' lang='lat' dir='ltr'>‘Postea</span> <span class='ocrx_word' id='word_1_180' title='bbox 873 1517 940 1552; x_wconf 70' lang='lat' dir='ltr'>XXW·</span> 
     </span>
     <span class='ocr_line' id='line_1_21' title="bbox 62 1598 851 1657; baseline 0 -15"><span class='ocrx_word' id='word_1_181' title='bbox 62 1614 112 1642; x_wconf 89' lang='lat' dir='ltr'>vero</span> <span class='ocrx_word' id='word_1_182' title='bbox 125 1607 186 1643; x_wconf 87' lang='lat' dir='ltr'>totam</span> <span class='ocrx_word' id='word_1_183' title='bbox 199 1608 220 1642; x_wconf 90' lang='lat' dir='ltr'>ut</span> <span class='ocrx_word' id='word_1_184' title='bbox 233 1600 317 1643; x_wconf 89' lang='lat' dir='ltr'>iabuiam</span> <span class='ocrx_word' id='word_1_185' title='bbox 331 1607 427 1657; x_wconf 88' lang='lat' dir='ltr'>agerent,</span> <span class='ocrx_word' id='word_1_186' title='bbox 443 1601 574 1653; x_wconf 88' lang='lat' dir='ltr'>addiderunt,</span> <span class='ocrx_word' id='word_1_187' title='bbox 591 1598 768 1644; x_wconf 82' lang='lat' dir='ltr'>Cousubstantiaie</span> <span class='ocrx_word' id='word_1_188' title='bbox 784 1600 851 1643; x_wconf 89' lang='lat' dir='ltr'>reiici-</span> 
     </span>
     <span class='ocr_line' id='line_1_22' title="bbox 61 1668 851 1725; baseline 0.001 -15"><span class='ocrx_word' id='word_1_189' title='bbox 61 1683 116 1723; x_wconf 87' lang='lat' dir='ltr'>mus‚</span> <span class='ocrx_word' id='word_1_190' title='bbox 133 1676 225 1725; x_wconf 88' lang='lat' dir='ltr'>tanquam</span> <span class='ocrx_word' id='word_1_191' title='bbox 238 1684 248 1711; x_wconf 94' lang='lat' dir='ltr'>a</span> <span class='ocrx_word' id='word_1_192' title='bbox 259 1670 322 1712; x_wconf 86' lang='lat' dir='ltr'>sacris</span> <span class='ocrx_word' id='word_1_193' title='bbox 334 1670 398 1713; x_wconf 91' lang='lat' dir='ltr'>literis</span> <span class='ocrx_word' id='word_1_194' title='bbox 409 1670 504 1713; x_wconf 87' lang='lat' dir='ltr'>alienum.</span> <span class='ocrx_word' id='word_1_195' title='bbox 536 1668 590 1712; x_wconf 89' lang='lat' dir='ltr'>istud</span> <span class='ocrx_word' id='word_1_196' title='bbox 602 1683 652 1712; x_wconf 91' lang='lat' dir='ltr'>vcro</span> <span class='ocrx_word' id='word_1_197' title='bbox 664 1670 794 1721; x_wconf 86' lang='lat' dir='ltr'>damnamus,</span> <span class='ocrx_word' id='word_1_198' title='bbox 811 1669 851 1711; x_wconf 90' lang='lat' dir='ltr'>dis-</span> 
     </span>
     <span class='ocr_line' id='line_1_23' title="bbox 61 1737 851 1796; baseline -0.001 -14"><span class='ocrx_word' id='word_1_199' title='bbox 61 1737 145 1782; x_wconf 85' lang='lat' dir='ltr'>similem</span> <span class='ocrx_word' id='word_1_200' title='bbox 156 1752 202 1781; x_wconf 90' lang='lat' dir='ltr'>esse</span> <span class='ocrx_word' id='word_1_201' title='bbox 214 1738 275 1796; x_wconf 90' lang='lat' dir='ltr'>patris</span> <span class='ocrx_word' id='word_1_202' title='bbox 290 1739 359 1781; x_wconf 89' lang='lat' dir='ltr'>lilium.</span> <span class='ocrx_word' id='word_1_203' title='bbox 391 1739 459 1795; x_wconf 81' lang='lat' dir='ltr'>Atque</span> <span class='ocrx_word' id='word_1_204' title='bbox 471 1739 520 1780; x_wconf 88' lang='lat' dir='ltr'>baec</span> <span class='ocrx_word' id='word_1_205' title='bbox 533 1739 610 1780; x_wconf 86' lang='lat' dir='ltr'>demum</span> <span class='ocrx_word' id='word_1_206' title='bbox 623 1746 666 1780; x_wconf 90' lang='lat' dir='ltr'>erat</span> <span class='ocrx_word' id='word_1_207' title='bbox 678 1738 851 1781; x_wconf 87' lang='lat' dir='ltr'>callidissimcrum</span> 
     </span>
     <span class='ocr_line' id='line_1_24' title="bbox 60 1807 852 1861; baseline 0 -11"><span class='ocrx_word' id='word_1_208' title='bbox 60 1815 178 1850; x_wconf 84' lang='lat' dir='ltr'>venatorum</span> <span class='ocrx_word' id='word_1_209' title='bbox 196 1808 299 1850; x_wconf 87' lang='lat' dir='ltr'>illecebra.</span> <span class='ocrx_word' id='word_1_210' title='bbox 330 1807 365 1851; x_wconf 88' lang='lat' dir='ltr'>Sie</span> <span class='ocrx_word' id='word_1_211' title='bbox 382 1809 435 1850; x_wconf 90' lang='lat' dir='ltr'>enim</span> <span class='ocrx_word' id='word_1_212' title='bbox 452 1807 505 1850; x_wconf 86' lang='lat' dir='ltr'>inter</span> <span class='ocrx_word' id='word_1_213' title='bbox 523 1821 569 1850; x_wconf 86' lang='lat' dir='ltr'>sese</span> <span class='ocrx_word' id='word_1_214' title='bbox 586 1807 729 1861; x_wconf 86' lang='lat' dir='ltr'>mussitabant,</span> <span class='ocrx_word' id='word_1_215' title='bbox 752 1821 776 1849; x_wconf 88' lang='lat' dir='ltr'>ae</span> <span class='ocrx_word' id='word_1_216' title='bbox 792 1808 852 1850; x_wconf 90' lang='lat' dir='ltr'>doee-</span> 
     </span>
     <span class='ocr_line' id='line_1_25' title="bbox 61 1874 851 1933; baseline 0 -14"><span class='ocrx_word' id='word_1_217' title='bbox 61 1877 119 1919; x_wconf 71' lang='lat' dir='ltr'>bantt</span> <span class='ocrx_word' id='word_1_218' title='bbox 136 1874 235 1919; x_wconf 79' lang='lat' dir='ltr'>Creatura</span> <span class='ocrx_word' id='word_1_219' title='bbox 246 1877 324 1933; x_wconf 88' lang='lat' dir='ltr'>quidem</span> <span class='ocrx_word' id='word_1_220' title='bbox 338 1884 369 1919; x_wconf 93' lang='lat' dir='ltr'>est</span> <span class='ocrx_word' id='word_1_221' title='bbox 379 1877 410 1919; x_wconf 93' lang='lat' dir='ltr'>dei</span> <span class='ocrx_word' id='word_1_222' title='bbox 423 1877 486 1930; x_wconf 79' lang='lat' dir='ltr'>iilius3</span> <span class='ocrx_word' id='word_1_223' title='bbox 509 1877 545 1919; x_wconf 91' lang='lat' dir='ltr'>sed</span> <span class='ocrx_word' id='word_1_224' title='bbox 557 1876 627 1919; x_wconf 88' lang='lat' dir='ltr'>similis</span> <span class='ocrx_word' id='word_1_225' title='bbox 642 1878 704 1933; x_wconf 89' lang='lat' dir='ltr'>patri,</span> <span class='ocrx_word' id='word_1_226' title='bbox 721 1891 745 1919; x_wconf 88' lang='lat' dir='ltr'>en</span> <span class='ocrx_word' id='word_1_227' title='bbox 758 1876 851 1920; x_wconf 81' lang='lat' dir='ltr'>uidelicet</span> 
     </span>
     <span class='ocr_line' id='line_1_26' title="bbox 61 1945 852 2002; baseline 0.001 -14"><span class='ocrx_word' id='word_1_228' title='bbox 61 1961 122 1989; x_wconf 90' lang='lat' dir='ltr'>seusu</span> <span class='ocrx_word' id='word_1_229' title='bbox 136 1946 169 2002; x_wconf 93' lang='lat' dir='ltr'>qui</span> <span class='ocrx_word' id='word_1_230' title='bbox 179 1946 266 1988; x_wconf 87' lang='lat' dir='ltr'>onmium</span> <span class='ocrx_word' id='word_1_231' title='bbox 276 1946 376 1988; x_wconf 88' lang='lat' dir='ltr'>bominum</span> <span class='ocrx_word' id='word_1_232' title='bbox 388 1960 426 1989; x_wconf 88' lang='lat' dir='ltr'>usu</span> <span class='ocrx_word' id='word_1_233' title='bbox 436 1961 460 1988; x_wconf 86' lang='lat' dir='ltr'>ac</span> <span class='ocrx_word' id='word_1_234' title='bbox 470 1946 615 1988; x_wconf 88' lang='lat' dir='ltr'>consuetudine</span> <span class='ocrx_word' id='word_1_235' title='bbox 627 1945 730 1989; x_wconf 86' lang='lat' dir='ltr'>familiaris</span> <span class='ocrx_word' id='word_1_236' title='bbox 741 1953 780 1988; x_wconf 74' lang='lat' dir='ltr'>est,</span> <span class='ocrx_word' id='word_1_237' title='bbox 802 1945 852 1989; x_wconf 87' lang='lat' dir='ltr'>Ete-</span> 
     </span>
     <span class='ocr_line' id='line_1_27' title="bbox 61 2015 852 2073; baseline 0 -15"><span class='ocrx_word' id='word_1_238' title='bbox 61 2016 101 2058; x_wconf 91' lang='lat' dir='ltr'>nim</span> <span class='ocrx_word' id='word_1_239' title='bbox 113 2016 189 2073; x_wconf 87' lang='lat' dir='ltr'>piastae</span> <span class='ocrx_word' id='word_1_240' title='bbox 203 2022 279 2057; x_wconf 91' lang='lat' dir='ltr'>statuas</span> <span class='ocrx_word' id='word_1_241' title='bbox 288 2015 394 2069; x_wconf 84' lang='lat' dir='ltr'>effingunt,</span> <span class='ocrx_word' id='word_1_242' title='bbox 418 2029 441 2056; x_wconf 88' lang='lat' dir='ltr'>ac</span> <span class='ocrx_word' id='word_1_243' title='bbox 451 2015 556 2056; x_wconf 88' lang='lat' dir='ltr'>sinmiacra</span> <span class='ocrx_word' id='word_1_244' title='bbox 567 2029 595 2056; x_wconf 86' lang='lat' dir='ltr'>ex</span> <span class='ocrx_word' id='word_1_245' title='bbox 606 2029 667 2067; x_wconf 91' lang='lat' dir='ltr'>auro,</span> <span class='ocrx_word' id='word_1_246' title='bbox 689 2023 785 2068; x_wconf 82' lang='lat' dir='ltr'>argento,</span> <span class='ocrx_word' id='word_1_247' title='bbox 802 2015 852 2058; x_wconf 90' lang='lat' dir='ltr'>alia·</span> 
     </span>
     <span class='ocr_line' id='line_1_28' title="bbox 61 2077 851 2139; baseline -0.001 -12"><span class='ocrx_word' id='word_1_248' title='bbox 61 2099 87 2127; x_wconf 84' lang='lat' dir='ltr'>re</span> <span class='ocrx_word' id='word_1_249' title='bbox 98 2084 192 2135; x_wconf 87' lang='lat' dir='ltr'>materia,</span> <span class='ocrx_word' id='word_1_250' title='bbox 214 2090 247 2125; x_wconf 88' lang='lat' dir='ltr'>aut</span> <span class='ocrx_word' id='word_1_251' title='bbox 263 2077 364 2125; x_wconf 85' lang='lat' dir='ltr'>coloribus</span> <span class='ocrx_word' id='word_1_252' title='bbox 379 2082 399 2124; x_wconf 95' lang='lat' dir='ltr'>in</span> <span class='ocrx_word' id='word_1_253' title='bbox 415 2083 468 2139; x_wconf 85' lang='lat' dir='ltr'>ligno</span> <span class='ocrx_word' id='word_1_254' title='bbox 483 2084 611 2139; x_wconf 78' lang='lat' dir='ltr'>exprimuut3</span> <span class='ocrx_word' id='word_1_255' title='bbox 635 2098 685 2139; x_wconf 92' lang='lat' dir='ltr'>quae</span> <span class='ocrx_word' id='word_1_256' title='bbox 702 2084 851 2126; x_wconf 88' lang='lat' dir='ltr'>similitudinem</span> 
     </span>
     <span class='ocr_line' id='line_1_29' title="bbox 62 2151 851 2208; baseline -0.003 -13"><span class='ocrx_word' id='word_1_257' title='bbox 62 2153 135 2196; x_wconf 87' lang='lat' dir='ltr'>babent</span> <span class='ocrx_word' id='word_1_258' title='bbox 146 2153 178 2195; x_wconf 90' lang='lat' dir='ltr'>ilia</span> <span class='ocrx_word' id='word_1_259' title='bbox 188 2152 279 2208; x_wconf 90' lang='lat' dir='ltr'>quidem,</span> <span class='ocrx_word' id='word_1_260' title='bbox 301 2151 449 2208; x_wconf 82' lang='lat' dir='ltr'>exemplaribus</span> <span class='ocrx_word' id='word_1_261' title='bbox 465 2166 514 2193; x_wconf 87' lang='lat' dir='ltr'>vero</span> <span class='ocrx_word' id='word_1_262' title='bbox 530 2151 572 2193; x_wconf 89' lang='lat' dir='ltr'>suis</span> <span class='ocrx_word' id='word_1_263' title='bbox 584 2151 638 2194; x_wconf 94' lang='lat' dir='ltr'>nullo</span> <span class='ocrx_word' id='word_1_264' title='bbox 651 2152 710 2193; x_wconf 89' lang='lat' dir='ltr'>modo</span> <span class='ocrx_word' id='word_1_265' title='bbox 720 2159 767 2194; x_wconf 84' lang='lat' dir='ltr'>surrt</span> <span class='ocrx_word' id='word_1_266' title='bbox 778 2166 851 2208; x_wconf 91' lang='lat' dir='ltr'>aequa·</span> 
     </span>
     <span class='ocr_line' id='line_1_30' title="bbox 63 2220 851 2277; baseline -0.001 -13"><span class='ocrx_word' id='word_1_267' title='bbox 63 2222 96 2264; x_wconf 92' lang='lat' dir='ltr'>iia.</span> <span class='ocrx_word' id='word_1_268' title='bbox 128 2220 163 2264; x_wconf 84' lang='lat' dir='ltr'>Sin</span> <span class='ocrx_word' id='word_1_269' title='bbox 179 2221 257 2263; x_wconf 88' lang='lat' dir='ltr'>abillis</span> <span class='ocrx_word' id='word_1_270' title='bbox 274 2220 344 2262; x_wconf 88' lang='lat' dir='ltr'>callide</span> <span class='ocrx_word' id='word_1_271' title='bbox 359 2221 450 2277; x_wconf 87' lang='lat' dir='ltr'>quiddam</span> <span class='ocrx_word' id='word_1_272' title='bbox 466 2221 603 2277; x_wconf 85' lang='lat' dir='ltr'>excogitatum</span> <span class='ocrx_word' id='word_1_273' title='bbox 619 2228 650 2263; x_wconf 89' lang='lat' dir='ltr'>est</span> <span class='ocrx_word' id='word_1_274' title='bbox 668 2220 816 2272; x_wconf 86' lang='lat' dir='ltr'>huiusmodiut</span> <span class='ocrx_word' id='word_1_275' title='bbox 829 2222 851 2263; x_wconf 91' lang='lat' dir='ltr'>ii-</span> 
     </span>
     <span class='ocr_line' id='line_1_31' title="bbox 62 2289 851 2347; baseline -0.003 -14"><span class='ocrx_word' id='word_1_276' title='bbox 62 2291 109 2333; x_wconf 91' lang='lat' dir='ltr'>lium</span> <span class='ocrx_word' id='word_1_277' title='bbox 121 2291 172 2347; x_wconf 89' lang='lat' dir='ltr'>patri</span> <span class='ocrx_word' id='word_1_278' title='bbox 184 2290 269 2331; x_wconf 86' lang='lat' dir='ltr'>similem</span> <span class='ocrx_word' id='word_1_279' title='bbox 282 2304 328 2331; x_wconf 89' lang='lat' dir='ltr'>esse</span> <span class='ocrx_word' id='word_1_280' title='bbox 341 2290 463 2340; x_wconf 81' lang='lat' dir='ltr'>faterentur,</span> <span class='ocrx_word' id='word_1_281' title='bbox 485 2289 533 2331; x_wconf 91' lang='lat' dir='ltr'>iicet</span> <span class='ocrx_word' id='word_1_282' title='bbox 544 2289 591 2331; x_wconf 89' lang='lat' dir='ltr'>nibil</span> <span class='ocrx_word' id='word_1_283' title='bbox 603 2290 678 2345; x_wconf 89' lang='lat' dir='ltr'>inipso</span> <span class='ocrx_word' id='word_1_284' title='bbox 692 2297 788 2347; x_wconf 90' lang='lat' dir='ltr'>paternae</span> <span class='ocrx_word' id='word_1_285' title='bbox 800 2290 851 2332; x_wconf 86' lang='lat' dir='ltr'>divi-</span> 
     </span>
     <span class='ocr_line' id='line_1_32' title="bbox 62 2357 851 2415; baseline -0.001 -14"><span class='ocrx_word' id='word_1_286' title='bbox 62 2360 130 2402; x_wconf 88' lang='lat' dir='ltr'>nitatis</span> <span class='ocrx_word' id='word_1_287' title='bbox 138 2358 222 2401; x_wconf 89' lang='lat' dir='ltr'>inesset.</span> <span class='ocrx_word' id='word_1_288' title='bbox 256 2357 310 2400; x_wconf 88' lang='lat' dir='ltr'>liaeo</span> <span class='ocrx_word' id='word_1_289' title='bbox 321 2359 399 2400; x_wconf 89' lang='lat' dir='ltr'>iliorum</span> <span class='ocrx_word' id='word_1_290' title='bbox 411 2359 492 2400; x_wconf 90' lang='lat' dir='ltr'>decreta</span> <span class='ocrx_word' id='word_1_291' title='bbox 504 2358 605 2410; x_wconf 90' lang='lat' dir='ltr'>nonnulii,</span> <span class='ocrx_word' id='word_1_292' title='bbox 622 2359 654 2415; x_wconf 91' lang='lat' dir='ltr'>qui</span> <span class='ocrx_word' id='word_1_293' title='bbox 668 2374 713 2401; x_wconf 88' lang='lat' dir='ltr'>cum</span> <span class='ocrx_word' id='word_1_294' title='bbox 724 2359 773 2415; x_wconf 90' lang='lat' dir='ltr'>ipsis</span> <span class='ocrx_word' id='word_1_295' title='bbox 785 2366 851 2412; x_wconf 88' lang='lat' dir='ltr'>erant,</span> 
     </span>
     <span class='ocr_line' id='line_1_33' title="bbox 61 2426 852 2486; baseline 0.001 -17"><span class='ocrx_word' id='word_1_296' title='bbox 61 2427 132 2486; x_wconf 88' lang='lat' dir='ltr'>partim</span> <span class='ocrx_word' id='word_1_297' title='bbox 143 2434 225 2484; x_wconf 87' lang='lat' dir='ltr'>propter</span> <span class='ocrx_word' id='word_1_298' title='bbox 235 2427 330 2484; x_wconf 87' lang='lat' dir='ltr'>temporis</span> <span class='ocrx_word' id='word_1_299' title='bbox 342 2426 473 2469; x_wconf 90' lang='lat' dir='ltr'>calamitatem</span> <span class='ocrx_word' id='word_1_300' title='bbox 485 2427 631 2483; x_wconf 89' lang='lat' dir='ltr'>approbarunt,</span> <span class='ocrx_word' id='word_1_301' title='bbox 648 2434 669 2468; x_wconf 90' lang='lat' dir='ltr'>et</span> <span class='ocrx_word' id='word_1_302' title='bbox 680 2441 729 2470; x_wconf 89' lang='lat' dir='ltr'>vero</span> <span class='ocrx_word' id='word_1_303' title='bbox 740 2442 812 2484; x_wconf 82' lang='lat' dir='ltr'>magna</span> <span class='ocrx_word' id='word_1_304' title='bbox 825 2443 852 2470; x_wconf 88' lang='lat' dir='ltr'>ex</span> 
     </span>
     <span class='ocr_line' id='line_1_34' title="bbox 62 2493 853 2554; baseline 0.001 -16"><span class='ocrx_word' id='word_1_305' title='bbox 62 2503 119 2554; x_wconf 88' lang='lat' dir='ltr'>parte</span> <span class='ocrx_word' id='word_1_306' title='bbox 130 2495 205 2538; x_wconf 79' lang='lat' dir='ltr'>coruscii</span> <span class='ocrx_word' id='word_1_307' title='bbox 219 2511 243 2537; x_wconf 91' lang='lat' dir='ltr'>ae</span> <span class='ocrx_word' id='word_1_308' title='bbox 258 2496 346 2537; x_wconf 87' lang='lat' dir='ltr'>lautores</span> <span class='ocrx_word' id='word_1_309' title='bbox 358 2503 423 2537; x_wconf 89' lang='lat' dir='ltr'>eraut.</span> <span class='ocrx_word' id='word_1_310' title='bbox 455 2493 540 2552; x_wconf 81' lang='lat' dir='ltr'>Quidam</span> <span class='ocrx_word' id='word_1_311' title='bbox 556 2503 622 2538; x_wconf 88' lang='lat' dir='ltr'>tamon</span> <span class='ocrx_word' id='word_1_312' title='bbox 637 2496 695 2538; x_wconf 91' lang='lat' dir='ltr'>inscii</span> <span class='ocrx_word' id='word_1_313' title='bbox 707 2503 728 2537; x_wconf 91' lang='lat' dir='ltr'>et</span> <span class='ocrx_word' id='word_1_314' title='bbox 738 2496 853 2552; x_wconf 91' lang='lat' dir='ltr'>impruden-</span> 
     </span>
     <span class='ocr_line' id='line_1_35' title="bbox 7 2563 852 2621; baseline 0.001 -14"><span class='ocrx_word' id='word_1_315' title='bbox 7 2578 8 2581; x_wconf 72' lang='grc'>’</span> <span class='ocrx_word' id='word_1_316' title='bbox 63 2573 94 2607; x_wconf 91' lang='lat' dir='ltr'>tes</span> <span class='ocrx_word' id='word_1_317' title='bbox 113 2565 189 2621; x_wconf 89' lang='lat' dir='ltr'>abrepti</span> <span class='ocrx_word' id='word_1_318' title='bbox 206 2571 264 2615; x_wconf 90' lang='lat' dir='ltr'>suut,</span> <span class='ocrx_word' id='word_1_319' title='bbox 288 2571 309 2606; x_wconf 90' lang='lat' dir='ltr'>ut</span> <span class='ocrx_word' id='word_1_320' title='bbox 325 2565 384 2621; x_wconf 90' lang='lat' dir='ltr'>paulo</span> <span class='ocrx_word' id='word_1_321' title='bbox 399 2572 444 2621; x_wconf 90' lang='lat' dir='ltr'>post</span> <span class='ocrx_word' id='word_1_322' title='bbox 457 2565 555 2621; x_wconf 87' lang='lat' dir='ltr'>apparuit.</span> <span class='ocrx_word' id='word_1_323' title='bbox 585 2563 650 2606; x_wconf 90' lang='lat' dir='ltr'>Erant</span> <span class='ocrx_word' id='word_1_324' title='bbox 667 2565 720 2607; x_wconf 90' lang='lat' dir='ltr'>enim</span> <span class='ocrx_word' id='word_1_325' title='bbox 738 2564 852 2608; x_wconf 91' lang='lat' dir='ltr'>interillos</span> 
     </span>
     <span class='ocr_line' id='line_1_36' title="bbox 63 2632 853 2689; baseline 0.001 -13"><span class='ocrx_word' id='word_1_326' title='bbox 63 2633 190 2689; x_wconf 87' lang='lat' dir='ltr'>Patropbilus</span> <span class='ocrx_word' id='word_1_327' title='bbox 203 2632 392 2689; x_wconf 73' lang='lat' dir='ltr'>scythopolitanus,</span> <span class='ocrx_word' id='word_1_328' title='bbox 408 2641 429 2675; x_wconf 88' lang='lat' dir='ltr'>et</span> <span class='ocrx_word' id='word_1_329' title='bbox 439 2632 554 2689; x_wconf 85' lang='lat' dir='ltr'>Phiiippus,</span> <span class='ocrx_word' id='word_1_330' title='bbox 572 2633 604 2689; x_wconf 96' lang='lat' dir='ltr'>qui</span> <span class='ocrx_word' id='word_1_331' title='bbox 618 2633 675 2676; x_wconf 89' lang='lat' dir='ltr'>buius</span> <span class='ocrx_word' id='word_1_332' title='bbox 686 2648 793 2676; x_wconf 88' lang='lat' dir='ltr'>successor</span> <span class='ocrx_word' id='word_1_333' title='bbox 805 2649 853 2677; x_wconf 87' lang='lat' dir='ltr'>eon-</span> 
     </span>
     <span class='ocr_line' id='line_1_37' title="bbox 64 2701 853 2759; baseline 0.003 -16"><span class='ocrx_word' id='word_1_334' title='bbox 64 2703 145 2744; x_wconf 89' lang='lat' dir='ltr'>stitutus</span> <span class='ocrx_word' id='word_1_335' title='bbox 156 2701 197 2743; x_wconf 90' lang='lat' dir='ltr'>illie</span> <span class='ocrx_word' id='word_1_336' title='bbox 210 2702 285 2754; x_wconf 87' lang='lat' dir='ltr'>iuerat,</span> <span class='ocrx_word' id='word_1_337' title='bbox 307 2715 352 2742; x_wconf 88' lang='lat' dir='ltr'>eum</span> <span class='ocrx_word' id='word_1_338' title='bbox 365 2701 408 2743; x_wconf 89' lang='lat' dir='ltr'>aliis</span> <span class='ocrx_word' id='word_1_339' title='bbox 422 2702 533 2758; x_wconf 86' lang='lat' dir='ltr'>plerisque,</span> <span class='ocrx_word' id='word_1_340' title='bbox 556 2703 588 2757; x_wconf 90' lang='lat' dir='ltr'>qui</span> <span class='ocrx_word' id='word_1_341' title='bbox 602 2702 652 2744; x_wconf 87' lang='lat' dir='ltr'>bane</span> <span class='ocrx_word' id='word_1_342' title='bbox 668 2702 766 2746; x_wconf 87' lang='lat' dir='ltr'>baeresim</span> <span class='ocrx_word' id='word_1_343' title='bbox 778 2703 853 2759; x_wconf 90' lang='lat' dir='ltr'>ampie-</span> 
     </span>
     <span class='ocr_line' id='line_1_38' title="bbox 63 2769 852 2828; baseline 0 -15"><span class='ocrx_word' id='word_1_344' title='bbox 63 2770 175 2813; x_wconf 90' lang='lat' dir='ltr'>otebantur.</span> <span class='ocrx_word' id='word_1_345' title='bbox 208 2769 272 2812; x_wconf 88' lang='lat' dir='ltr'>Hodie</span> <span class='ocrx_word' id='word_1_346' title='bbox 287 2783 336 2811; x_wconf 88' lang='lat' dir='ltr'>vero</span> <span class='ocrx_word' id='word_1_347' title='bbox 348 2777 393 2826; x_wconf 90' lang='lat' dir='ltr'>pest</span> <span class='ocrx_word' id='word_1_348' title='bbox 410 2770 490 2812; x_wconf 90' lang='lat' dir='ltr'>illorum</span> <span class='ocrx_word' id='word_1_349' title='bbox 505 2771 591 2823; x_wconf 84' lang='lat' dir='ltr'>obitum,</span> <span class='ocrx_word' id='word_1_350' title='bbox 614 2772 647 2813; x_wconf 94' lang='lat' dir='ltr'>ubi</span> <span class='ocrx_word' id='word_1_351' title='bbox 660 2771 747 2828; x_wconf 86' lang='lat' dir='ltr'>ipsorum</span> <span class='ocrx_word' id='word_1_352' title='bbox 761 2772 852 2828; x_wconf 87' lang='lat' dir='ltr'>impietas</span> 
     </span>
     <span class='ocr_line' id='line_1_39' title="bbox 63 2839 853 2895; baseline 0.001 -14"><span class='ocrx_word' id='word_1_353' title='bbox 63 2840 123 2895; x_wconf 88' lang='lat' dir='ltr'>longe</span> <span class='ocrx_word' id='word_1_354' title='bbox 135 2839 214 2895; x_wconf 90' lang='lat' dir='ltr'>iateque</span> <span class='ocrx_word' id='word_1_355' title='bbox 227 2845 346 2895; x_wconf 84' lang='lat' dir='ltr'>propagata,</span> <span class='ocrx_word' id='word_1_356' title='bbox 364 2839 466 2880; x_wconf 89' lang='lat' dir='ltr'>audaciam</span> <span class='ocrx_word' id='word_1_357' title='bbox 479 2854 503 2881; x_wconf 89' lang='lat' dir='ltr'>ae</span> <span class='ocrx_word' id='word_1_358' title='bbox 515 2839 614 2881; x_wconf 89' lang='lat' dir='ltr'>licentiam</span> <span class='ocrx_word' id='word_1_359' title='bbox 629 2842 717 2882; x_wconf 81' lang='lat' dir='ltr'>nartiac</span> <span class='ocrx_word' id='word_1_360' title='bbox 730 2841 796 2882; x_wconf 89' lang='lat' dir='ltr'>caruis</span> <span class='ocrx_word' id='word_1_361' title='bbox 807 2841 853 2883; x_wconf 86' lang='lat' dir='ltr'>bra-</span> 
     </span>
     <span class='ocr_line' id='line_1_40' title="bbox 63 2906 852 2967; baseline 0.001 -17"><span class='ocrx_word' id='word_1_362' title='bbox 63 2908 109 2950; x_wconf 85' lang='lat' dir='ltr'>ebio</span> <span class='ocrx_word' id='word_1_363' title='bbox 120 2908 178 2960; x_wconf 91' lang='lat' dir='ltr'>l&#39;reti,</span> <span class='ocrx_word' id='word_1_364' title='bbox 195 2908 247 2950; x_wconf 92' lang='lat' dir='ltr'>nulia</span> <span class='ocrx_word' id='word_1_365' title='bbox 259 2922 281 2949; x_wconf 89' lang='lat' dir='ltr'>rc</span> <span class='ocrx_word' id='word_1_366' title='bbox 294 2908 332 2948; x_wconf 88' lang='lat' dir='ltr'>iam</span> <span class='ocrx_word' id='word_1_367' title='bbox 345 2906 449 2960; x_wconf 90' lang='lat' dir='ltr'>obstante,</span> <span class='ocrx_word' id='word_1_368' title='bbox 472 2922 554 2964; x_wconf 91' lang='lat' dir='ltr'>quorum</span> <span class='ocrx_word' id='word_1_369' title='bbox 567 2909 672 2951; x_wconf 89' lang='lat' dir='ltr'>consilium</span> <span class='ocrx_word' id='word_1_370' title='bbox 682 2909 770 2951; x_wconf 91' lang='lat' dir='ltr'>inierant</span> <span class='ocrx_word' id='word_1_371' title='bbox 783 2917 852 2967; x_wconf 89' lang='lat' dir='ltr'>aperte</span> 
     </span>
    </p>
   </div>
   <div class='ocr_carea' id='block_1_3' title="bbox 63 3045 661 3091">
    <p class='ocr_par' dir='ltr' id='par_1_3' title="bbox 63 3045 661 3091">
     <span class='ocr_line' id='line_1_41' title="bbox 63 3045 661 3091; baseline 0 -12"><span class='ocrx_word' id='word_1_372' title='bbox 63 3056 113 3089; x_wconf 84' lang='lat' dir='ltr'>quom</span> <span class='ocrx_word' id='word_1_373' title='bbox 121 3050 162 3080; x_wconf 79' lang='lat' dir='ltr'>certe</span> <span class='ocrx_word' id='word_1_374' title='bbox 172 3047 268 3080; x_wconf 73' lang='lat' dir='ltr'>amariam</span> <span class='ocrx_word' id='word_1_375' title='bbox 279 3049 319 3080; x_wconf 85' lang='lat' dir='ltr'>reete</span> <span class='ocrx_word' id='word_1_376' title='bbox 329 3047 449 3087; x_wconf 77' lang='lat' dir='ltr'>interpretatum</span> <span class='ocrx_word' id='word_1_377' title='bbox 459 3056 492 3080; x_wconf 84' lang='lat' dir='ltr'>esse</span> <span class='ocrx_word' id='word_1_378' title='bbox 503 3048 549 3080; x_wconf 81' lang='lat' dir='ltr'>video</span> <span class='ocrx_word' id='word_1_379' title='bbox 560 3052 600 3091; x_wconf 85' lang='lat' dir='ltr'>post</span> <span class='ocrx_word' id='word_1_380' title='bbox 610 3045 661 3080; x_wconf 86' lang='lat' dir='ltr'>hune.</span> 
     </span>
    </p>
   </div>
   <div class='ocr_carea' id='block_1_4' title="bbox 0 0 998 3392">
    <p class='ocr_par' dir='ltr' id='par_1_4' title="bbox 0 0 998 3392">
     <span class='ocr_line' id='line_1_42' title="bbox 0 0 998 3392; baseline 0 0"><span class='ocrx_word' id='word_1_381' title='bbox 0 0 998 3392; x_wconf 95' lang='lat' dir='ltr'> </span> 
     </span>
    </p>
   </div>
  </div>
 </body>
</html>
