1988 3392
228 235 322 270 canaan
334 236 378 270 ete.
387 237 418 270 tu.
429 237 516 272 romu.
527 236 595 270 naun.
605 236 691 269 cxxix.
811 226 851 268 451

68 318 93 359 ad
106 314 173 358 lesum
191 330 284 371 magnum
299 316 423 358 sacerdotem
441 325 461 358 et
477 315 562 359 Esdram
579 316 717 366 sacerdotem,
738 321 777 356 etc.
808 313 854 355 Nec

68 399 154 440 unquam
169 385 241 426 mulier
256 384 369 427 sacerdotio
386 385 453 426 functa
468 385 548 440 legitur.

127 454 194 509 Atque
211 460 232 494 ut
249 453 273 494 ad
290 467 363 495 novum
379 459 518 494 testamentum
537 455 667 503 accedamus,
690 451 707 493 si
720 451 853 494 sacerdotium
867 451 907 495 ⁶³1³·
918 452 947 484 ¹¹¹·

69 521 185 564 mulieribus
201 521 314 563 mandatnm
331 522 395 573 foret,
421 528 455 563 aut
472 522 588 563 canonicum
607 521 698 578 quiddam
714 529 818 577 praestare
834 519 856 561 in

69 589 154 632 ecclesia
170 590 251 641 liceret,
269 589 320 631 nulli
337 590 471 646 potiusquam
483 587 562 631 Mariae
575 590 621 632 illud
634 591 655 633 in
669 604 723 632 novo
735 595 855 632 testamento

70 657 165 701 committi
181 658 292 700 sacerdotis
307 658 391 700 officinm
403 658 481 710 debuit,
503 658 534 700 cui
544 665 610 700 tantus
625 659 690 701 honor
702 665 734 699 est
745 658 824 699 habitus
835 664 857 698 nt

70 726 146 783 gremio
157 726 241 782 sinuque
252 741 289 768 sno
303 740 371 782 regern
385 726 471 768 omnium
484 740 508 767 ac
520 727 626 768 coelestem
640 728 698 768 deum
711 727 783 782 deique
796 726 856 767 lilium

71 795 183 852 exciperet.
214 792 278 837 Cuius
297 801 366 837 uterus
381 795 436 837 velut
452 796 544 851 templum
558 809 581 837 ac
594 795 713 837 domicilium
725 795 787 837 divini
799 793 857 836 verhi

70 864 227 906 incarnationem
244 863 341 919 singulari
358 871 390 905 est
400 862 522 918 benignitate
533 865 564 905 dei
580 879 652 919 magno
663 877 686 905 ac
701 864 798 921 stupendo
813 878 857 919 my-

71 933 133 976 sterio
146 940 283 989 praeparatus.
315 931 390 974 Verum
403 932 463 987 longe
476 933 513 974 deo
522 932 580 974 aliter
591 940 622 974 est
632 933 705 985 visum,
722 947 745 975 ac
758 947 782 975 ne
793 932 857 989 hapti-

72 1002 130 1044 zaudi
145 1002 223 1057 quidem
239 1008 327 1058 potestas
343 1008 374 1043 est
389 1001 416 1043 illi
427 1002 490 1053 facta3
511 1015 556 1043 cnm
568 1001 641 1057 alioqui
654 1002 702 1057 tingi
713 1001 738 1043 ah
752 1001 786 1043 illa
798 999 857 1043 Chri·

72 1078 115 1113 stus
131 1070 196 1128 potins
213 1085 271 1127 quam
289 1071 314 1112 ah
330 1069 406 1112 loauuc
422 1070 527 1125 potuisset.
559 1068 635 1112 Verum
648 1069 735 1112 loannes
745 1069 857 1112 Zachariae

72 1139 124 1182 lilius
140 1146 185 1196 post
199 1140 326 1181 commissum
341 1139 379 1181 sibi
392 1138 504 1196 baptizandi
518 1153 589 1181 munus
601 1139 625 1180 ad
642 1145 768 1195 peccatorum
784 1139 858 1180 condo·

73 1208 174 1251 natioucm
187 1209 248 1250 vitam
259 1209 280 1250 in
291 1207 398 1250 solitudine
410 1208 512 1261 traduxit,
533 1208 590 1250 cuius
602 1215 659 1264 pater
668 1208 801 1250 sacerdotium
813 1221 859 1263 ges-

73 1278 107 1330 sit,
124 1284 144 1319 et
154 1276 191 1319 sub
201 1277 269 1319 horam
279 1277 355 1319 suffitus
366 1277 432 1319 visum
443 1276 488 1319 hnic
498 1277 585 1319 oblatum
596 1285 634 1319 est.
665 1275 715 1320 Post
725 1277 774 1319 haec
785 1275 858 1319 Petrus

73 1354 94 1389 et
112 1346 217 1399 hrudreas,
240 1344 337 1398 lacobus,
359 1353 380 1387 et
397 1344 497 1397 loannes,
521 1344 634 1402 Philippus,
657 1353 678 1388 et
694 1344 857 1399 Bartholomens,

74 1416 204 1468 Thaddaeus,
217 1413 428 1471 etlacohusAlphaei‚
441 1412 609 1467 etludaslncohi‚
622 1422 641 1456 et
650 1413 720 1457 Simon
729 1413 857 1468 Cananaens,

73 1492 94 1527 et
103 1483 199 1527 Matthias
210 1484 233 1525 ad
245 1484 365 1540 supplendos
377 1482 480 1525 duodecim
492 1483 599 1535 suffectus3
615 1482 652 1536 illi,
668 1484 760 1540 inquam,
777 1499 855 1537 omnes,
881 1497 913 1525 aa.
923 1498 936 1526 1.

75 1561 95 1596 et
103 1552 186 1608 apostoli
198 1552 268 1594 delecti
281 1559 340 1604 sunt,
360 1567 383 1593 ac
393 1559 435 1593 toto
446 1559 544 1593 terrarum
553 1551 602 1593 orhe
612 1567 688 1593 sacrem
702 1556 800 1606 evangelii
812 1556 859 1608 fun·
867 1565 963 1603 nemisia.

75 1625 155 1663 ctionem
167 1624 339 1670 adnihistrcrunt,
356 1635 400 1662 cum
412 1619 474 1662 Paulo
485 1627 506 1662 et
517 1618 623 1672 Barnaha,
640 1635 663 1663 ac
674 1622 748 1663 ceteris
759 1622 859 1678 iidemque

76 1692 216 1747 mysteriorum
228 1696 321 1732 auctores
332 1696 392 1744 atque
403 1689 517 1731 conditores
528 1689 617 1741 luerunt,
633 1704 672 1731 uua
685 1704 728 1731 cum
741 1687 814 1732 laccho
825 1691 860 1732 do·

76 1760 123 1801 mini
136 1761 209 1810 fratre,
231 1759 294 1814 primo
308 1756 495 1814 Hierosolymorum
510 1757 603 1814 episcopo
608 1776 614 1810 3
635 1772 647 1799 a
661 1773 699 1813 quo
712 1766 733 1799 nt
747 1766 768 1799 et
780 1759 805 1800 ah
816 1758 861 1801 aliis

75 1842 125 1884 quos
133 1825 281 1871 numerauimus
288 1826 392 1882 apostolis,
404 1827 541 1883 episcoporum
549 1841 573 1868 ac
580 1826 742 1883 presbyterorum
749 1827 861 1870 successio-

75 1910 111 1939 nes
123 1895 200 1939 suntin
213 1896 272 1937 dome
283 1895 314 1937 dei
326 1896 453 1937 constitutae.
484 1893 529 1936 Nec
540 1895 647 1937 interillos
659 1902 727 1937 tamen
739 1896 810 1938 mulier
820 1896 861 1938 ulla

76 1972 167 2022 cooptata
178 1965 258 2020 tegitur.
288 1963 352 2005 Erant
361 1964 447 2019 quidem,
464 1971 485 2005 ut
496 1963 593 2019 scriptura
604 1970 680 2015 narrat,
696 1962 787 2020 Philippo
798 1978 860 2006 evan·
868 1979 901 2007 sot.
910 1978 933 2014 21,
942 1978 955 2006 a.

76 2034 160 2089 gelistae
171 2033 222 2075 filiae
235 2031 264 2074 lV
277 2031 425 2088 prophetissae,
443 2046 483 2072 uon
496 2038 562 2072 tamen
575 2032 699 2073 sacerdotes.
732 2031 830 2075 Similiter
842 2041 862 2075 et

77 2104 136 2144 Antra
154 2101 277 2158 prophetissa
294 2099 329 2142 luit
341 2098 449 2141 Phanuelis
466 2099 517 2151 lilia,
538 2114 578 2141 non
596 2107 661 2141 tamen
674 2101 787 2143 sacerdotio
803 2115 956 2158 prae-numae.

77 2171 125 2212 dita.
157 2168 235 2226 Quippe
246 2168 323 2224 impleri
337 2168 390 2210 istud
403 2168 508 2224 oportebat
518 2169 570 2224 quod
585 2176 616 2210 est
629 2168 736 2224 scriptum:
756 2172 862 2222 Propheta·
870 2183 926 2218 loeta,
935 2184 957 2212 ae.

78 2240 126 2280 bunt
134 2240 180 2293 filu·
193 2241 262 2287 electri,
286 2245 307 2278 et
314 2239 373 2290 filice
385 2245 459 2278 vestrae
471 2239 544 2278 scmnt'u
554 2238 685 2287 somniabunt,
702 2246 723 2278 et
731 2240 861 2279 adolescentes
870 2221 927 2289 saofi,
935 2254 958 2283 ru,

78 2311 139 2349 vestri
148 2310 229 2348 vascones
241 2307 337 2347 cauebant.
369 2305 493 2361 Quamquam
507 2319 556 2347 vero
572 2305 729 2348 diaconissarum
741 2307 761 2348 in
778 2307 864 2350 ecclesia

79 2377 128 2419 ordo
140 2376 177 2428 sit,
200 2390 240 2417 non
256 2383 321 2417 tamen
335 2375 360 2416 ad
372 2374 479 2417 sacerdotii
492 2375 626 2425 functionem,
648 2383 682 2416 aut
695 2375 754 2417 ullam
767 2377 864 2418 eiusmodi

79 2444 270 2488 administrationem
287 2443 389 2486 institutus
408 2450 451 2494 est,
475 2443 510 2484 sed
526 2449 548 2484 ut
563 2443 665 2485 muliebris
683 2458 745 2486 sexus
764 2445 865 2487 honestati

80 2513 207 2563 consulatur,
223 2512 266 2554 sive
278 2519 300 2553 ut
310 2511 401 2568 baptismi
413 2518 503 2567 tempore
517 2511 582 2562 adsit,
598 2512 642 2553 sive
652 2518 675 2553 ut
685 2511 778 2568 inspiciat
790 2513 865 2570 siquid

81 2596 139 2639 passa
150 2582 177 2623 sit
187 2588 221 2623 arn
232 2580 336 2622 molestiae
348 2579 462 2636 pertulerit,
483 2580 527 2622 sive
538 2586 559 2620 ut
569 2594 613 2620 cnm
626 2581 738 2623 nudandum
752 2589 783 2624 est
795 2582 865 2624 mulie-

80 2651 109 2692 ris
120 2663 192 2706 corpus
203 2649 336 2700 interveniat,
358 2662 383 2689 ue
395 2648 483 2689 virorum
498 2647 531 2703 qui
547 2647 599 2689 sacri
611 2656 721 2703 operantur
735 2652 824 2706 aspectui
839 2651 866 2693 sit

82 2718 186 2775 exposita,
207 2717 242 2760 scd
257 2717 323 2758 asola
335 2716 446 2758 diaconissa
458 2716 561 2768 uideatur,
582 2729 633 2771 quae
647 2718 758 2760 sacerdotis
772 2720 865 2760 mandato

82 2785 172 2829 mulieris
189 2799 256 2828 curam
275 2784 338 2840 gerit,
360 2799 399 2839 quo
415 2790 505 2841 tempore
522 2783 612 2827 vestibus
628 2785 717 2827 exuitur.
749 2784 795 2841 Qua
807 2787 828 2828 in
843 2801 866 2829 re

83 2870 127 2897 cnm
140 2855 215 2897 ordinis
227 2854 279 2895 illius
292 2853 414 2903 modestiae,
437 2860 478 2894 tum
492 2852 640 2895 ecclesiasticae
654 2854 769 2910 discipliuae
781 2856 867 2911 pruden-

83 2964 94 2971 —
106 2965 116 2972 -
129 2943 263 2991 η’σφαλισμέιαυ.
293 2945 379 2978 comorius
395 2945 466 2978 reddidit
487 2942 610 2977 ecclesiasticae
618 2943 674 2978 honae
684 2945 808 2978 constitutionis
817 2945 868 2979 valde

84 2994 123 3026 hoec
130 2996 179 3026 uerbo
187 2994 210 3025 itu
220 2990 242 3024 ad
251 2997 318 3034 tempus
327 2988 418 3032 indigentis
428 3000 465 3022 mu·
487 2989 577 3023 scientifice
594 2990 668 3023 munitus
683 2990 706 3023 sit
721 2990 737 3023 in
749 3002 827 3025 mensura
838 3003 868 3024 re-

83 3037 135 3077 lieris,
146 3037 164 3071 in
174 3045 251 3082 tempore
261 3035 379 3069 denudatiouis
390 3037 466 3079 eorporis
489 3036 543 3081 gulae.

84 3083 146 3128 ipsius,
163 3084 187 3116 ita
199 3091 217 3116 ut
227 3082 269 3116 ordo
281 3082 327 3115 bono
339 3080 437 3125 disciplinae
449 3090 466 3115 et

613 3112 616 3114 ’
675 3128 723 3172 29*
