<?xml version="1.0" encoding="UTF-8"?>
<!DOCTYPE html PUBLIC "-//W3C//DTD XHTML 1.0 Transitional//EN"
    "http://www.w3.org/TR/xhtml1/DTD/xhtml1-transitional.dtd">
<html xmlns="http://www.w3.org/1999/xhtml" xml:lang="en" lang="en">
 <head>
  <title>
</title>
<meta http-equiv="Content-Type" content="text/html;charset=utf-8" />
  <meta name='ocr-system' content='tesseract 3.04.00' />
  <meta name='ocr-capabilities' content='ocr_page ocr_carea ocr_par ocr_line ocrx_word'/>
</head>
<body>
  <div class='ocr_page' id='page_1' title='image "./MN41650ucmf_1/MN41650ucmf_1_0474.png"; bbox 0 0 1988 3392; ppageno 0'>
   <div class='ocr_carea' id='block_1_1' title="bbox 131 207 625 263">
    <p class='ocr_par' dir='ltr' id='par_1_1' title="bbox 131 207 625 263">
     <span class='ocr_line' id='line_1_1' title="bbox 131 207 625 263; baseline -0.002 0"><span class='ocrx_word' id='word_1_1' title='bbox 131 222 174 263; x_wconf 80' lang='lat'><em>452</em></span> <span class='ocrx_word' id='word_1_2' title='bbox 353 207 354 210; x_wconf 46' lang='lat'>&#39;</span> <span class='ocrx_word' id='word_1_3' title='bbox 416 229 499 263; x_wconf 79' lang='grc' dir='ltr'><em>ειιιτυι</em></span> <span class='ocrx_word' id='word_1_4' title='bbox 511 228 625 263; x_wconf 77' lang='grc' dir='ltr'><em>ωειεειιαιι</em></span> 
     </span>
    </p>
   </div>
   <div class='ocr_carea' id='block_1_2' title="bbox 132 304 917 502">
    <p class='ocr_par' dir='ltr' id='par_1_2' title="bbox 132 304 917 502">
     <span class='ocr_line' id='line_1_2' title="bbox 132 304 917 367; baseline 0 -16"><span class='ocrx_word' id='word_1_5' title='bbox 132 326 172 367; x_wconf 78' lang='grc' dir='ltr'><em>τρῳ</em></span> <span class='ocrx_word' id='word_1_6' title='bbox 187 306 274 357; x_wconf 76' lang='grc' dir='ltr'><strong><em>κανόνος</em></strong></span> <span class='ocrx_word' id='word_1_7' title='bbox 289 306 369 363; x_wconf 86' lang='grc' dir='ltr'><em>σφόδρα</em></span> <span class='ocrx_word' id='word_1_8' title='bbox 380 307 535 362; x_wconf 84' lang='grc' dir='ltr'><em>ήσφαλισμένης.</em></span> <span class='ocrx_word' id='word_1_9' title='bbox 565 306 604 351; x_wconf 86' lang='grc' dir='ltr'><em>Διό</em></span> <span class='ocrx_word' id='word_1_10' title='bbox 619 304 664 350; x_wconf 79' lang='grc' dir='ltr'><em>οίίτε</em></span> <span class='ocrx_word' id='word_1_11' title='bbox 681 306 781 364; x_wconf 70' lang='grc' dir='ltr'><strong><em>ἐπιτρέπει</em></strong></span> <span class='ocrx_word' id='word_1_12' title='bbox 792 304 805 350; x_wconf 83' lang='grc' dir='ltr'><em>ό</em></span> <span class='ocrx_word' id='word_1_13' title='bbox 813 312 871 357; x_wconf 86' lang='grc' dir='ltr'><em>θεῖος</em></span> <span class='ocrx_word' id='word_1_14' title='bbox 884 306 917 351; x_wconf 89' lang='grc' dir='ltr'><em>λό-</em></span> 
     </span>
     <span class='ocr_line' id='line_1_3' title="bbox 132 374 917 434; baseline 0.003 -16"><span class='ocrx_word' id='word_1_15' title='bbox 132 394 168 433; x_wconf 91' lang='grc' dir='ltr'><em>γος</em></span> <span class='ocrx_word' id='word_1_16' title='bbox 182 377 262 432; x_wconf 80' lang='grc' dir='ltr'><em>γυναικὶ</em></span> <span class='ocrx_word' id='word_1_17' title='bbox 280 377 302 418; x_wconf 85' lang='grc' dir='ltr'><em>ε’ν</em></span> <span class='ocrx_word' id='word_1_18' title='bbox 312 377 405 434; x_wconf 78' lang='grc' dir='ltr'><em>ε’κκλησίιγ</em></span> <span class='ocrx_word' id='word_1_19' title='bbox 415 381 490 429; x_wconf 82' lang='grc' dir='ltr'><em>λαλεῖν,</em></span> <span class='ocrx_word' id='word_1_20' title='bbox 510 374 556 419; x_wconf 82' lang='grc' dir='ltr'><em>οίίτε</em></span> <span class='ocrx_word' id='word_1_21' title='bbox 572 374 677 419; x_wconf 73' lang='grc' dir='ltr'><em>αὐθεντεῖν</em></span> <span class='ocrx_word' id='word_1_22' title='bbox 692 375 772 434; x_wconf 79' lang='grc' dir='ltr'><em>ἀνδρός,</em></span> <span class='ocrx_word' id='word_1_23' title='bbox 802 376 843 419; x_wconf 85' lang='grc' dir='ltr'><em>Καὶ</em></span> <span class='ocrx_word' id='word_1_24' title='bbox 853 374 917 420; x_wconf 71' lang='grc' dir='ltr'><em>πολλοὶ</em></span> 
     </span>
     <span class='ocr_line' id='line_1_4' title="bbox 132 443 402 502; baseline -0.004 -14"><span class='ocrx_word' id='word_1_25' title='bbox 132 446 173 488; x_wconf 77' lang='grc' dir='ltr'><em>έστι</em></span> <span class='ocrx_word' id='word_1_26' title='bbox 187 446 234 502; x_wconf 84' lang='grc' dir='ltr'><em>περὶ</em></span> <span class='ocrx_word' id='word_1_27' title='bbox 248 443 320 488; x_wconf 79' lang='grc' dir='ltr'><em>τούτου</em></span> <span class='ocrx_word' id='word_1_28' title='bbox 334 445 402 502; x_wconf 84' lang='grc' dir='ltr'><em>λέγειν.</em></span> 
     </span>
    </p>
   </div>
   <div class='ocr_carea' id='block_1_3' title="bbox 39 581 919 1672">
    <p class='ocr_par' dir='ltr' id='par_1_3' title="bbox 39 581 919 1672">
     <span class='ocr_line' id='line_1_5' title="bbox 39 581 917 639; baseline 0 -14"><span class='ocrx_word' id='word_1_29' title='bbox 39 591 86 635; x_wconf 81' lang='grc' dir='ltr'><em>Κεφ.</em></span> <span class='ocrx_word' id='word_1_30' title='bbox 100 586 121 624; x_wconf 70' lang='grc' dir='ltr'><em>δ’.</em></span> <span class='ocrx_word' id='word_1_31' title='bbox 193 583 349 639; x_wconf 88' lang='grc' dir='ltr'><em>Παρατηρητέον</em></span> <span class='ocrx_word' id='word_1_32' title='bbox 364 582 385 625; x_wconf 84' lang='grc' dir='ltr'><em>δέ</em></span> <span class='ocrx_word' id='word_1_33' title='bbox 400 582 431 626; x_wconf 86' lang='grc' dir='ltr'><em>δ’τι</em></span> <span class='ocrx_word' id='word_1_34' title='bbox 443 581 489 639; x_wconf 78' lang='grc' dir='ltr'><em>όιγρι</em></span> <span class='ocrx_word' id='word_1_35' title='bbox 500 585 634 626; x_wconf 78' lang='grc' dir='ltr'><em>διακονισσῶυ</em></span> <span class='ocrx_word' id='word_1_36' title='bbox 646 581 709 638; x_wconf 90' lang='grc' dir='ltr'><em>μόνον</em></span> <span class='ocrx_word' id='word_1_37' title='bbox 721 581 744 627; x_wconf 88' lang='grc' dir='ltr'><em>τδ</em></span> <span class='ocrx_word' id='word_1_38' title='bbox 756 581 917 638; x_wconf 68' lang='grc' dir='ltr'><em>ἐκκλησιαστικὸν</em></span> 
     </span>
     <span class='ocr_line' id='line_1_6' title="bbox 134 649 918 708; baseline -0.003 -13"><span class='ocrx_word' id='word_1_39' title='bbox 134 651 234 706; x_wconf 82' lang='grc' dir='ltr'><em>έπεδεήθη</em></span> <span class='ocrx_word' id='word_1_40' title='bbox 250 650 324 707; x_wconf 86' lang='grc' dir='ltr'><em>τόγμα,</em></span> <span class='ocrx_word' id='word_1_41' title='bbox 344 651 407 707; x_wconf 81' lang='grc' dir='ltr'><em>γήρας</em></span> <span class='ocrx_word' id='word_1_42' title='bbox 424 669 445 694; x_wconf 94' lang='grc' dir='ltr'><em>τε</em></span> <span class='ocrx_word' id='word_1_43' title='bbox 461 651 563 706; x_wconf 83' lang='grc' dir='ltr'><em>ω’νόμασε,</em></span> <span class='ocrx_word' id='word_1_44' title='bbox 583 653 618 694; x_wconf 87' lang='grc' dir='ltr'><em>καλ</em></span> <span class='ocrx_word' id='word_1_45' title='bbox 633 651 710 694; x_wconf 76' lang='grc' dir='ltr'><em>τούτων</em></span> <span class='ocrx_word' id='word_1_46' title='bbox 719 649 755 701; x_wconf 83' lang='grc' dir='ltr'><em>τολς</em></span> <span class='ocrx_word' id='word_1_47' title='bbox 766 652 795 695; x_wconf 83' lang='grc' dir='ltr'><em>έτι</em></span> <span class='ocrx_word' id='word_1_48' title='bbox 808 651 918 708; x_wconf 85' lang='grc' dir='ltr'><em>γραοτέροις</em></span> 
     </span>
     <span class='ocr_line' id='line_1_7' title="bbox 43 718 918 777; baseline -0.003 -12"><span class='ocrx_word' id='word_1_49' title='bbox 43 719 279 777; x_wconf 61' lang='lat' dir='ltr'><em>„2g.1ou1.wqeoffi15n6ag‚</em></span> <span class='ocrx_word' id='word_1_50' title='bbox 300 718 392 774; x_wconf 82' lang='grc' dir='ltr'><em>οόδαμοῦ</em></span> <span class='ocrx_word' id='word_1_51' title='bbox 404 721 425 762; x_wconf 86' lang='grc' dir='ltr'><em>δὲ</em></span> <span class='ocrx_word' id='word_1_52' title='bbox 441 723 597 777; x_wconf 84' lang='grc' dir='ltr'><em>πρεσβυτερίδας</em></span> <span class='ocrx_word' id='word_1_53' title='bbox 609 718 623 775; x_wconf 87' lang='grc' dir='ltr'><em>ή</em></span> <span class='ocrx_word' id='word_1_54' title='bbox 633 721 721 777; x_wconf 84' lang='grc' dir='ltr'><em>λερίσσας</em></span> <span class='ocrx_word' id='word_1_55' title='bbox 734 721 847 777; x_wconf 83' lang='grc' dir='ltr'><em>προςέταξε.</em></span> <span class='ocrx_word' id='word_1_56' title='bbox 877 719 918 762; x_wconf 78' lang='grc' dir='ltr'><em>Καὶ</em></span> 
     </span>
     <span class='ocr_line' id='line_1_8' title="bbox 133 786 918 848; baseline 0 -18"><span class='ocrx_word' id='word_1_57' title='bbox 133 787 170 845; x_wconf 84' lang='grc' dir='ltr'><em>γαίρ</em></span> <span class='ocrx_word' id='word_1_58' title='bbox 182 786 228 830; x_wconf 82' lang='grc' dir='ltr'><em>οίίτε</em></span> <span class='ocrx_word' id='word_1_59' title='bbox 245 787 338 831; x_wconf 75' lang='grc' dir='ltr'><em>διάκονοι</em></span> <span class='ocrx_word' id='word_1_60' title='bbox 352 790 374 831; x_wconf 83' lang='grc' dir='ltr'><em>ἒν</em></span> <span class='ocrx_word' id='word_1_61' title='bbox 388 793 413 848; x_wconf 74' lang='grc' dir='ltr'><em>τῇ</em></span> <span class='ocrx_word' id='word_1_62' title='bbox 423 791 576 848; x_wconf 77' lang='grc' dir='ltr'><em>έκκλησιαστική</em></span> <span class='ocrx_word' id='word_1_63' title='bbox 587 787 641 839; x_wconf 76' lang='grc' dir='ltr'><em>τάξει</em></span> <span class='ocrx_word' id='word_1_64' title='bbox 656 787 804 843; x_wconf 83' lang='grc' dir='ltr'><em>ἒπιστειίθησολν</em></span> <span class='ocrx_word' id='word_1_65' title='bbox 812 806 831 831; x_wconf 91' lang='grc' dir='ltr'><em>τι</em></span> <span class='ocrx_word' id='word_1_66' title='bbox 843 786 918 843; x_wconf 89' lang='grc' dir='ltr'><em>μυστή-</em></span> 
     </span>
     <span class='ocr_line' id='line_1_9' title="bbox 133 854 919 914; baseline 0 -15"><span class='ocrx_word' id='word_1_67' title='bbox 133 874 177 914; x_wconf 86' lang='grc' dir='ltr'><em>ριον</em></span> <span class='ocrx_word' id='word_1_68' title='bbox 191 859 291 910; x_wconf 81' lang='grc' dir='ltr'><em>ἐπιτελεῖν,</em></span> <span class='ocrx_word' id='word_1_69' title='bbox 307 854 356 899; x_wconf 81' lang='grc' dir='ltr'><em>ιἰλλιί</em></span> <span class='ocrx_word' id='word_1_70' title='bbox 367 856 430 911; x_wconf 89' lang='grc' dir='ltr'><em>μόνον</em></span> <span class='ocrx_word' id='word_1_71' title='bbox 442 859 542 900; x_wconf 79' lang='grc' dir='ltr'><em>διακονεῖν</em></span> <span class='ocrx_word' id='word_1_72' title='bbox 553 855 578 899; x_wconf 79' lang='grc' dir='ltr'><em>τοί</em></span> <span class='ocrx_word' id='word_1_73' title='bbox 588 855 734 911; x_wconf 79' lang='grc' dir='ltr'><em>ἐπιτελούμενα.</em></span> <span class='ocrx_word' id='word_1_74' title='bbox 764 855 837 900; x_wconf 81' lang='grc' dir='ltr'><em>Πόθεν</em></span> <span class='ocrx_word' id='word_1_75' title='bbox 848 857 870 900; x_wconf 85' lang='grc' dir='ltr'><em>δὲ</em></span> <span class='ocrx_word' id='word_1_76' title='bbox 880 854 919 899; x_wconf 84' lang='grc' dir='ltr'><em>πό-</em></span> 
     </span>
     <span class='ocr_line' id='line_1_10' title="bbox 133 921 918 982; baseline -0.003 -14"><span class='ocrx_word' id='word_1_77' title='bbox 133 931 164 968; x_wconf 89' lang='grc' dir='ltr'><em>λιν</em></span> <span class='ocrx_word' id='word_1_78' title='bbox 175 923 223 980; x_wconf 87' lang='grc' dir='ltr'><em>ήμῖυ</em></span> <span class='ocrx_word' id='word_1_79' title='bbox 233 923 245 968; x_wconf 86' lang='grc' dir='ltr'><em>δ</em></span> <span class='ocrx_word' id='word_1_80' title='bbox 255 924 325 974; x_wconf 85' lang='grc' dir='ltr'><em>καινός</em></span> <span class='ocrx_word' id='word_1_81' title='bbox 341 930 408 979; x_wconf 81' lang='grc' dir='ltr'><em>μῦθος</em></span> <span class='ocrx_word' id='word_1_82' title='bbox 420 921 480 975; x_wconf 77' lang='grc' dir='ltr'><em>οὗτος</em></span> <span class='ocrx_word' id='word_1_83' title='bbox 495 924 609 982; x_wconf 71' lang='grc' dir='ltr'><em>ἐγήγερται,</em></span> <span class='ocrx_word' id='word_1_84' title='bbox 640 923 712 969; x_wconf 85' lang='grc' dir='ltr'><em>Πόθεν</em></span> <span class='ocrx_word' id='word_1_85' title='bbox 728 929 830 981; x_wconf 67' lang='grc' dir='ltr'><em>γυναικοῖν</em></span> <span class='ocrx_word' id='word_1_86' title='bbox 846 929 918 976; x_wconf 77' lang='grc' dir='ltr'><em>τῦφος,</em></span> 
     </span>
     <span class='ocr_line' id='line_1_11' title="bbox 133 984 919 1050; baseline -0.001 -14"><span class='ocrx_word' id='word_1_87' title='bbox 133 994 168 1036; x_wconf 83' lang='grc' dir='ltr'><em>καὶ</em></span> <span class='ocrx_word' id='word_1_88' title='bbox 180 996 240 1048; x_wconf 85' lang='grc' dir='ltr'><em>μανία</em></span> <span class='ocrx_word' id='word_1_89' title='bbox 257 999 406 1050; x_wconf 83' lang='grc' dir='ltr'><em>γυναικωνῖτις;</em></span> <span class='ocrx_word' id='word_1_90' title='bbox 437 993 509 1038; x_wconf 80' lang='grc' dir='ltr'><em>Πόθεν</em></span> <span class='ocrx_word' id='word_1_91' title='bbox 522 993 635 1048; x_wconf 72' lang='grc' dir='ltr'><em>τρεφομένη</em></span> <span class='ocrx_word' id='word_1_92' title='bbox 646 984 662 1048; x_wconf 85' lang='grc' dir='ltr'><em>ή</em></span> <span class='ocrx_word' id='word_1_93' title='bbox 673 995 734 1037; x_wconf 84' lang='grc' dir='ltr'><em>κακία</em></span> <span class='ocrx_word' id='word_1_94' title='bbox 749 991 784 1037; x_wconf 87' lang='grc' dir='ltr'><em>διιλ</em></span> <span class='ocrx_word' id='word_1_95' title='bbox 797 997 849 1049; x_wconf 84' lang='grc' dir='ltr'><em>1τής</em></span> <span class='ocrx_word' id='word_1_96' title='bbox 858 991 919 1036; x_wconf 84' lang='grc' dir='ltr'><em>πόλιν</em></span> 
     </span>
     <span class='ocr_line' id='line_1_12' title="bbox 134 1060 918 1119; baseline 0 -15"><span class='ocrx_word' id='word_1_97' title='bbox 134 1062 222 1116; x_wconf 87' lang='grc' dir='ltr'><em>θήλεως,</em></span> <span class='ocrx_word' id='word_1_98' title='bbox 243 1060 292 1116; x_wconf 87' lang='grc' dir='ltr'><em>ήμῖν</em></span> <span class='ocrx_word' id='word_1_99' title='bbox 306 1061 328 1105; x_wconf 86' lang='grc' dir='ltr'><em>τό</em></span> <span class='ocrx_word' id='word_1_100' title='bbox 341 1067 395 1117; x_wconf 79' lang='grc' dir='ltr'><em>θῆλυ</em></span> <span class='ocrx_word' id='word_1_101' title='bbox 411 1067 447 1117; x_wconf 82' lang='grc' dir='ltr'><em>της</em></span> <span class='ocrx_word' id='word_1_102' title='bbox 457 1061 556 1112; x_wconf 79' lang='grc' dir='ltr'><em>ιλπονοίας</em></span> <span class='ocrx_word' id='word_1_103' title='bbox 567 1068 609 1112; x_wconf 86' lang='grc' dir='ltr'><em>τοῖς</em></span> <span class='ocrx_word' id='word_1_104' title='bbox 621 1061 750 1119; x_wconf 77' lang='grc' dir='ltr'><em>φρονήμασιν</em></span> <span class='ocrx_word' id='word_1_105' title='bbox 764 1063 880 1117; x_wconf 78' lang='grc' dir='ltr'><em>έπιγέοασα,</em></span> <span class='ocrx_word' id='word_1_106' title='bbox 895 1060 918 1105; x_wconf 87' lang='grc' dir='ltr'><em>τό</em></span> 
     </span>
     <span class='ocr_line' id='line_1_13' title="bbox 134 1128 919 1188; baseline -0.001 -15"><span class='ocrx_word' id='word_1_107' title='bbox 134 1132 231 1188; x_wconf 76' lang='grc' dir='ltr'><em>σφέτερον</em></span> <span class='ocrx_word' id='word_1_108' title='bbox 244 1128 373 1185; x_wconf 68' lang='grc' dir='ltr'><em>ἡδυπαθείας</em></span> <span class='ocrx_word' id='word_1_109' title='bbox 388 1131 519 1188; x_wconf 76' lang='grc' dir='ltr'><em>ἐργαζομένη,</em></span> <span class='ocrx_word' id='word_1_110' title='bbox 539 1128 581 1174; x_wconf 84' lang='grc' dir='ltr'><em>ιἰπδ</em></span> <span class='ocrx_word' id='word_1_111' title='bbox 593 1134 629 1174; x_wconf 80' lang='grc' dir='ltr'><em>τοῦ</em></span> <span class='ocrx_word' id='word_1_112' title='bbox 644 1131 778 1187; x_wconf 78' lang='grc' dir='ltr'><em>προκειμένου</em></span> <span class='ocrx_word' id='word_1_113' title='bbox 790 1132 827 1182; x_wconf 70' lang='grc' dir='ltr'><em>ἔξω</em></span> <span class='ocrx_word' id='word_1_114' title='bbox 842 1133 919 1186; x_wconf 82' lang='grc' dir='ltr'><em>βαίνειν</em></span> 
     </span>
     <span class='ocr_line' id='line_1_14' title="bbox 132 1196 919 1256; baseline 0 -14"><span class='ocrx_word' id='word_1_115' title='bbox 132 1198 170 1253; x_wconf 87' lang='grc' dir='ltr'><em>τήν</em></span> <span class='ocrx_word' id='word_1_116' title='bbox 183 1199 278 1242; x_wconf 77' lang='grc' dir='ltr'><em>τάλαιναν</em></span> <span class='ocrx_word' id='word_1_117' title='bbox 288 1204 329 1242; x_wconf 78' lang='grc' dir='ltr'><em>τῶν</em></span> <span class='ocrx_word' id='word_1_118' title='bbox 339 1198 456 1256; x_wconf 80' lang='grc' dir='ltr'><em>οίνθροίπων</em></span> <span class='ocrx_word' id='word_1_119' title='bbox 471 1200 533 1253; x_wconf 81' lang='grc' dir='ltr'><em>φήσιν</em></span> <span class='ocrx_word' id='word_1_120' title='bbox 549 1201 642 1255; x_wconf 79' lang='grc' dir='ltr'><em>ἐπιχειρεῖ</em></span> <span class='ocrx_word' id='word_1_121' title='bbox 654 1196 779 1255; x_wconf 75' lang='grc' dir='ltr'><em>όνοιγκοίζειν;</em></span> <span class='ocrx_word' id='word_1_122' title='bbox 807 1196 864 1242; x_wconf 63' lang='lat' dir='ltr'><em>’Am</em></span> <span class='ocrx_word' id='word_1_123' title='bbox 879 1199 919 1254; x_wconf 90' lang='grc' dir='ltr'><em>μήν</em></span> 
     </span>
     <span class='ocr_line' id='line_1_15' title="bbox 133 1265 919 1325; baseline 0 -14"><span class='ocrx_word' id='word_1_124' title='bbox 133 1273 170 1311; x_wconf 81' lang='grc' dir='ltr'><em>τοῦ</em></span> <span class='ocrx_word' id='word_1_125' title='bbox 181 1265 226 1323; x_wconf 81' lang='grc' dir='ltr'><em>Ἰιδβ</em></span> <span class='ocrx_word' id='word_1_126' title='bbox 237 1266 342 1323; x_wconf 77' lang='grc' dir='ltr'><em>δεξώμεθα</em></span> <span class='ocrx_word' id='word_1_127' title='bbox 351 1267 374 1312; x_wconf 85' lang='grc' dir='ltr'><em>τό</em></span> <span class='ocrx_word' id='word_1_128' title='bbox 386 1267 482 1324; x_wconf 89' lang='grc' dir='ltr'><em>φρόνημα</em></span> <span class='ocrx_word' id='word_1_129' title='bbox 490 1265 513 1312; x_wconf 86' lang='grc' dir='ltr'><em>τό</em></span> <span class='ocrx_word' id='word_1_130' title='bbox 523 1266 602 1325; x_wconf 81' lang='grc' dir='ltr'><em>στερεόν</em></span> <span class='ocrx_word' id='word_1_131' title='bbox 612 1271 649 1311; x_wconf 75' lang='grc' dir='ltr'><em>τοῦ</em></span> <span class='ocrx_word' id='word_1_132' title='bbox 657 1265 755 1322; x_wconf 82' lang='grc' dir='ltr'><em>όθλητοῦ,</em></span> <span class='ocrx_word' id='word_1_133' title='bbox 768 1267 919 1324; x_wconf 78' lang='grc' dir='ltr'><em>ἓξοπλισιόμεθα</em></span> 
     </span>
     <span class='ocr_line' id='line_1_16' title="bbox 132 1334 919 1393; baseline 0 -13"><span class='ocrx_word' id='word_1_134' title='bbox 132 1335 170 1391; x_wconf 85' lang='grc' dir='ltr'><em>τήν</em></span> <span class='ocrx_word' id='word_1_135' title='bbox 186 1339 266 1380; x_wconf 87' lang='grc' dir='ltr'><em>δικαίαν</em></span> <span class='ocrx_word' id='word_1_136' title='bbox 284 1336 393 1393; x_wconf 78' lang='grc' dir='ltr'><em>ἀπόκρισιν</em></span> <span class='ocrx_word' id='word_1_137' title='bbox 410 1339 444 1380; x_wconf 83' lang='grc' dir='ltr'><em>ε’πλ</em></span> <span class='ocrx_word' id='word_1_138' title='bbox 457 1344 501 1388; x_wconf 84' lang='grc' dir='ltr'><em>τοῖς</em></span> <span class='ocrx_word' id='word_1_139' title='bbox 516 1340 598 1392; x_wconf 74' lang='grc' dir='ltr'><em>χείλεσιν</em></span> <span class='ocrx_word' id='word_1_140' title='bbox 615 1334 759 1392; x_wconf 83' lang='grc' dir='ltr'><em>οίναλαβόντες,</em></span> <span class='ocrx_word' id='word_1_141' title='bbox 782 1340 868 1393; x_wconf 75' lang='grc' dir='ltr'><em>ε’ίπωμεν</em></span> <span class='ocrx_word' id='word_1_142' title='bbox 884 1339 919 1381; x_wconf 85' lang='grc' dir='ltr'><em>καὶ</em></span> 
     </span>
     <span class='ocr_line' id='line_1_17' title="bbox 133 1404 918 1465; baseline 0.001 -17"><span class='ocrx_word' id='word_1_143' title='bbox 133 1404 192 1448; x_wconf 81' lang='grc' dir='ltr'><em>αότοὶ</em></span> <span class='ocrx_word' id='word_1_144' title='bbox 198 1440 204 1458; x_wconf 89' lang='grc'><em>,</em></span> <span class='ocrx_word' id='word_1_145' title='bbox 212 1405 290 1463; x_wconf 81' lang='grc' dir='ltr'><em>Ὥςπερ</em></span> <span class='ocrx_word' id='word_1_146' title='bbox 302 1409 338 1461; x_wconf 93' lang='grc' dir='ltr'><em>μία</em></span> <span class='ocrx_word' id='word_1_147' title='bbox 346 1412 386 1449; x_wconf 79' lang='grc' dir='ltr'><em>τῶν</em></span> <span class='ocrx_word' id='word_1_148' title='bbox 396 1405 493 1464; x_wconf 76' lang='grc' dir='ltr'><em>ἀφρόνων</em></span> <span class='ocrx_word' id='word_1_149' title='bbox 503 1411 606 1464; x_wconf 78' lang='grc' dir='ltr'><em>γυναικῶν</em></span> <span class='ocrx_word' id='word_1_150' title='bbox 617 1405 718 1462; x_wconf 82' lang='grc' dir='ltr'><em>ἒλοίλησας.</em></span> <span class='ocrx_word' id='word_1_151' title='bbox 748 1407 821 1450; x_wconf 87' lang='grc' dir='ltr'><em>Πόθεν</em></span> <span class='ocrx_word' id='word_1_152' title='bbox 831 1405 869 1465; x_wconf 85' lang='grc' dir='ltr'><em>γολρ</em></span> <span class='ocrx_word' id='word_1_153' title='bbox 881 1405 918 1450; x_wconf 75' lang='grc' dir='ltr'><em>οὐκ</em></span> 
     </span>
     <span class='ocr_line' id='line_1_18' title="bbox 134 1474 919 1534; baseline 0.004 -18"><span class='ocrx_word' id='word_1_154' title='bbox 134 1474 269 1531; x_wconf 77' lang='grc' dir='ltr'><em>ἐμβρόντητον</em></span> <span class='ocrx_word' id='word_1_155' title='bbox 285 1474 307 1518; x_wconf 87' lang='grc' dir='ltr'><em>τδ</em></span> <span class='ocrx_word' id='word_1_156' title='bbox 324 1480 416 1519; x_wconf 80' lang='grc' dir='ltr'><em>τοιοῦτον</em></span> <span class='ocrx_word' id='word_1_157' title='bbox 432 1474 542 1530; x_wconf 83' lang='grc' dir='ltr'><em>φανήσεται</em></span> <span class='ocrx_word' id='word_1_158' title='bbox 557 1477 618 1518; x_wconf 82' lang='grc' dir='ltr'><em>παντὶ</em></span> <span class='ocrx_word' id='word_1_159' title='bbox 629 1480 657 1534; x_wconf 84' lang='grc' dir='ltr'><em>τῷ</em></span> <span class='ocrx_word' id='word_1_160' title='bbox 668 1475 748 1518; x_wconf 83' lang='grc' dir='ltr'><em>σύνεσιν</em></span> <span class='ocrx_word' id='word_1_161' title='bbox 760 1477 833 1531; x_wconf 83' lang='grc' dir='ltr'><em>έχοντι,</em></span> <span class='ocrx_word' id='word_1_162' title='bbox 852 1477 887 1519; x_wconf 86' lang='grc' dir='ltr'><em>καὶ</em></span> <span class='ocrx_word' id='word_1_163' title='bbox 898 1477 919 1520; x_wconf 81' lang='grc' dir='ltr'><em>ἒν</em></span> 
     </span>
     <span class='ocr_line' id='line_1_19' title="bbox 133 1543 918 1603; baseline 0.003 -16"><span class='ocrx_word' id='word_1_164' title='bbox 133 1549 176 1603; x_wconf 74' lang='grc' dir='ltr'><em>θεῷ</em></span> <span class='ocrx_word' id='word_1_165' title='bbox 185 1546 312 1603; x_wconf 66' lang='grc' dir='ltr'><em>κεκινημένος</em></span> <span class='ocrx_word' id='word_1_166' title='bbox 339 1545 411 1589; x_wconf 88' lang='grc' dir='ltr'><em>Πόθεν</em></span> <span class='ocrx_word' id='word_1_167' title='bbox 421 1544 459 1588; x_wconf 80' lang='grc' dir='ltr'><em>οὐκ</em></span> <span class='ocrx_word' id='word_1_168' title='bbox 470 1543 599 1589; x_wconf 85' lang='grc' dir='ltr'><em>είδοιλοποιδν</em></span> <span class='ocrx_word' id='word_1_169' title='bbox 608 1543 630 1588; x_wconf 91' lang='grc' dir='ltr'><em>τδ</em></span> <span class='ocrx_word' id='word_1_170' title='bbox 642 1543 771 1600; x_wconf 78' lang='grc' dir='ltr'><em>ἐπιτήδευμα,</em></span> <span class='ocrx_word' id='word_1_171' title='bbox 786 1546 821 1589; x_wconf 82' lang='grc' dir='ltr'><em>καὶ</em></span> <span class='ocrx_word' id='word_1_172' title='bbox 828 1543 851 1588; x_wconf 87' lang='grc' dir='ltr'><em>τό</em></span> <span class='ocrx_word' id='word_1_173' title='bbox 860 1547 918 1603; x_wconf 78' lang='grc' dir='ltr'><em>ἐγχεί-</em></span> 
     </span>
     <span class='ocr_line' id='line_1_20' title="bbox 134 1612 919 1672; baseline 0.003 -16"><span class='ocrx_word' id='word_1_174' title='bbox 134 1631 188 1671; x_wconf 89' lang='grc' dir='ltr'><em>ρημα</em></span> <span class='ocrx_word' id='word_1_175' title='bbox 205 1612 330 1668; x_wconf 86' lang='grc' dir='ltr'><em>διαβολικόν,·</em></span> <span class='ocrx_word' id='word_1_176' title='bbox 361 1612 470 1672; x_wconf 87' lang='grc' dir='ltr'><em>Προφοίσει</em></span> <span class='ocrx_word' id='word_1_177' title='bbox 486 1612 523 1672; x_wconf 83' lang='grc' dir='ltr'><em>γόρ</em></span> <span class='ocrx_word' id='word_1_178' title='bbox 539 1616 619 1658; x_wconf 90' lang='grc' dir='ltr'><em>δικαίου</em></span> <span class='ocrx_word' id='word_1_179' title='bbox 636 1612 667 1657; x_wconf 65' lang='lat' dir='ltr'><em>del</em></span> <span class='ocrx_word' id='word_1_180' title='bbox 682 1612 807 1665; x_wconf 82' lang='grc' dir='ltr'><em>διτειςδόνων</em></span> <span class='ocrx_word' id='word_1_181' title='bbox 823 1612 860 1670; x_wconf 86' lang='grc' dir='ltr'><em>τήν</em></span> <span class='ocrx_word' id='word_1_182' title='bbox 875 1613 919 1658; x_wconf 88' lang='grc' dir='ltr'><em>διό-</em></span> 
     </span>
    </p>
   </div>
   <div class='ocr_carea' id='block_1_4' title="bbox 134 1680 919 1880">
    <p class='ocr_par' dir='ltr' id='par_1_4' title="bbox 134 1680 919 1880">
     <span class='ocr_line' id='line_1_21' title="bbox 134 1680 919 1741; baseline 0.004 -16"><span class='ocrx_word' id='word_1_183' title='bbox 134 1701 192 1726; x_wconf 87' lang='grc' dir='ltr'><em>νοιαν</em></span> <span class='ocrx_word' id='word_1_184' title='bbox 209 1680 221 1725; x_wconf 86' lang='grc' dir='ltr'><em>δ</em></span> <span class='ocrx_word' id='word_1_185' title='bbox 236 1681 330 1738; x_wconf 84' lang='grc' dir='ltr'><em>διόβολος</em></span> <span class='ocrx_word' id='word_1_186' title='bbox 349 1688 389 1727; x_wconf 76' lang='grc' dir='ltr'><em>τῶν</em></span> <span class='ocrx_word' id='word_1_187' title='bbox 403 1680 530 1741; x_wconf 85' lang='grc' dir='ltr'><em>οίνθροίπων,</em></span> <span class='ocrx_word' id='word_1_188' title='bbox 550 1683 587 1739; x_wconf 92' lang='grc' dir='ltr'><em>τήν</em></span> <span class='ocrx_word' id='word_1_189' title='bbox 601 1682 680 1740; x_wconf 84' lang='grc' dir='ltr'><em>θνητήν</em></span> <span class='ocrx_word' id='word_1_190' title='bbox 697 1685 759 1738; x_wconf 78' lang='grc' dir='ltr'><em>φύσιν</em></span> <span class='ocrx_word' id='word_1_191' title='bbox 777 1689 877 1728; x_wconf 78' lang='grc' dir='ltr'><em>θεοποιῶν</em></span> <span class='ocrx_word' id='word_1_192' title='bbox 890 1685 919 1735; x_wconf 85' lang='grc' dir='ltr'><em>είς</em></span> 
     </span>
     <span class='ocr_line' id='line_1_22' title="bbox 134 1750 919 1811; baseline 0 -14"><span class='ocrx_word' id='word_1_193' title='bbox 134 1750 257 1806; x_wconf 82' lang='grc' dir='ltr'><em>ὀφθαλμοδς</em></span> <span class='ocrx_word' id='word_1_194' title='bbox 274 1750 400 1810; x_wconf 75' lang='grc' dir='ltr'><em>ἄνθροίπων,</em></span> <span class='ocrx_word' id='word_1_195' title='bbox 423 1751 549 1811; x_wconf 85' lang='grc' dir='ltr'><em>οίνδροείκελα</em></span> <span class='ocrx_word' id='word_1_196' title='bbox 567 1751 670 1810; x_wconf 78' lang='grc' dir='ltr'><em>οίγοίλματα</em></span> <span class='ocrx_word' id='word_1_197' title='bbox 685 1752 719 1797; x_wconf 81' lang='grc' dir='ltr'><em>διαί</em></span> <span class='ocrx_word' id='word_1_198' title='bbox 734 1755 832 1805; x_wconf 87' lang='grc' dir='ltr'><em>ποικιλίας</em></span> <span class='ocrx_word' id='word_1_199' title='bbox 846 1758 919 1810; x_wconf 76' lang='grc' dir='ltr'><em>τεχνῶν</em></span> 
     </span>
     <span class='ocr_line' id='line_1_23' title="bbox 135 1821 918 1880; baseline 0.001 -15"><span class='ocrx_word' id='word_1_200' title='bbox 135 1823 237 1880; x_wconf 83' lang='grc' dir='ltr'><em>διέγραφε.</em></span> <span class='ocrx_word' id='word_1_201' title='bbox 268 1825 309 1866; x_wconf 84' lang='grc' dir='ltr'><em>Καὶ</em></span> <span class='ocrx_word' id='word_1_202' title='bbox 318 1821 428 1877; x_wconf 78' lang='grc' dir='ltr'><em>τεθνήκασι</em></span> <span class='ocrx_word' id='word_1_203' title='bbox 438 1823 474 1876; x_wconf 82' lang='grc' dir='ltr'><em>μέν</em></span> <span class='ocrx_word' id='word_1_204' title='bbox 484 1825 506 1865; x_wconf 82' lang='grc' dir='ltr'><em>οἱ</em></span> <span class='ocrx_word' id='word_1_205' title='bbox 512 1822 689 1880; x_wconf 77' lang='grc' dir='ltr'><em>προςκυνοιίμενοι,</em></span> <span class='ocrx_word' id='word_1_206' title='bbox 703 1821 728 1866; x_wconf 85' lang='grc' dir='ltr'><em>τοί</em></span> <span class='ocrx_word' id='word_1_207' title='bbox 739 1823 761 1866; x_wconf 85' lang='grc' dir='ltr'><em>δέ</em></span> <span class='ocrx_word' id='word_1_208' title='bbox 770 1821 848 1867; x_wconf 84' lang='grc' dir='ltr'><em>τοότων</em></span> <span class='ocrx_word' id='word_1_209' title='bbox 859 1822 918 1880; x_wconf 82' lang='grc' dir='ltr'><em>αἰγίλ-</em></span> 
     </span>
    </p>
   </div>
   <div class='ocr_carea' id='block_1_5' title="bbox 99 1890 920 2784">
    <p class='ocr_par' dir='ltr' id='par_1_5' title="bbox 99 1890 920 2784">
     <span class='ocr_line' id='line_1_24' title="bbox 134 1890 918 1949; baseline 0.001 -15"><span class='ocrx_word' id='word_1_210' title='bbox 134 1909 187 1947; x_wconf 90' lang='grc' dir='ltr'><em>ματα</em></span> <span class='ocrx_word' id='word_1_211' title='bbox 203 1892 254 1947; x_wconf 91' lang='grc' dir='ltr'><em>μηδέ</em></span> <span class='ocrx_word' id='word_1_212' title='bbox 270 1909 319 1935; x_wconf 91' lang='grc' dir='ltr'><em>ποτε</em></span> <span class='ocrx_word' id='word_1_213' title='bbox 331 1890 416 1947; x_wconf 87' lang='grc' dir='ltr'><em>ζήσαντα</em></span> <span class='ocrx_word' id='word_1_214' title='bbox 431 1890 485 1949; x_wconf 79' lang='grc' dir='ltr'><em>(οίίτε</em></span> <span class='ocrx_word' id='word_1_215' title='bbox 500 1890 538 1949; x_wconf 80' lang='grc' dir='ltr'><em>γδρ</em></span> <span class='ocrx_word' id='word_1_216' title='bbox 550 1890 610 1948; x_wconf 83' lang='grc' dir='ltr'><em>νεκροί</em></span> <span class='ocrx_word' id='word_1_217' title='bbox 623 1890 706 1935; x_wconf 84' lang='grc' dir='ltr'><em>δόναται</em></span> <span class='ocrx_word' id='word_1_218' title='bbox 718 1893 811 1948; x_wconf 82' lang='grc' dir='ltr'><em>γενέσθαι</em></span> <span class='ocrx_word' id='word_1_219' title='bbox 823 1890 848 1935; x_wconf 78' lang='grc' dir='ltr'><em>τό</em></span> <span class='ocrx_word' id='word_1_220' title='bbox 859 1893 918 1948; x_wconf 90' lang='grc' dir='ltr'><em>μηδέ-</em></span> 
     </span>
     <span class='ocr_line' id='line_1_25' title="bbox 134 1959 919 2019; baseline 0.003 -16"><span class='ocrx_word' id='word_1_221' title='bbox 134 1978 182 2003; x_wconf 87' lang='grc' dir='ltr'><em>ποτε</em></span> <span class='ocrx_word' id='word_1_222' title='bbox 196 1960 290 2016; x_wconf 78' lang='grc' dir='ltr'><em>ζήσαντα)</em></span> <span class='ocrx_word' id='word_1_223' title='bbox 310 1960 438 2018; x_wconf 81' lang='grc' dir='ltr'><em>προςκυνητολ</em></span> <span class='ocrx_word' id='word_1_224' title='bbox 455 1960 607 2019; x_wconf 87' lang='grc' dir='ltr'><em>παρειςοίγονσι,</em></span> <span class='ocrx_word' id='word_1_225' title='bbox 630 1959 664 2003; x_wconf 81' lang='grc' dir='ltr'><em>διό</em></span> <span class='ocrx_word' id='word_1_226' title='bbox 680 1959 812 2016; x_wconf 86' lang='grc' dir='ltr'><em>μοιχενσόσης</em></span> <span class='ocrx_word' id='word_1_227' title='bbox 829 1964 919 2012; x_wconf 81' lang='grc' dir='ltr'><em>διανοίας</em></span> 
     </span>
     <span class='ocr_line' id='line_1_26' title="bbox 134 2028 919 2087; baseline 0.001 -14"><span class='ocrx_word' id='word_1_228' title='bbox 134 2028 175 2073; x_wconf 79' lang='grc' dir='ltr'><em>ολπδ</em></span> <span class='ocrx_word' id='word_1_229' title='bbox 187 2035 222 2084; x_wconf 81' lang='grc' dir='ltr'><em>τοῦ</em></span> <span class='ocrx_word' id='word_1_230' title='bbox 239 2030 284 2080; x_wconf 82' lang='grc' dir='ltr'><em>ἓνδς</em></span> <span class='ocrx_word' id='word_1_231' title='bbox 300 2032 335 2073; x_wconf 84' lang='grc' dir='ltr'><em>καλ</em></span> <span class='ocrx_word' id='word_1_232' title='bbox 351 2029 415 2085; x_wconf 89' lang='grc' dir='ltr'><em>μόνου</em></span> <span class='ocrx_word' id='word_1_233' title='bbox 431 2035 494 2083; x_wconf 80' lang='grc' dir='ltr'><em>θεοῦ,</em></span> <span class='ocrx_word' id='word_1_234' title='bbox 516 2028 544 2081; x_wconf 68' lang='grc' dir='ltr'><em>οἷς</em></span> <span class='ocrx_word' id='word_1_235' title='bbox 555 2028 569 2086; x_wconf 88' lang='grc' dir='ltr'><em>ή</em></span> <span class='ocrx_word' id='word_1_236' title='bbox 578 2028 698 2087; x_wconf 88' lang='grc' dir='ltr'><em>πολόκοινος</em></span> <span class='ocrx_word' id='word_1_237' title='bbox 714 2028 779 2087; x_wconf 90' lang='grc' dir='ltr'><em>πόρνη</em></span> <span class='ocrx_word' id='word_1_238' title='bbox 795 2031 829 2073; x_wconf 80' lang='grc' dir='ltr'><em>ἒπλ</em></span> <span class='ocrx_word' id='word_1_239' title='bbox 844 2029 919 2086; x_wconf 91' lang='grc' dir='ltr'><em>πολλήν</em></span> 
     </span>
     <span class='ocr_line' id='line_1_27' title="bbox 134 2096 919 2156; baseline 0.001 -15"><span class='ocrx_word' id='word_1_240' title='bbox 134 2097 221 2142; x_wconf 78' lang='grc' dir='ltr'><em>οἶτοιτίαν</em></span> <span class='ocrx_word' id='word_1_241' title='bbox 232 2103 351 2154; x_wconf 81' lang='grc' dir='ltr'><em>πολυμιξίας</em></span> <span class='ocrx_word' id='word_1_242' title='bbox 363 2102 504 2156; x_wconf 84' lang='grc' dir='ltr'><em>ἒρεθισθεῖσα,</em></span> <span class='ocrx_word' id='word_1_243' title='bbox 524 2100 559 2143; x_wconf 80' lang='grc' dir='ltr'><em>καὶ</em></span> <span class='ocrx_word' id='word_1_244' title='bbox 569 2097 592 2142; x_wconf 86' lang='grc' dir='ltr'><em>τό</em></span> <span class='ocrx_word' id='word_1_245' title='bbox 604 2103 688 2155; x_wconf 79' lang='grc' dir='ltr'><em>σῶφρον</em></span> <span class='ocrx_word' id='word_1_246' title='bbox 698 2096 852 2155; x_wconf 82' lang='grc' dir='ltr'><em>οίποτριψαμένη</em></span> <span class='ocrx_word' id='word_1_247' title='bbox 867 2104 919 2155; x_wconf 55' lang='grc' dir='ltr'><em>ίτής</em></span> 
     </span>
     <span class='ocr_line' id='line_1_28' title="bbox 133 2162 918 2226; baseline 0.001 -16"><span class='ocrx_word' id='word_1_248' title='bbox 133 2172 170 2210; x_wconf 80' lang='grc' dir='ltr'><em>τοῦ</em></span> <span class='ocrx_word' id='word_1_249' title='bbox 182 2166 227 2218; x_wconf 82' lang='grc' dir='ltr'><em>ἑνός</em></span> <span class='ocrx_word' id='word_1_250' title='bbox 243 2168 318 2226; x_wconf 83' lang='grc' dir='ltr'><em>ολνδρός</em></span> <span class='ocrx_word' id='word_1_251' title='bbox 330 2168 430 2224; x_wconf 79' lang='grc' dir='ltr'><em>εὐνομίας.</em></span> <span class='ocrx_word' id='word_1_252' title='bbox 462 2170 504 2211; x_wconf 87' lang='grc' dir='ltr'><em>Ναὶ</em></span> <span class='ocrx_word' id='word_1_253' title='bbox 515 2166 555 2223; x_wconf 90' lang='grc' dir='ltr'><em>μήν</em></span> <span class='ocrx_word' id='word_1_254' title='bbox 565 2166 622 2224; x_wconf 81' lang='grc' dir='ltr'><em>δίγιον</em></span> <span class='ocrx_word' id='word_1_255' title='bbox 633 2162 658 2222; x_wconf 77' lang='grc' dir='ltr'><em>ἦν</em></span> <span class='ocrx_word' id='word_1_256' title='bbox 668 2165 690 2210; x_wconf 86' lang='grc' dir='ltr'><em>τό</em></span> <span class='ocrx_word' id='word_1_257' title='bbox 705 2174 763 2223; x_wconf 75' lang='grc' dir='ltr'><em>σῶμα</em></span> <span class='ocrx_word' id='word_1_258' title='bbox 776 2172 812 2223; x_wconf 83' lang='grc' dir='ltr'><em>τῆς</em></span> <span class='ocrx_word' id='word_1_259' title='bbox 823 2171 918 2226; x_wconf 84' lang='grc' dir='ltr'><em>Μαρίας·</em></span> 
     </span>
     <span class='ocr_line' id='line_1_29' title="bbox 135 2232 919 2295; baseline 0.001 -15"><span class='ocrx_word' id='word_1_260' title='bbox 135 2236 160 2280; x_wconf 76' lang='grc' dir='ltr'><em>οὗ</em></span> <span class='ocrx_word' id='word_1_261' title='bbox 172 2235 212 2292; x_wconf 88' lang='grc' dir='ltr'><em>μήν</em></span> <span class='ocrx_word' id='word_1_262' title='bbox 223 2236 278 2288; x_wconf 90' lang='grc' dir='ltr'><em>θεός.</em></span> <span class='ocrx_word' id='word_1_263' title='bbox 309 2239 352 2280; x_wconf 89' lang='grc' dir='ltr'><em>Ναὶ</em></span> <span class='ocrx_word' id='word_1_264' title='bbox 361 2236 386 2292; x_wconf 88' lang='grc' dir='ltr'><em>δή</em></span> <span class='ocrx_word' id='word_1_265' title='bbox 397 2239 501 2295; x_wconf 86' lang='grc' dir='ltr'><em>παρθένος</em></span> <span class='ocrx_word' id='word_1_266' title='bbox 510 2232 536 2292; x_wconf 79' lang='grc' dir='ltr'><em>ἦν</em></span> <span class='ocrx_word' id='word_1_267' title='bbox 548 2234 679 2294; x_wconf 85' lang='grc' dir='ltr'><em>ήπαρθένος,</em></span> <span class='ocrx_word' id='word_1_268' title='bbox 695 2238 729 2280; x_wconf 83' lang='grc' dir='ltr'><em>καὶ</em></span> <span class='ocrx_word' id='word_1_269' title='bbox 739 2238 863 2293; x_wconf 89' lang='grc' dir='ltr'><em>τετιμημένη,</em></span> <span class='ocrx_word' id='word_1_270' title='bbox 879 2235 919 2281; x_wconf 75' lang='grc' dir='ltr'><em>ἄλλ’</em></span> 
     </span>
     <span class='ocr_line' id='line_1_30' title="bbox 135 2304 919 2364; baseline 0.003 -16"><span class='ocrx_word' id='word_1_271' title='bbox 135 2304 172 2349; x_wconf 83' lang='grc' dir='ltr'><em>οόκ</em></span> <span class='ocrx_word' id='word_1_272' title='bbox 190 2308 218 2356; x_wconf 85' lang='grc' dir='ltr'><em>εἰς</em></span> <span class='ocrx_word' id='word_1_273' title='bbox 235 2304 371 2364; x_wconf 84' lang='grc' dir='ltr'><em>προςκόνησιν</em></span> <span class='ocrx_word' id='word_1_274' title='bbox 387 2305 436 2362; x_wconf 88' lang='grc' dir='ltr'><em>ήμῑν</em></span> <span class='ocrx_word' id='word_1_275' title='bbox 452 2309 547 2359; x_wconf 81' lang='grc' dir='ltr'><em>δοθεῖσα,</em></span> <span class='ocrx_word' id='word_1_276' title='bbox 567 2304 766 2362; x_wconf 74' lang='grc' dir='ltr'><em>εἰλλδπροςκυνοῧσα</em></span> <span class='ocrx_word' id='word_1_277' title='bbox 776 2304 812 2350; x_wconf 90' lang='grc' dir='ltr'><em>τδν</em></span> <span class='ocrx_word' id='word_1_278' title='bbox 824 2308 844 2359; x_wconf 80' lang='grc' dir='ltr'><em>ἐξ</em></span> <span class='ocrx_word' id='word_1_279' title='bbox 856 2304 919 2363; x_wconf 85' lang='grc' dir='ltr'><em>αότής</em></span> 
     </span>
     <span class='ocr_line' id='line_1_31' title="bbox 136 2373 919 2434; baseline 0.004 -17"><span class='ocrx_word' id='word_1_280' title='bbox 136 2376 194 2432; x_wconf 85' lang='grc' dir='ltr'><em>σαρκὶ</em></span> <span class='ocrx_word' id='word_1_281' title='bbox 205 2376 359 2433; x_wconf 84' lang='grc' dir='ltr'><em>γεγεννημένον,</em></span> <span class='ocrx_word' id='word_1_282' title='bbox 374 2373 416 2418; x_wconf 86' lang='grc' dir='ltr'><em>ιἰπδ</em></span> <span class='ocrx_word' id='word_1_283' title='bbox 428 2375 522 2433; x_wconf 78' lang='grc' dir='ltr'><em>οὐρανῶν</em></span> <span class='ocrx_word' id='word_1_284' title='bbox 534 2375 556 2419; x_wconf 85' lang='grc' dir='ltr'><em>δέ</em></span> <span class='ocrx_word' id='word_1_285' title='bbox 568 2376 590 2419; x_wconf 81' lang='grc' dir='ltr'><em>ἐκ</em></span> <span class='ocrx_word' id='word_1_286' title='bbox 601 2373 682 2418; x_wconf 87' lang='grc' dir='ltr'><em>κόλπων</em></span> <span class='ocrx_word' id='word_1_287' title='bbox 695 2374 794 2434; x_wconf 72' lang='grc' dir='ltr'><em>πατρῴων</em></span> <span class='ocrx_word' id='word_1_288' title='bbox 808 2374 919 2433; x_wconf 84' lang='grc' dir='ltr'><em>παραγενό-</em></span> 
     </span>
     <span class='ocr_line' id='line_1_32' title="bbox 136 2441 919 2502; baseline 0 -15"><span class='ocrx_word' id='word_1_289' title='bbox 136 2461 201 2500; x_wconf 91' lang='grc' dir='ltr'><em>μενον.</em></span> <span class='ocrx_word' id='word_1_290' title='bbox 232 2446 274 2487; x_wconf 81' lang='grc' dir='ltr'><em>Καὶ</em></span> <span class='ocrx_word' id='word_1_291' title='bbox 284 2443 318 2487; x_wconf 79' lang='grc' dir='ltr'><em>διό</em></span> <span class='ocrx_word' id='word_1_292' title='bbox 328 2449 386 2487; x_wconf 80' lang='grc' dir='ltr'><em>τοῦτο</em></span> <span class='ocrx_word' id='word_1_293' title='bbox 396 2443 419 2488; x_wconf 86' lang='grc' dir='ltr'><em>τό</em></span> <span class='ocrx_word' id='word_1_294' title='bbox 430 2443 543 2502; x_wconf 75' lang='grc' dir='ltr'><em>εὐαγγέλιον</em></span> <span class='ocrx_word' id='word_1_295' title='bbox 553 2445 704 2497; x_wconf 81' lang='grc' dir='ltr'><em>ἕπασφαλίζεται</em></span> <span class='ocrx_word' id='word_1_296' title='bbox 713 2441 766 2499; x_wconf 82' lang='grc' dir='ltr'><em>ήμᾶς</em></span> <span class='ocrx_word' id='word_1_297' title='bbox 773 2445 840 2501; x_wconf 87' lang='grc' dir='ltr'><em>λέγον,</em></span> <span class='ocrx_word' id='word_1_298' title='bbox 855 2444 919 2489; x_wconf 77' lang='grc' dir='ltr'><em>αὐτοῦ</em></span> 
     </span>
     <span class='ocr_line' id='line_1_33' title="bbox 135 2511 920 2570; baseline 0.003 -15"><span class='ocrx_word' id='word_1_299' title='bbox 135 2518 172 2556; x_wconf 80' lang='grc' dir='ltr'><em>τοῦ</em></span> <span class='ocrx_word' id='word_1_300' title='bbox 189 2516 261 2570; x_wconf 87' lang='grc' dir='ltr'><em>κυρίου</em></span> <span class='ocrx_word' id='word_1_301' title='bbox 276 2512 379 2569; x_wconf 89' lang='grc' dir='ltr'><em>φήσαντος</em></span> <span class='ocrx_word' id='word_1_302' title='bbox 394 2513 436 2567; x_wconf 74' lang='lat' dir='ltr'><em>fin,</em></span> <span class='ocrx_word' id='word_1_303' title='bbox 461 2516 485 2556; x_wconf 83' lang='grc' dir='ltr'><em>Τι’</em></span> <span class='ocrx_word' id='word_1_304' title='bbox 500 2514 545 2568; x_wconf 77' lang='grc' dir='ltr'><em>ἐμοὶ</em></span> <span class='ocrx_word' id='word_1_305' title='bbox 559 2514 593 2557; x_wconf 85' lang='grc' dir='ltr'><em>καλ</em></span> <span class='ocrx_word' id='word_1_306' title='bbox 611 2514 653 2564; x_wconf 74' lang='grc' dir='ltr'><em>σοὶ,</em></span> <span class='ocrx_word' id='word_1_307' title='bbox 675 2511 743 2570; x_wconf 63' lang='grc' dir='ltr'><em>γόνατι</em></span> <span class='ocrx_word' id='word_1_308' title='bbox 775 2513 837 2558; x_wconf 78' lang='grc' dir='ltr'><em>Οίίπω</em></span> <span class='ocrx_word' id='word_1_309' title='bbox 849 2511 920 2569; x_wconf 85' lang='grc' dir='ltr'><em>ήκειή</em></span> 
     </span>
     <span class='ocr_line' id='line_1_34' title="bbox 99 2580 920 2639; baseline 0.002 -15"><span class='ocrx_word' id='word_1_310' title='bbox 99 2618 101 2621; x_wconf 94' lang='grc'>.</span> <span class='ocrx_word' id='word_1_311' title='bbox 136 2581 234 2639; x_wconf 83' lang='grc' dir='ltr'><em>όίραμου.</em></span> <span class='ocrx_word' id='word_1_312' title='bbox 258 2580 412 2634; x_wconf 79' lang='grc' dir='ltr'><em>Ἵναόπδτοῦ,</em></span> <span class='ocrx_word' id='word_1_313' title='bbox 433 2582 508 2636; x_wconf 84' lang='grc' dir='ltr'><em>Γόναι,</em></span> <span class='ocrx_word' id='word_1_314' title='bbox 523 2584 542 2625; x_wconf 91' lang='grc' dir='ltr'><em>τί</em></span> <span class='ocrx_word' id='word_1_315' title='bbox 552 2584 597 2638; x_wconf 80' lang='grc' dir='ltr'><em>ἐμοί</em></span> <span class='ocrx_word' id='word_1_316' title='bbox 608 2583 643 2625; x_wconf 79' lang='grc' dir='ltr'><em>καὶ</em></span> <span class='ocrx_word' id='word_1_317' title='bbox 656 2584 697 2634; x_wconf 76' lang='grc' dir='ltr'><em>σοίς</em></span> <span class='ocrx_word' id='word_1_318' title='bbox 721 2580 748 2637; x_wconf 91' lang='grc' dir='ltr'><em>μή</em></span> <span class='ocrx_word' id='word_1_319' title='bbox 759 2600 811 2635; x_wconf 88' lang='grc' dir='ltr'><em>τινες</em></span> <span class='ocrx_word' id='word_1_320' title='bbox 823 2586 920 2639; x_wconf 87' lang='grc' dir='ltr'><em>νομίσωσι</em></span> 
     </span>
     <span class='ocr_line' id='line_1_35' title="bbox 136 2649 919 2708; baseline 0.003 -15"><span class='ocrx_word' id='word_1_321' title='bbox 136 2649 275 2708; x_wconf 89' lang='grc' dir='ltr'><em>περισσότερον</em></span> <span class='ocrx_word' id='word_1_322' title='bbox 286 2650 337 2695; x_wconf 79' lang='grc' dir='ltr'><em>εἶναι</em></span> <span class='ocrx_word' id='word_1_323' title='bbox 347 2650 384 2707; x_wconf 89' lang='grc' dir='ltr'><em>τήν</em></span> <span class='ocrx_word' id='word_1_324' title='bbox 393 2650 451 2708; x_wconf 85' lang='grc' dir='ltr'><em>ολγίαν</em></span> <span class='ocrx_word' id='word_1_325' title='bbox 461 2652 576 2708; x_wconf 88' lang='grc' dir='ltr'><em>παρθένον,</em></span> <span class='ocrx_word' id='word_1_326' title='bbox 591 2656 678 2708; x_wconf 85' lang='grc' dir='ltr'><em>γυναῖκα</em></span> <span class='ocrx_word' id='word_1_327' title='bbox 689 2650 763 2706; x_wconf 81' lang='grc' dir='ltr'><em>ταύτην</em></span> <span class='ocrx_word' id='word_1_328' title='bbox 773 2653 876 2708; x_wconf 82' lang='grc' dir='ltr'><em>κέκληκεν,</em></span> <span class='ocrx_word' id='word_1_329' title='bbox 891 2649 919 2702; x_wconf 66' lang='grc' dir='ltr'><em>οἷς</em></span> 
     </span>
     <span class='ocr_line' id='line_1_36' title="bbox 136 2719 919 2784; baseline 0.001 -22"><span class='ocrx_word' id='word_1_330' title='bbox 136 2719 280 2777; x_wconf 74' lang='grc' dir='ltr'><em>προφητεύων,</em></span> <span class='ocrx_word' id='word_1_331' title='bbox 302 2726 342 2764; x_wconf 78' lang='grc' dir='ltr'><em>τῶν</em></span> <span class='ocrx_word' id='word_1_332' title='bbox 355 2720 465 2776; x_wconf 88' lang='grc' dir='ltr'><em>μελλόντων</em></span> <span class='ocrx_word' id='word_1_333' title='bbox 477 2722 558 2784; x_wconf 81' lang='grc' dir='ltr'><em>έσεσθαι</em></span> <span class='ocrx_word' id='word_1_334' title='bbox 575 2721 609 2764; x_wconf 81' lang='grc' dir='ltr'><em>ἐπὶ</em></span> <span class='ocrx_word' id='word_1_335' title='bbox 624 2725 661 2775; x_wconf 82' lang='grc' dir='ltr'><em>της</em></span> <span class='ocrx_word' id='word_1_336' title='bbox 674 2725 712 2777; x_wconf 86' lang='grc' dir='ltr'><em>γής</em></span> <span class='ocrx_word' id='word_1_337' title='bbox 725 2720 837 2777; x_wconf 84' lang='grc' dir='ltr'><em>σχισμοίτων</em></span> <span class='ocrx_word' id='word_1_338' title='bbox 851 2721 919 2765; x_wconf 83' lang='grc' dir='ltr'><em>τεκαὶ</em></span> 
     </span>
    </p>
   </div>
   <div class='ocr_carea' id='block_1_6' title="bbox 134 2836 919 2926">
    <p class='ocr_par' dir='ltr' id='par_1_6' title="bbox 134 2836 919 2926">
     <span class='ocr_line' id='line_1_37' title="bbox 160 2836 919 2883; baseline 0.004 -13"><span class='ocrx_word' id='word_1_339' title='bbox 160 2838 200 2870; x_wconf 66' lang='grc' dir='ltr'><em>(λιι.</em></span> <span class='ocrx_word' id='word_1_340' title='bbox 209 2839 237 2871; x_wconf 89' lang='lat' dir='ltr'><em>IV.</em></span> <span class='ocrx_word' id='word_1_341' title='bbox 249 2859 272 2865; x_wconf 91' lang='lat'><em>-</em></span> <span class='ocrx_word' id='word_1_342' title='bbox 302 2837 317 2872; x_wconf 87' lang='lat' dir='ltr'><em>l.</em></span> <span class='ocrx_word' id='word_1_343' title='bbox 329 2840 354 2871; x_wconf 80' lang='grc' dir='ltr'><em>λιι</em></span> <span class='ocrx_word' id='word_1_344' title='bbox 365 2839 432 2880; x_wconf 77' lang='lat' dir='ltr'><em>fortasse</em></span> <span class='ocrx_word' id='word_1_345' title='bbox 446 2838 476 2873; x_wconf 77' lang='grc' dir='ltr'><em>τοῦ</em></span> <span class='ocrx_word' id='word_1_346' title='bbox 486 2848 516 2879; x_wconf 80' lang='grc' dir='ltr'><em>φο·</em></span> <span class='ocrx_word' id='word_1_347' title='bbox 562 2837 578 2871; x_wconf 79' lang='grc'><em>2.</em></span> <span class='ocrx_word' id='word_1_348' title='bbox 585 2836 616 2883; x_wconf 75' lang='grc' dir='ltr'><em>τήν</em></span> <span class='ocrx_word' id='word_1_349' title='bbox 626 2840 699 2872; x_wconf 75' lang='lat' dir='ltr'><em>mendose</em></span> <span class='ocrx_word' id='word_1_350' title='bbox 711 2842 753 2872; x_wconf 80' lang='grc' dir='ltr'><em>ετίιιί</em></span> <span class='ocrx_word' id='word_1_351' title='bbox 762 2841 780 2872; x_wconf 79' lang='lat' dir='ltr'><em>in</em></span> <span class='ocrx_word' id='word_1_352' title='bbox 791 2839 877 2873; x_wconf 79' lang='grc' dir='ltr'><em>εδ.Ριλαυ.</em></span> <span class='ocrx_word' id='word_1_353' title='bbox 888 2840 919 2874; x_wconf 79' lang='grc' dir='ltr'><em>οο-</em></span> 
     </span>
     <span class='ocr_line' id='line_1_38' title="bbox 134 2885 628 2926; baseline 0 -9"><span class='ocrx_word' id='word_1_354' title='bbox 134 2886 167 2917; x_wconf 77' lang='grc' dir='ltr'><em>ίῑιιε</em></span> <span class='ocrx_word' id='word_1_355' title='bbox 178 2885 290 2918; x_wconf 73' lang='lat' dir='ltr'><em>scribendum?</em></span> <span class='ocrx_word' id='word_1_356' title='bbox 398 2890 400 2893; x_wconf 76' lang='grc'>’</span> <span class='ocrx_word' id='word_1_357' title='bbox 538 2885 570 2918; x_wconf 81' lang='lat' dir='ltr'><strong><em>lon.</em></strong></span> <span class='ocrx_word' id='word_1_358' title='bbox 580 2888 628 2926; x_wconf 76' lang='lat' dir='ltr'><strong><em>repet.</em></strong></span> 
     </span>
    </p>
   </div>
   <div class='ocr_carea' id='block_1_7' title="bbox 0 0 1003 3392">
    <p class='ocr_par' dir='ltr' id='par_1_7' title="bbox 0 0 1003 3392">
     <span class='ocr_line' id='line_1_39' title="bbox 0 0 1003 3392; baseline 0 0"><span class='ocrx_word' id='word_1_359' title='bbox 0 0 1003 3392; x_wconf 95' lang='lat' dir='ltr'><em> </em></span> 
     </span>
    </p>
   </div>
  </div>
 </body>
</html>
