1988 3392
356 250 430 286 moux
441 250 526 286 aunum.
788 238 830 282 773

50 331 164 368 Sebuaeomm
172 341 251 377 perversa
259 329 305 365 ratio
313 330 331 364 iu
341 331 427 366 celebrau-

72 389 98 423 dis
110 388 158 422 festis
170 391 198 423 29.

50 451 110 483 Sectae
121 447 185 492 primae
196 446 282 480 hominum
293 452 366 491 quatuor
378 449 406 481 16.

50 508 110 540 Sectae
121 511 187 550 septem
198 510 275 548 tempore
288 503 349 537 Christi
359 507 389 537 43.

51 565 138 597 Sectarum
155 560 243 606 gentilium
260 567 332 606 quatuor
348 561 429 596 refutatio

73 621 101 652 15.

51 680 111 711 Sectae
127 675 168 710 olim
185 675 230 710 duae
245 675 312 721 gentilis
329 687 350 710 ac
361 676 429 710 Iudaica

73 735 101 767 15.
136 744 138 747 ’

474 328 830 366 Christianismum284.-uudesicnomi-

475 390 511 423 nati
519 389 561 423 ibid.
567 409 589 416 -
606 400 665 422 eorum
670 388 750 433 dogmata
760 387 802 421 ibid.
809 405 831 414 -

475 446 509 481 duo
514 458 576 491 genera
581 446 669 481 bominum
677 446 781 480 constituunt
790 447 830 479 285.

474 524 498 530 -
509 515 567 538 eorum
578 504 636 538 fabula
645 503 668 537 de
679 503 742 536 Chamo
753 502 795 536 ibid.
808 521 831 529 -

474 560 520 594 idem
536 573 573 595 enm
589 561 657 595 Christo
668 560 729 594 Sethus
744 560 797 594 inisse
808 559 830 593 ab

474 617 507 652 illis
518 619 592 652 creditur
601 621 640 652 286.
653 637 675 645 -
697 617 737 651 libri
746 616 831 652 subdititii

475 675 594 710 Sethianorum
605 676 646 710 ibid.
658 694 679 701 ·—
691 675 776 709 Heraeam
781 674 829 709 Sethi

475 732 564 777 coniugem
574 733 640 778 fingunt
651 732 692 767 ibid.

51 794 139 826 Sectarum
154 790 201 836 apud
216 781 306 824 Samaritas
322 796 340 823 et
351 790 428 833 ludaeos,
452 790 580 825 Severianorum
594 790 668 824 haeresis
684 792 712 824 25.
727 797 768 835 post
780 790 830 824 Chri-

73 859 116 893 quae
128 847 243 892 superfuerint
253 846 335 892 reliquiae
346 851 374 881 46.

52 904 195 939 Secundianorum
200 904 280 944 haeresis,
288 916 330 949 quae
335 911 376 949 post
381 904 430 938 Chri·

74 961 219 997 stianismumest
233 960 334 994 duodecima
351 964 389 994 208.
407 980 428 986 —

73 1030 84 1051 a
97 1007 131 1062 quo
142 1017 240 1051 introducta
250 1016 291 1050 ibid.

52 1077 116 1108 Senaar
124 1072 143 1106 iu
154 1074 241 1107 Persarum
252 1073 321 1117 regione
331 1073 373 1113 sita,
389 1073 430 1106 olim

74 1129 181 1175 Assyriorum
193 1130 226 1163 tuit
238 1133 254 1163 6.

52 1189 116 1220 Senaar
127 1198 195 1231 campus
207 1186 270 1220 electus
281 1198 291 1220 a
301 1186 359 1220 liberis
368 1186 430 1220 Noemi

74 1242 115 1276 ibid.
413 1240 418 1245 “

52 1303 113 1335 Sensus
130 1300 207 1346 eorporis
223 1300 302 1343 fallaces,
318 1307 336 1334 et
347 1301 376 1335 vix
390 1312 430 1335 vera

75 1357 172 1402 percipiunt
183 1361 223 1392 568.

53 1418 91 1449 Sem
103 1416 145 1460 qu'ot
155 1415 232 1461 genuerit
247 1415 291 1450 filios
307 1415 335 1461 qui
345 1427 392 1450 suam
402 1427 430 1450 re.-

74 1473 142 1519 giouem
153 1481 253 1519 receperunt
265 1476 304 1507 704.

53 1531 97 1566 Semi
107 1531 156 1566 liberi
165 1538 271 1578 nepotesque
282 1532 303 1566 ab
313 1532 334 1565 iis
345 1532 431 1579 procreati

75 1591 90 1623 5.

474 847 577 881 stianismum
583 874 589 892 ,
601 847 637 881 sive
649 850 677 880 45.
687 847 747 881 ordine
756 850 796 881 388.
808 867 831 873 -

475 907 555 938 aSevero
566 904 639 950 quodam
649 904 691 938 dicti
700 904 743 938 ibid.
755 924 777 931 -
795 905 831 938 eius

476 961 556 1004 dogmata
566 961 607 994 ibid.
618 980 639 986 -
661 961 719 994 vinum
727 961 797 995 damnat
803 962 831 994 vi-

475 1023 544 1062 temque
560 1017 635 1062 serpenti
645 1029 665 1050 ac
679 1017 749 1051 draconi
759 1017 832 1051 similem

476 1073 536 1106 asserit
544 1072 585 1107 ibid.
594 1093 613 1099 -
625 1073 712 1107 mulierem
722 1085 789 1119 qnoque
799 1073 832 1107 da-

475 1136 534 1169 mnat,
545 1136 565 1162 ut
575 1141 617 1175 opus
628 1132 701 1163 Satanae
710 1129 752 1163 ibid.
764 1137 781 1163 et
792 1133 830 1163 388.

476 1205 495 1211 -
509 1186 595 1219 hominem
606 1187 667 1231 partim
677 1186 711 1226 dei,
723 1186 786 1230 partim
795 1198 832 1220 esse

476 1242 539 1276 diaboli
544 1242 584 1276 ibid.
591 1262 613 1268 —
624 1242 670 1276 libris
676 1243 778 1288 apocryphis
783 1250 832 1277 utun-

475 1294 504 1333 tur
512 1298 553 1333 ibid.
559 1319 581 1326 -
594 1299 646 1333 vitem
655 1311 689 1333 nou
699 1311 735 1333 esse
744 1311 754 1334 a
763 1300 832 1335 diabolo

476 1358 500 1391 ex'
508 1357 590 1401 serpentis
600 1357 665 1390 semine
676 1357 777 1402 productam
789 1369 832 1392 eon-

476 1420 503 1448 tra
515 1414 614 1449 Severianus
624 1414 666 1448 ibid.

454 1472 571 1519 Sicyoniorum
579 1484 650 1518 reguum
656 1471 795 1519 antiquissimum,
806 1473 832 1508 cui

476 1532 542 1576 Europe
554 1531 602 1565 dedit
612 1530 678 1564 initium
690 1533 706 1565 9.

455 1588 575 1623 Similitudines
593 1589 611 1622 in
630 1588 726 1634 scripturis,
746 1589 832 1636 quomodo

52 1646 194 1682 Semiariauorum
220 1647 294 1682 haeresis
323 1648 368 1682 Llll.
396 1648 432 1682 sive
478 1652 517 1679 sunt
530 1646 638 1692 accipiendae
650 1649 701 1680 1027.

75 1705 158 1739 LXXlll.
170 1709 209 1740 844.
219 1725 241 1732 -
253 1705 321 1751 quinam
331 1705 357 1739 illi
367 1706 431 1739 luerint
455 1703 589 1738 Simonianorum
599 1704 673 1738 haeresis
681 1704 736 1749 prima
744 1706 765 1739 ab
773 1712 833 1740 exortu

75 1765 113 1795 845.
121 1781 144 1789 —
155 1763 196 1809 quid
201 1762 223 1797 ab
230 1763 295 1797 Arianis
302 1761 382 1796 differant
389 1762 430 1796 ibid.

476 1760 562 1806 religionis
575 1761 679 1795 Christianae
691 1762 736 1795 unde
746 1763 793 1797 dieta
805 1765 832 1798 55.

75 1838 97 1846 ·-
109 1819 183 1864 quidde
198 1820 234 1854 filio
249 1819 277 1853 dei
288 1826 306 1853 et
317 1820 383 1864 qttalem
394 1832 431 1853 esse
453 1818 512 1853 Simon
523 1819 583 1864 Magus
594 1819 630 1852 eius
640 1826 700 1853 auctor
713 1819 758 1853 unde
773 1821 833 1855 oriun-

75 1875 134 1909 dicant
143 1877 185 1911 ibid.
196 1896 217 1902 -
242 1876 387 1910 consubstantialis
397 1889 430 1910 vo-

75 1945 112 1967 eem
125 1934 204 1968 reiiciunt
218 1933 288 1968 ibid.-
312 1933 341 1978 qui
353 1941 430 1968 auctores

75 1990 123 2024 istius
134 1998 192 2025 sectae
204 1991 267 2024 luerint
278 1990 321 2024 ibid.

53 2049 171 2092 Sempseorum
188 2048 276 2083 hominum
295 2047 342 2082 natio
362 2048 430 2082 Ossenis

75 2104 131 2138 affinis
142 2108 170 2139 40.

54 2161 133 2205 Sepedon
142 2162 210 2207 viperae
219 2173 272 2206 genus
281 2161 345 2207 biceps,
355 2163 382 2196 cui
390 2162 432 2196 hae-

76 2218 117 2251 resis
129 2219 204 2253 Cerinthi
216 2226 324 2263 eomparatur
335 2222 375 2252 116.

54 2276 95 2320 Seps
109 2276 155 2320 quod
166 2276 231 2309 bestiae
247 2273 299 2320 genus
316 2276 342 2310 eui
357 2276 432 2310 haeresis

77 2340 184 2376 comparatur
195 2336 234 2366 ast.

54 2388 131 2421 Sernrum
146 2401 191 2422 mors
209 2388 299 2430 ridiculus,
319 2396 338 2422 ut
353 2390 432 2434 placeant

77 2444 156 2478 uxoribus
168 2448 219 2480 1091.

54 2500 140 2544 Serpentis
157 2502 257 2547 prudentia,
280 2509 298 2535 et
313 2513 343 2536 cur
358 2503 383 2536 illi
401 2514 432 2536 nos

76 2557 139 2592 similes
154 2572 190 2593 esse
206 2559 243 2592 vult
260 2559 335 2593 Christus
353 2563 392 2593 274.
410 2578 432 2586 -·

77 2613 111 2648 duo
117 2616 218 2660 prudentiae
225 2616 272 2661 sigua
278 2616 296 2649 in
304 2623 383 2660 serpente
391 2616 432 2649 ibid.

55 2672 127 2717 Serpens
139 2686 150 2707 a
161 2675 222 2719 Moyse
234 2686 263 2707 cur
275 2680 340 2707 erectus
352 2677 391 2707 273.

55 2729 145 2774 Serpentes
161 2731 220 2777 quibus
230 2731 280 2766 rebus
291 2731 347 2777 iugari
360 2731 431 2766 credau-

77 2793 105 2820 tur
118 2791 157 2823 422.

55 2844 119 2879 Seruch
134 2846 177 2881 filius
192 2848 250 2894 Rhaga
259 2849 400 2895 provocationem
410 2848 432 2882 si·

77 2903 147 2947 guificat
158 2908 173 2938 l.

56 2955 116 2994 sethus
127 2959 169 3008 qarot
179 2975 233 2998 annos
246 2964 318 3007 vixerit,
335 2972 355 2999 et
365 2963 432 3011 quando

78 3017 135 3052 vivere
146 3020 216 3054 desierit
227 3022 291 3056 relictis
303 3022 359 3057 liberis
371 3026 409 3056 288.

57 3073 174 3112 Sethianorum
183 3078 257 3113 haeresis
267 3079 332 3114 deeima
341 3092 385 3114 noua
394 3086 433 3128 post

477 1875 507 1908 dus
518 1874 559 1909 ibid.
566 1895 589 1902 -
601 1875 646 1920 apud
659 1887 701 1921 quos
711 1887 729 1909 se
739 1876 790 1911 deum
800 1889 833 1922 pa-

475 1939 527 1973 trem,
538 1933 584 1978 apud
594 1944 636 1978 quos
644 1932 697 1966 filiurn
708 1932 782 1968 iactabat
790 1934 832 1968 ibid.

477 2009 498 2015 -
510 2001 560 2035 aquo
569 1990 664 2034 baptizatus
673 1990 714 2023 ibid.
720 2010 743 2017 -
756 1999 833 2025 sanetum

476 2046 553 2091 spiritum
565 2058 599 2081 non
607 2047 684 2088 accedit,
702 2053 720 2081 et
731 2059 761 2082 cur
771 2060 792 2082 eo
802 2061 833 2082 ca·

477 2103 529 2137 ruerit
533 2103 575 2139 ibid.
582 2124 604 2130 —
616 2103 697 2138 avaritiae
706 2104 773 2138 deditus
779 2105 802 2138 ib.
810 2125 834 2132 -

477 2161 555 2206 pecunias
568 2161 630 2195 obtulit
646 2162 707 2202 Petro¹
725 2167 745 2194 ut
755 2162 833 2207 spirirum

477 2224 553 2251 sanctum
566 2218 591 2250 illi
606 2218 693 2251 conferret
708 2230 740 2263 per
753 2232 834 2254 manuum

477 2274 603 2318 impositionem
617 2277 644 2307 56.
656 2294 679 2300 -
701 2286 712 2308 a
724 2275 834 2311 daemonibus

477 2343 508 2376 per
517 2332 589 2376 magiam
600 2331 673 2371 delusus,
685 2338 703 2365 et
714 2333 798 2367 veneficus
809 2334 833 2368 ih.

477 2407 500 2414 -
508 2387 525 2420 ἰι]
532 2388 615 2421 Venerem
620 2388 700 2432 proclivis
707 2386 748 2422 ibid.
754 2409 777 2416 -
789 2402 833 2423 eon-

458 2446 461 2450 '
479 2443 554 2477 cubiuam
560 2444 620 2477 habuit
626 2444 694 2478 nomine
700 2445 783 2480 Helenam
792 2446 834 2480 ibid.

478 2519 501 2526 -
512 2512 563 2545 quam
573 2513 616 2534 rana
627 2500 649 2534 de
658 2513 684 2541 se,
696 2501 746 2535 etde
756 2515 786 2536 sua
797 2504 834 2536 lle-

477 2558 517 2592 lena
529 2557 601 2591 absurde
616 2557 683 2591 finxerit
693 2558 734 2597 ibid.
747 2579 768 2586 -·
791 2559 835 2593 haec

478 2615 499 2648 ab
506 2615 596 2648 haereticis
606 2622 667 2649 vocata
674 2616 747 2650 Rarbero
756 2616 783 2650 vel
792 2618 834 2650 Bar·

478 2672 517 2705 belo
526 2672 568 2706 ibid.
578 2678 596 2706 et
603 2675 630 2706 57.
637 2692 660 2699 -
671 2680 689 2706 et
697 2673 761 2717 abipso
767 2674 834 2708 Simone

477 2731 529 2774 Mago
540 2730 586 2764 dicta
596 2730 673 2765 Minerva
684 2733 712 2764 et.
721 2750 743 2756 -
765 2731 806 2765 item
817 2739 834 2766 et

435 2802 437 2804 ·
478 2787 532 2822 Notio
549 2795 567 2822 et
583 2788 623 2822 Ovis
642 2788 735 2822 errabunda
752 2789 835 2835 evangelii

479 2848 506 2879 58.
517 2864 540 2872 -
563 2846 594 2880 sub
606 2846 651 2881 lovis
662 2859 681 2880 se
691 2846 774 2891 imagine,
792 2848 834 2883 item

478 2916 525 2938 suam
539 2905 623 2939 Helenam
634 2904 665 2938 sub
681 2904 737 2950 specie
747 2906 834 2942 Minervae

478 2975 489 2996 a
499 2962 532 2995 suis
541 2962 596 2997 voluit
605 2962 673 2996 adorari
681 2962 723 2996 ibid.
735 2983 760 3000 -,
781 2965 833 3000 foeda

479 3032 569 3065 corporum
580 3020 661 3066 profluvia
672 3020 745 3054 instituit
756 3022 798 3056 ibid.
811 3043 833 3049 —

478 3077 533 3112 varias
544 3077 664 3123 intelligentias
675 3077 693 3113 in
705 3078 756 3113 coelis
768 3080 834 3114 eonsti-
