1988 3392
223 233 317 268 raanan
327 233 408 267 maur.
420 235 475 268 rou.
488 235 501 267 1.
513 233 581 267 nura.
589 233 671 266 cxxvi.
797 222 842 265 201>

56 311 158 363 existent,
174 326 198 353 ae
209 327 248 354 nou
261 313 299 353 iam
310 326 362 354 unus
372 313 420 354 deus
432 314 481 364 erit,
497 314 529 367 qui
542 325 621 366 semper
633 310 679 361 luit,
701 310 773 365 quique
786 311 841 366 prius

56 393 78 421 se
94 379 141 420 nihil
155 379 234 432 babuit,
255 394 278 421 ac
290 386 386 436 perpetuo
405 387 484 432 manet,
505 395 517 421 a
534 394 572 435 quo
588 379 659 421 unicus
676 392 775 433 verusque
789 379 841 419 lilius

56 447 136 505 genitus
145 455 176 490 est
187 455 207 491 et
218 447 299 502 existit,
316 447 340 490 ab
352 448 460 505 eodemque
472 449 578 506 productus
592 455 623 491 εει
635 453 717 489 sauctus
728 446 789 504 ipsius
801 439 842 505 spi-

56 519 118 562 ritus:
139 519 174 562 sed
187 519 220 577 qui
234 527 354 577 quaerentur
368 520 479 577 complures
493 528 551 563 erunt
564 520 602 574 dii,
623 520 690 577 itaque
704 519 728 561 ad
743 517 841 561 fallaciam

34 589 36 593 ’
56 589 173 632 relabentur
188 590 266 643 omnia,
290 598 310 632 ει
326 590 435 633 averitate
451 591 529 647 penitus
545 590 674 633 aberrabunt.
705 588 841 645 Quamobrem

52 653 108 700 ιιιιιιε
122 654 190 711 nobis,
211 666 233 701 nt
242 673 314 701 revera
326 667 368 712 est,
384 660 524 716 intelligendus
538 667 569 701 est
580 661 641 711 deus,
654 668 713 713 pater
723 661 796 699 domabat
805 674 840 699 no-
848 670 861 698 a
869 669 905 698 σοι.
910 669 924 705 ι,
929 669 943 697 a.

56 730 96 767 atre
102 730 147 767 Iesu
158 730 240 777 carna,
264 743 291 769 ex
306 743 345 783 quo
360 728 442 783 spiritus
460 735 541 769 sanetus
558 735 599 779 est,
621 731 657 781 qui
665 742 677 767 a
684 736 744 781 patre
751 730 842 780 procedit
856 738 910 766 roam.

57 802 99 834 eta
103 797 151 846 filio
164 799 241 847 ucczpat
272 795 329 835 Haec
344 802 375 835 est
386 809 423 835 una
436 795 541 845 divinitas
561 809 613 835 unus
629 796 689 846 deus,
713 809 765 835 unus
779 795 842 834 domi·
860 758 913 807 ¹⁵³⁶-

57 874 107 911 nus,
128 868 197 916 pater,
219 861 320 912 attilius,
343 856 565 916 etsprrutussauctus.
598 859 840 916 lnquonnllaestlilu

57 943 101 972 eum
112 936 168 988 patre
178 929 286 989 spiritusve
297 929 360 973 sancti
371 929 473 984 conlusio,
490 929 525 972 sed
537 937 557 972 et
566 936 623 989 pater
632 932 688 988 pater
700 937 742 985 εει,
759 938 779 974 ει
790 931 841 975 filius

58 1001 122 1056 lilius,
144 1009 164 1045 ει
181 1002 262 1059 spiritus
278 1010 359 1046 sanetus
374 1002 456 1059 spiritus
472 1009 565 1055 sanctus,
586 1002 741 1059 pertentatum,
761 1018 800 1045 una
812 1003 842 1046 di·

58 1072 143 1125 rinitas,
160 1086 211 1114 unns
225 1073 286 1125 deus,
303 1086 354 1114 unns
368 1072 471 1124 dominus,
491 1072 654 1127 quemadmodum
665 1086 725 1128 saepe
739 1074 759 1114 in
771 1073 843 1115 baere-

58 1140 112 1183 sibus
126 1141 237 1183 refutandis
253 1141 340 1183 divinum
357 1155 429 1183 numen
447 1141 599 1197 praedicandum
616 1140 794 1197 celebrandumque
807 1142 842 1183 do-

57 1203 142 1251 cuimus.
174 1209 219 1265 Qua
235 1223 257 1250 re
273 1224 316 1262 cum
336 1217 355 1251 et
374 1224 425 1251 unus
441 1211 490 1251 deus
504 1209 541 1261 sit⁷
563 1224 600 1250 nec
619 1209 678 1250 alium
694 1217 774 1264 praeter
790 1210 841 1251 buno

58 1277 124 1317 animo
136 1278 242 1332 concipere
255 1277 367 1332 possimus,
383 1278 492 1318 admirabili
502 1285 569 1317 tamen
582 1277 660 1317 ratione
672 1284 691 1317 et
701 1277 801 1331 ingenitus
813 1284 842 1317 at·

58 1357 95 1399 que
107 1343 209 1385 increatus
220 1350 276 1399 pater
286 1351 328 1392 εει,
347 1350 367 1384 et
378 1344 449 1384 unicus
462 1344 492 1384 dei
503 1344 554 1385 lilius
566 1343 590 1384 ab
600 1343 644 1399 ipso
653 1344 732 1399 genitus
744 1345 797 1385 nulla
809 1359 842 1386 ra·

56 1412 111 1454 tione
122 1412 223 1455 dissimilis
233 1412 286 1455 illius
298 1419 342 1464 est,
364 1413 399 1454 sed
414 1412 466 1454 idem
479 1425 523 1454 cum
537 1419 603 1468 patre,
625 1419 645 1453 et
658 1412 735 1469 aequali
747 1413 767 1455 in
778 1414 842 1456 omni-

57 1482 94 1527 bus
104 1483 200 1541 dignitate
211 1484 311 1541 gaudens,
332 1483 411 1526 tametsi
424 1483 503 1541 genitus
517 1482 567 1536 iste,
583 1483 616 1526 ille
627 1498 678 1527 vero
691 1483 718 1527 sit
731 1484 840 1542 ingenitus.

57 1552 137 1595 Etenim
150 1556 167 1596 si
180 1555 240 1597 lilium
252 1556 333 1596 omniuo
344 1555 424 1609 genuit,
441 1555 484 1596 fieri
497 1569 536 1596 non
547 1562 612 1610 potest
625 1561 646 1595 ut
657 1569 696 1596 non
708 1556 758 1611 patri
769 1570 843 1612 aequa-

57 1623 81 1664 lis
93 1623 120 1664 sit
132 1638 156 1664 ac
171 1623 249 1666 similis.
280 1621 378 1678 Quicquid
389 1624 441 1664 enim
452 1623 527 1679 gignit,
550 1624 613 1665 simile
626 1625 663 1666 sibi
680 1625 754 1680 giguit:
777 1639 842 1680 neque

57 1692 121 1733 simile
140 1699 226 1743 tantum,
249 1692 284 1733 sed
300 1692 352 1733 idem
371 1699 429 1746 atque
447 1692 530 1746 aequale
546 1706 637 1747 prorsus.
668 1692 761 1748 Exempli
778 1696 842 1748 gratia

58 1759 157 1800 bominem
174 1759 233 1800 homo
249 1759 323 1814 gignit,
347 1767 368 1800 et
383 1760 431 1800 deus
446 1760 515 1811 deum3
537 1760 571 1800 ille
589 1761 713 1815 copulatione
728 1776 842 1816 corporum,

57 1825 89 1865 bie
104 1825 240 1881 inexplicabili
251 1826 334 1880 quodam
345 1827 404 1866 modo
417 1840 468 1867 ιιιιιιε
483 1826 562 1866 unicum
575 1827 634 1867 lilium
648 1828 728 1881 genuit,
749 1828 792 1868 sine
805 1828 845 1868 ullo

57 1892 166 1948 profluvio,
183 1893 216 1935 vel
227 1893 363 1935 contractione
375 1894 408 1936 vel
418 1892 541 1935 dilatatione.
571 1892 633 1936 Pater
643 1895 695 1937 enim
709 1910 753 1937 oum
765 1895 792 1937 sit
803 1896 844 1952 spi·

57 1961 120 2017 ritus,
136 1977 163 2007 ex
176 1963 243 2022 seipso
255 1963 308 2007 nullo
320 1963 353 2008 vel
365 1963 435 2018 initio,
458 1963 490 2008 vel
502 1971 591 2022 tempore
603 1964 662 2009 filium
676 1966 756 2024 genuit,
773 1965 811 2009 sibi
822 1964 843 2009 in

58 2034 149 2077 omnibus
166 2035 250 2077 similem
268 2042 288 2077 et
306 2035 407 2145 aequalem
423 2043 445 2077 ut
461 2049 488 2077 ex
504 2035 603 2092 evangelii
621 2039 740 2079 auctoritate
755 2045 841 2080 constat.

58 2106 188 2156 Quaerebant,
209 2104 315 2160 inquit,'
314 2107 360 2146 llum
372 2107 481 2159 mterfieero
489 2108 567 2155 Iudaea
589 2121 634 2159 quaa
643 2121 681 2147 nou
693 2110 747 2147 arado
756 2109 844 2148 uoluebat
857 2113 911 2176 lpapp

56 2174 166 2222 sabbatum,
188 2175 223 2214 ced
236 2176 292 2213 etaiam
302 2175 369 2226 filc‘um
386 2176 510 2227 dedserprum
523 2175 608 2223 da'eedat,
629 2177 840 2228 aequulemsefaea'eus
872 2169 878 2184 '
903 2169 907 2176 ’

57 2244 98 2281 deo.
130 2240 158 2281 Et
169 2254 218 2282 vero
229 2242 327 2295 quomodo
337 2256 377 2282 uon
388 2242 408 2281 in
423 2242 514 2283 omnibus
527 2243 578 2297 patri
589 2242 659 2283 similis
670 2250 702 2284 est
712 2250 732 2283 et
743 2243 840 2297 aequalis,

57 2307 121 2361 quiin
132 2307 198 2361 seipso
211 2308 272 2348 vitam
286 2308 356 2358 babet,
379 2315 437 2361 atque
452 2308 479 2348 ita
495 2309 592 2363 loquitur:
616 2312 773 2360 Quemadmodum
787 2319 844 2362 pater
863 2327 916 2356 lnam

56 2377 138 2414 suscitat
148 2382 244 2424 mortuos,
261 2377 289 2414 ita
299 2382 320 2414 et
322 2376 382 2429 filaus
393 2377 476 2415 suscr'tat
484 2380 584 2416 mortuos?
599 2376 681 2418 deinde:
699 2379 738 2429 Qui
746 2379 840 2427 ualletme,
863 2362 921 2425 ltili„

57 2446 107 2485 uidet
115 2450 136 2484 et
143 2451 227 2498 patrem.
258 2442 306 2486 Non
321 2450 387 2503 potest
401 2444 419 2487 is
437 2457 482 2488 esse
498 2445 589 2489 diversus
604 2446 637 2504 qui
651 2459 688 2505 per
703 2460 750 2490 sese
765 2453 841 2505 patrem
866 2432 913 2468 Μ’

57 2515 163 2572 signilicat.
187 2513 239 2557 Tum
252 2515 285 2572 qui
296 2515 336 2558 ista
348 2516 405 2559 dicit:
423 2519 462 2570 Qut
469 2521 568 2572 cognoscit
577 2533 606 2559 me
618 2522 719 2573 cognoscit
727 2527 747 2560 et
754 2527 842 2573 patrem:

57 2593 89 2628 et:
112 2589 147 2640 qui
155 2589 207 2627 vadet
215 2601 244 2626 me
254 2589 305 2626 azaer
315 2595 335 2627 et
342 2595 424 2640 patrem.
457 2587 561 2644 Tanquam
575 2602 614 2629 non
628 2589 679 2630 alius
691 2589 774 2644 ipsemet
787 2604 843 2646 apa·

56 2662 87 2697 tre
99 2655 137 2707 sit,
157 2655 176 2696 id
193 2655 245 2711 quod
259 2662 297 2696 lam
311 2663 367 2711 pater
382 2671 440 2711 quam
451 2657 502 2698 lilius
511 2657 585 2698 indicat
595 2657 626 2698 bis
638 2658 717 2699 verbis:
735 2661 843 2699 Faciamus
851 2667 890 2696 Gen.
900 2668 915 2703 1,
922 2667 946 2696 ιι.

56 2726 148 2763 homiuem
163 2726 190 2763 ad
206 2727 306 2776 auruginem
322 2732 419 2773 nostram,
443 2733 463 2765 et
476 2728 502 2765 ad
515 2729 664 2766 similitudinem.
696 2726 757 2780 Atqui
770 2726 807 2767 nisi
820 2727 843 2766 li·

56 2791 95 2831 lius
106 2791 156 2845 patri
169 2791 239 2831 similis
254 2798 320 2841 esset,
342 2791 420 2844 quinam
434 2794 458 2832 ad
469 2794 575 2846 imaginem
592 2801 612 2833 et
625 2793 772 2834 similitudinem
789 2801 844 2835 esset

56 2856 116 2897 bomo
132 2857 209 2897 tactust
238 2855 286 2897 Non
303 2857 354 2897 enim
370 2857 421 2897 dixit
433 2866 500 2913 pater,
521 2858 628 2900 Faciamus
641 2859 742 2914 hominem·
756 2860 780 2899 ad
793 2859 843 2899 inra-

57 2925 122 2982 giuem
134 2939 212 2977 meam,
233 2932 267 2967 aut
283 2925 315 2967 Ad
329 2924 434 2982 imaginem
451 2935 517 2981 tuam,
540 2927 575 2969 sed
591 2917 840 2982 Aatmagzuem‘mstmm

57 3009 133 3045 Patauina
148 3010 221 3051 uidetur,
241 3020 339 3068 quamquam
356 3011 470 3054 culpatam
485 3010 501 3046 6
513 3009 643 3059 διηλλαγμένως
654 3013 699 3049 codd
711 3013 766 3055 scripti
778 3015 795 3079 et
806 3013 843 3047 edit.

56 3057 120 3090 retinuit
130 3035 246 3098 smtptaratb‘
238 3069 259 3101 ρη
251 3059 292 3092 ‘atu
459 3061 511 3102 prino.

79 3101 259 3146 comtendentium.
