1988 3392
239 246 332 281 PANARII
343 247 385 280 Lta.
395 249 425 282 ill.
436 249 492 283 Tott.
500 249 522 282 ll.
533 248 601 283 HAER.
610 248 708 281 Lxxvttt.
822 240 865 280 417

82 331 140 373 bomo
156 340 221 369 senex
234 341 295 385 supra
306 325 393 370 LXXX
409 343 473 371 annos
488 337 547 373 natus
561 329 658 386 virginem
670 328 694 370 ad
705 342 761 370 nsum
775 328 865 385 corporis

82 414 121 442 uon
137 396 250 453 acceperit,
271 397 306 439 sed
319 396 386 439 divina
397 398 462 453 potius
475 399 599 455 providentia
612 399 637 440 ad
650 398 704 439 illam
716 397 865 439 custodiendam

81 476 112 510 est
123 465 233 522 appositus.
264 463 343 507 Deinde
359 465 417 507 ambo
429 474 486 508 eraut
500 469 567 523 utique
579 467 639 521 insti,
661 479 725 522 neque
738 465 771 521 qui
782 466 819 507 boc
832 479 865 506 se·

82 535 120 578 mel
130 534 227 576 audiisset
240 534 313 575 loetum
326 534 392 585 illum,
415 549 472 590 quem
486 535 506 577 in
520 542 576 577 utero
587 537 631 593 ipsa
647 535 752 591 gestabat,
773 534 866 591 espiritn

82 617 127 647 esse
139 610 222 654 sancto,
239 609 284 658 post
296 609 370 645 tautam
385 603 416 645 dei
427 603 618 646 administrationem
629 619 678 647 vase
688 605 723 646 illo
733 604 817 645 auderet
829 603 865 654 nti,

82 672 132 729 quod
145 686 190 713 enm
200 685 272 728 capere
286 679 387 714 meruerat
401 685 458 728 quem
471 672 496 713 ob
508 672 639 715 excellentem
656 673 740 728 gloriam
754 671 831 713 ccclnm
843 685 866 712 ac

82 749 135 783 terra
147 739 251 782 continere
263 754 301 782 uun
314 747 405 796 possunt.
436 738 489 782 Nam
502 741 519 782 si
533 740 571 782 boc
582 740 625 798 ipso
637 748 727 796 tempore
742 740 833 796 virgines
846 740 866 780 iu

83 809 126 851 eius
138 808 218 850 nuntiae
233 822 364 864 perseverare
376 808 396 850 in
409 808 442 850 illo
456 816 508 850 statu
520 824 544 851 ac
556 809 706 862 castimoniam,
731 818 751 851 et
762 808 867 850 continen-

82 878 130 920 tiam
142 890 225 919 servare
237 877 372 928 contendunt,
394 884 468 932 quanto
482 878 545 918 maior
555 876 634 933 lcsepbi
648 878 719 933 religio
731 885 775 919 erat
787 891 810 918 ae
821 874 867 918 llla·

82 946 136 997 riae,
153 959 203 1000 quae
214 952 236 988 ut
246 946 341 1001 scriptum
355 951 397 995 est,
414 948 476 986 omru'a
489 949 509 986 r'n
522 948 580 986 corde
590 961 625 986 sno
638 948 762 1000 consumebat?
792 942 971 986 Cujus.1.uc.e,tu

83 1013 136 1055 nrodi
147 1027 196 1056 vero
207 1020 250 1055 erat
262 1013 321 1065 illud,
343 1019 386 1068 pust
403 1013 441 1055 tale
453 1020 568 1069 tantumque
584 1013 663 1055 divinae
676 1014 812 1070 providentiae
825 1027 868 1069 ury-

83 1082 166 1124 sterium
177 1083 299 1138 deerepitum
314 1096 383 1123 senem
399 1096 444 1123 cum
460 1081 538 1137 virgine
556 1081 668 1124 castissima
680 1090 700 1123 et
712 1080 868 1123 borroratissima

84 1164 230 1203 consuescere,
254 1164 298 1192 cnm
314 1163 338 1191 eo
353 1150 433 1206 inquam
450 1163 499 1192 vase
515 1151 567 1207 qnod
585 1164 629 1192 oum
645 1150 678 1206 qni
693 1150 736 1206 capi
751 1165 790 1191 non
804 1155 870 1205 potest

83 1226 164 1275 ceperat
174 1233 197 1260 ac
208 1225 247 1260 tam
259 1219 377 1275 stupendum
395 1218 478 1275 prodigii
494 1218 589 1261 coelestis
600 1226 620 1260 et
632 1219 728 1261 bumarrae
744 1219 815 1261 salutis
826 1231 870 1274 my-

84 1288 167 1331 sterium
182 1287 308 1344 complexum
324 1288 402 1330 luerat?

142 1353 194 1416 Nam
211 1370 261 1412 quac
279 1355 369 1398 rationes
385 1356 409 1397 ad
423 1356 471 1397 illud
485 1357 629 1398 ostendendum
644 1371 683 1398 non
701 1363 807 1413 suppetant
821 1355 869 1397 bea·
881 1363 923 1407 cap.
933 1362 966 1396 tx.

85 1433 124 1468 tam
137 1424 234 1480 virginem
245 1425 265 1467 in
277 1423 395 1466 castimonia
407 1425 532 1482 perstitisse?
562 1423 654 1467 Doccant
664 1440 701 1467 ttos
710 1426 737 1467 illi
750 1432 794 1481 post
806 1426 871 1467 salva-

85 1499 149 1539 torem
160 1494 181 1537 in
192 1494 256 1537 lucem
268 1494 340 1536 editum
358 1494 409 1536 ullus
419 1492 505 1537 Mariam
523 1495 625 1552 peperisse
637 1494 720 1537 liberos.
751 1492 825 1537 Dicant
836 1494 871 1537 lm-

86 1579 130 1609 rum
147 1564 241 1617 aomina,
266 1577 288 1605 ac
302 1563 319 1605 si
334 1563 399 1620 placet
413 1563 538 1621 contingant,
561 1564 636 1606 fraudis
651 1578 674 1606 ac
689 1562 790 1606 versutiae
807 1565 871 1605 omnis

86 1633 197 1678 architecti.
229 1630 270 1675 Sed
287 1632 334 1675 illud
352 1633 489 1676 demonstrare
506 1648 605 1691 nunqnam
625 1640 726 1691 poterunt.
745 1632 804 1676 Non
819 1634 872 1675 enim

88 1705 146 1747 ullam
157 1705 215 1759 virgo
230 1702 268 1744 viri
280 1702 443 1745 consuetudinem
457 1703 531 1745 babuit.
562 1702 623 1746 Absit
635 1711 655 1745 nt
667 1703 760 1745 babuisse
771 1711 871 1760 putemus.

88 1772 110 1817 Si
122 1773 175 1815 enim
189 1772 265 1828 aliquos
278 1772 352 1814 liberas
365 1772 487 1829 peperisset,
510 1787 560 1829 qnae
576 1787 620 1815 cum
632 1773 733 1815 salvatore
744 1772 788 1828 ipso
804 1786 873 1814 versa-

87 1842 146 1885 batur
160 1840 251 1894 assidue,
274 1855 314 1883 una
324 1848 345 1883 et
357 1841 418 1898 ipsius
435 1840 485 1883 lilius
503 1842 580 1891 vixisse
592 1841 689 1883 dicerent.
721 1839 762 1883 Sed
780 1842 817 1883 boc
833 1841 872 1882 ittis

88 1910 186 1967 evangelii
203 1910 275 1952 dictum
292 1911 396 1966 imposuit,
417 1913 469 1951 Ecce
479 1918 540 1951 nrorer
552 1919 585 1951 tua
596 1919 616 1951 et
622 1913 697 1966 fratres
709 1913 740 1951 tm*
747 1912 798 1966 foris
808 1918 868 1959 stant,
879 1921 962 1959 uocatu.

88 1988 200 2035 quaerentes
218 1988 242 2020 te.
274 1978 319 2021 Nec
336 1978 383 2020 illud
402 1978 562 2021 animadvertunt
579 1980 631 2035 quod
647 1987 706 2021 antea
721 1979 816 2035 scriptum
832 1987 871 2032 est,

90 2053 182 2103 Quoniam
195 2050 269 2104 fratres
285 2052 326 2090 circs
342 2063 379 2089 narr
395 2048 498 2089 credebam
513 2052 533 2089 ia
549 2050 610 2089 illum.
643 2047 754 2090 Enimvero
772 2062 808 2089 uus
824 2063 871 2104 pro·
897 2055 951 2119 Ipapu·

90 2133 162 2175 gressu
177 2118 272 2175 temporis
287 2117 427 2160 instructiores
440 2116 522 2170 redditi,
545 2131 589 2159 eum
601 2117 706 2174 aliquando
722 2131 790 2159 sacras
804 2117 873 2159 literas
914 2113 920 2128 '
938 2112 942 2120 '

91 2195 130 2230 tam
147 2187 263 2245 simpliciter
279 2187 364 2243 scriptas
380 2199 426 2228 esse
442 2186 572 2238 miraremur,
593 2194 696 2243 postquam
714 2186 793 2243 penitus
808 2187 874 2227 onrraia

90 2258 224 2315 pervidimus,
240 2256 363 2313 deogratias
376 2269 436 2313 agere
447 2255 560 2313 caepimus,
577 2255 609 2312 qui
620 2256 745 2312 paucissimis
757 2259 874 2315 quibasdam

90 2327 159 2370 verbis
172 2340 240 2368 eoram
252 2326 339 2368 omnium
351 2338 401 2381 quae
412 2325 433 2366 iu
445 2324 508 2368 sacris
523 2325 587 2367 literis
601 2326 675 2382 scripta
687 2334 734 2368 sunt
744 2328 839 2370 aruoitara
852 2343 876 2370 ac

91 2396 197 2438 stabilitam
208 2394 312 2437 veritatem
324 2394 421 2436 exhibere
431 2393 502 2436 voluit.
533 2391 585 2435 Cum
600 2395 653 2436 euim
665 2395 689 2437 de
707 2394 780 2439 lacobo
795 2397 876 2440 assidue

91 2464 138 2507 illud
156 2464 282 2515 audiremus,
304 2464 385 2505 fratrem
398 2464 462 2520 ipsum
478 2462 553 2504 domini
568 2471 660 2506 vocatum
678 2464 752 2519 luisse,
775 2467 808 2522 qni
823 2466 877 2509 istud

92 2533 153 2576 toties
168 2546 252 2576 necesse
264 2533 317 2574 foret
329 2539 421 2589 repetere
433 2531 568 2574 admirabundi
583 2533 736 2588 qrraerebamns.
767 2533 828 2577 Nunc
841 2550 877 2577 au-

94 2609 133 2645 tem
144 2617 181 2645 eur
190 2602 210 2644 id
220 2602 241 2644 in
252 2602 315 2644 sacris
327 2601 390 2643 literis
402 2608 448 2643 ante
462 2601 488 2643 cit
497 2600 615 2643 inculcatum
631 2602 767 2658 intelligimus.
800 2603 877 2646 Videli-

94 2678 126 2714 cet
136 2680 158 2714 nt
168 2687 212 2714 eum
225 2671 327 2721 audimus,
348 2660 400 2710 Ecce
411 2679 472 2711 meter
486 2678 519 2711 tao
534 2679 553 2711 ct
563 2672 638 2725 fratres
650 2675 681 2712 tui
689 2674 739 2724 soris
753 2680 808 2714 stunt
820 2688 878 2727 prrae-

93 2749 157 2782 rentes
169 2749 198 2791 te,
216 2740 240 2782 de
250 2736 323 2781 lacobo
334 2752 358 2780 ac
371 2738 445 2781 ceteris
457 2736 537 2796 losepbi
548 2738 605 2791 liliis,
622 2754 662 2781 non
676 2738 767 2790 Mariae,
785 2742 818 2797 qni
830 2741 878 2783 nulli

94 2816 152 2862 sunt,
176 2810 248 2851 dictum
264 2807 311 2850 illud
328 2820 374 2848 esse
390 2807 504 2850 doceamur.
535 2806 606 2862 Neque
620 2807 673 2849 enim
689 2808 767 2851 dubium
784 2817 815 2850 est
831 2809 877 2864 quin

95 2873 192 2930 lacubus,
209 2891 248 2932 quo
260 2884 348 2932 tempore
362 2873 455 2917 Christus
467 2876 487 2917 iu
499 2876 618 2917 boemundo
629 2877 761 2929 versabatur,
779 2884 833 2919 esset
844 2890 879 2917 ae-

95 2950 136 2986 tate
147 2945 268 3002 provectior.
300 2941 394 2986 Ceterum
406 2945 478 2986 iratres
489 2944 544 3001 ipsos
560 2944 659 3000 scriptura
676 2953 745 2999 vocat,
767 2945 879 2987 contrarias

95 3012 191 3056 haereses
202 3014 262 3056 tacite
271 3014 401 3069 redarguens,
418 3026 441 3054 ae
453 3014 533 3056 noraina
542 3013 620 3055 illoram
632 3015 759 3070 exprimens,
777 3012 879 3067 iacobum,

64 3136 66 3139 Ι
96 3079 155 3134 lose,
172 3081 305 3140 Symeonem,
322 3080 398 3135 ludam,
416 3079 524 3135 Salomen,
541 3079 663 3124 etblariarn.
694 3082 728 3124 Ex
740 3098 778 3139 quo
792 3083 881 3125 declara·

131 3162 192 3199 (terpus
200 3160 292 3191 uaricum
298 3158 319 3189 tt.
326 3161 341 3190 3.
715 3166 743 3207 27
