1988 3392
116 226 158 269 758
422 229 496 265 mnas
508 228 596 264 annun.
652 215 654 220 ’

139 314 196 348 rident
212 311 304 346 monachos
319 311 361 345 ibid.
372 329 394 337 -
422 320 497 354 evauge-
543 309 574 342 tim
586 308 701 354 expositarum
710 310 738 342 52.
750 310 778 342 53.
790 310 818 342 54.
829 319 861 353 per
871 314 902 343 tc-

140 371 181 404 lium
191 368 223 402 sub
232 368 301 403 nomine
311 367 386 412 Philippi
396 367 499 412 prolitentur
544 372 586 398 tum.

140 426 181 459 ibin.
198 444 221 451 -
248 436 298 469 quam
315 424 386 457 ridicula
402 423 460 456 dicant
476 422 498 454 de
522 421 650 455 Haereticorum
662 421 740 454 conlusio
751 421 837 466 aptissima
854 420 903 454 simi-

141 481 178 515 lilia
188 480 271 525 propheta
280 479 321 512 ibid.
335 499 356 505 -
379 478 461 512 refutatio
470 490 498 511 er·
545 477 617 511 litudine
628 477 729 511 describitur
740 479 780 511 502.
792 495 815 502 -
831 483 902 522 etquo-

140 548 199 572 roruru
211 537 331 570 Gnosticorum
343 538 371 567 97.
384 554 405 560 -
429 534 499 567 castita-
545 533 597 567 modo
611 545 620 567 a
632 533 659 567 via
674 540 721 568 recta
735 533 769 578 ipsi
783 532 875 567 deflectant
886 540 905 567 et

141 595 164 628 tis
176 600 235 628 contra
246 604 276 626 eos
287 592 365 626 defensio
372 591 414 625 ibid.
420 597 438 625 et
443 593 471 625 98.
478 610 500 617 --
546 586 626 625 aberrent
641 590 674 626 alia
687 591 814 636 comparatione
826 590 904 625 ostendi-

142 651 246 698 Epipbanius
258 662 268 684 a
278 650 363 684 Gnosticis
374 656 449 683 tentatus
461 651 489 682 90.
546 656 575 683 tur
589 651 628 683 50³.

120 709 198 745 Gnostici
220 720 316 743 communes
336 707 401 742 habent
422 706 500 741 mulieres
524 708 652 742 Haereticorum
675 707 757 742 calumnia
779 708 864 754 detegitur
888 715 905 743 et

143 771 172 803 85.
184 787 207 795 -
225 779 284 802 eorum
295 765 401 802 consuetudo
412 765 429 800 iu
441 764 501 811 hospi·
547 766 631 801 stoliditas
642 778 680 800 curn
689 767 809 801 abstinentiam
820 775 839 801 et
850 774 906 802 castos

143 828 188 862 tibus
200 825 302 872 excipiendis
312 828 341 860 86.
352 845 374 851 -
397 824 446 859 foedi
458 835 501 858 con·
544 825 629 860 'ecclesiae
638 837 694 859 mores
709 824 767 870 inepte
779 824 907 870 reprehendunt

145 886 210 919 tutu...
223 874 364 918 denominatur
379 882 421 916 stra.
433 903 456 909 -
478 881 502 915 u-
549 886 588 917 sor.

144 1001 221 1034 serviunt
231 1002 260 1033 87.
273 1018 294 1025 -
311 1014 313 1017 >
324 998 428 1032 execrandae
443 997 503 1042 epulae
549 997 664 1043 blasphemiae
676 1000 726 1033 10³7.

143 1057 186 1092 ibid.
195 1052 212 1082 '-
225 1055 287 1090 ieiunia
294 1062 394 1088 execrantur
403 1053 444 1087 ibid.
452 1072 474 1079 -
486 1055 503 1087 in
527 1055 613 1089 Haeretici
623 1054 686 1088 similes
697 1055 815 1100 buprestarum
827 1055 856 1102 qni
868 1063 907 1090 sunt

146 1121 185 1148 cute
196 1113 271 1148 curanda
285 1113 330 1146 ultra
340 1111 410 1145 modum
426 1106 507 1155 occupati
550 1124 560 1146 e
570 1110 699 1146 scarabaeorum
710 1123 772 1156 genere
783 1115 822 1145 282.

145 1170 221 1204 ibid-
238 1176 310 1214 utroque
322 1175 391 1201 utuntur
402 1174 504 1200 testamento
527 1169 656 1203 Haereticorum
673 1169 719 1202 fraus
738 1175 779 1214 apta
799 1168 908 1204 similitudine

145 1226 187 1260 ibid.
200 1245 221 1251 -
250 1225 292 1270 quid
314 1225 388 1270 sentiant
408 1225 467 1268 inepte
483 1224 505 1256 de
551 1225 645 1258 declaratur
657 1227 697 1258 103,

146 1284 211 1316 Ioanne
222 1281 299 1327 Baptista
310 1283 338 1314 88.
528 1281 614 1314 Haeretici
631 1281 677 1314 varia
693 1282 762 1315 nomina
773 1281 867 1316 sortiuntur
877 1292 909 1326 pro

125 1338 204 1373 Gnostici
219 1350 231 1372 a
246 1337 306 1381 seipsis
323 1336 436 1376 dissentiunt,
459 1334 505 1380 quod
551 1344 635 1370 sectarum
646 1337 738 1378 varietate,
750 1337 782 1371 sed
795 1348 830 1371 uno
841 1337 910 1371 nomine

147 1395 254 1429 demonstrat
266 1397 344 1428 irenaeus
356 1396 396 1427 204.
551 1406 561 1428 a
571 1394 638 1428 Christo
650 1394 732 1429 videlieet
743 1394 834 1429 Christiani
845 1406 910 1429 vocan-
926 1404 928 1408 “

125 1452 202 1487 Gnostici
213 1464 224 1485 a
235 1451 334 1485 simoniacis
349 1450 432 1495 originem
447 1457 506 1484 trane·
552 1457 580 1485 tur
590 1454 630 1485 367.

147 1517 188 1545 runt
199 1511 227 1544 58.
529 1509 616 1545 Haeretici
627 1509 715 1546 devitandi
726 1517 745 1544 ut
756 1522 778 1545 ne
789 1510 858 1545 salutari
871 1510 910 1557 qui-

126 1568 205 1606 Gunstici
216 1567 250 1603 dici
261 1568 319 1614 potius
330 1567 394 1602 debent
409 1568 508 1615 Gataguosti
553 1569 593 1604 dem
604 1569 678 1604 debeant
688 1572 727 1604 248.

149 1629 161 1662 i.
172 1640 188 1662 e.
201 1627 277 1662 damnati
289 1629 328 1660 102.
531 1628 659 1662 Haereticorum
670 1628 727 1677 variae
737 1627 851 1673 blasphemiae
860 1631 911 1662 1035.

128 1687 267 1722 Gurotltenorum
277 1685 357 1729 haeresis,
370 1696 412 1730 quae
422 1690 448 1719 est
458 1685 509 1719 tertia
533 1684 618 1720 Haeretici
624 1685 701 1730 plerique
706 1686 857 1731 metempsychosis
863 1692 912 1719 erant

150 1744 292 1778 Samaritanorum
305 1744 332 1775 30.
373 1743 375 1746 '
555 1750 648 1776 assectares
661 1745 699 1776 3³0.

128 1801 198 1836 Gratiae
209 1800 245 1834 sive
256 1799 300 1833 dena
312 1799 365 1844 gratis
375 1799 414 1833 data
424 1799 442 1834 in
454 1799 507 1834 eccle·
532 1799 660 1833 Haereticorurn
671 1800 745 1844 pravitas
755 1812 766 1833 a
774 1799 856 1845 religione
861 1800 912 1834 Chri-

150 1859 175 1893 sia
186 1870 221 1893 non
232 1857 294 1891 desunt
307 1860 347 1891 406,
554 1856 609 1890 stiana
618 1856 696 1890 nationes
704 1856 780 1896 deterret
790 1863 808 1890 et
818 1857 867 1901 fugat
873 1860 911 1890 104.

532 1912 618 1946 Haeretici
629 1923 661 1957 pro
670 1919 719 1958 patre
731 1920 750 1946 et
766 1913 802 1946 filio
813 1914 912 1959 ingenitum,

307 1993 325 2025 H
555 1976 574 2017 et
586 1969 662 2013 genitum
673 1958 777 2014 usurpabant
788 1973 827 2003 861.

532 2025 617 2059 Haeretici
633 2025 701 2071 quidam
716 2033 822 2060 mortuorum
836 2038 913 2061 resurre-

126 2083 206 2118 Haeresis
222 2094 268 2116 nova
284 2089 344 2116 contra
359 2081 427 2115 beatam
438 2080 509 2115 Mariam
555 2082 629 2116 ctionem
639 2089 703 2127 negant
714 2086 752 2117 114.

151 2141 203 2174 tuat.
222 2158 242 2165 -
274 2138 346 2172 Mariam
368 2138 451 2184 virginem
473 2150 510 2173 esse
533 2138 619 2172 Haeretici
628 2139 656 2184 qui
667 2140 913 2186 promortuisbaptiaantllt.

151 2199 203 2230 1038.
215 2215 238 2222 -
255 2208 284 2229 cur
295 2196 346 2230 beata
356 2195 404 2240 virgo
415 2194 479 2229 tradita
488 2194 511 2228 sit
533 2195 630 2230 Hebdomas
641 2203 700 2231 saneta
711 2209 743 2243 qua
754 2198 914 2234 celebrabaturXe-

152 2253 227 2300 losepbo
239 2256 290 2288 1038.
555 2254 638 2300 ropbagia
650 2257 689 2289 824.

129 2312 208 2348 Haeresis
219 2312 264 2347 virus
281 2324 319 2348 cum
335 2319 433 2359 serpentum
444 2323 510 2348 veneno
533 2313 649 2347 Hebraeorum
661 2313 731 2349 traditio
744 2317 794 2349 1085.

153 2371 257 2417 comparatio
269 2374 285 2405 4.
534 2370 720 2417 Hemerobaptistarum
730 2372 814 2419 haeresis,
831 2386 874 2420 quae
889 2381 915 2408 est

129 2431 212 2465 Haereses
237 2436 297 2475 portae
318 2428 398 2463 dicuntur
418 2429 511 2463 inferorum
557 2429 915 2475 quartatndaeorurnat.at.-antedicti

153 2490 192 2522 003.
536 2518 538 2521 ,
556 2487 597 2521 ibid.
611 2507 630 2513 -
655 2487 720 2521 vanitas
735 2487 803 2521 illorum
818 2488 837 2522 in
851 2500 915 2534 purga-

129 2546 212 2580 Haereses
224 2556 234 2578 e
246 2543 336 2589 gentilium
353 2544 414 2578 tabulis
426 2550 474 2578 ortae
484 2547 512 2578 08.
557 2545 604 2578 tione
615 2551 723 2590 peccatorum
734 2556 766 2590 per
776 2557 836 2590 aquam
844 2546 885 2579 ibid.
893 2565 915 2571 -

130 2603 214 2636 Haereses
225 2602 270 2635 unde
281 2607 342 2642 natae,
357 2608 376 2635 et
386 2601 443 2646 plures
455 2612 512 2635 earum
558 2613 592 2635 nou
614 2608 640 2634 est
656 2613 710 2646 aquae
732 2612 804 2646 purgare
820 2609 838 2635 et
859 2602 916 2636 eluere

153 2669 222 2693 caussae
233 2660 272 2690 905.
558 2664 639 2703 peccata,
651 2656 682 2690 sed
693 2657 808 2702 poeniteutiae
817 2655 860 2692 ibid.

130 2715 228 2750 Haereseou
240 2714 314 2747 omnium
331 2714 429 2755 conclusio,
446 2720 463 2748 et
475 2714 512 2759 ele—
535 2714 644 2748 Heracleonis
656 2714 736 2758 dogmata
748 2717 787 2748 263.
798 2734 817 2739 -
829 2714 915 2760 quomodo

153 2783 195 2817 gans
208 2771 313 2815 comparatio
325 2777 391 2815 sumpta
408 2783 429 2805 ex
442 2770 513 2805 Cantica
558 2770 689 2805 Heracleonitae
701 2777 777 2805 mortuos
785 2778 886 2817 aspergant,
898 2777 917 2805 et

154 2831 205 2862 1076.
558 2827 612 2873 qualis
624 2834 650 2861 est
661 2827 755 2872 λύτρωσις,
767 2828 803 2862 sive
815 2828 915 2873 redemptio,

131 2886 229 2920 Haereseon
248 2884 322 2919 omnium
339 2885 360 2919 ab
380 2884 422 2919 orbe
443 2884 512 2919 condito
558 2884 716 2919 lleraclecuitarurn
727 2887 767 2917 263.
780 2904 802 2911 -
818 2896 876 2919 eorum
887 2897 916 2919 re-

153 2942 241 2990 indngatio
252 2942 346 2977 subiectum
358 2942 414 2989 operis
423 2942 512 2989 Epiplranii
559 2942 620 2977 lutatio
632 2946 671 2977 264.

155 3005 171 3038 2.
536 3001 693 3037 Heracleonitarum
701 3002 774 3037 haeresis
784 3001 805 3036 ab
810 3002 917 3037 Heracleoue

132 3063 230 3096 Haereseon
245 3061 327 3096 tredecim
344 3061 400 3095 brevis
411 3060 463 3095 index
475 3073 512 3103 curu
559 3064 598 3095 262.
612 3081 634 3087 -
655 3061 697 3095 haec
707 3067 733 3094 est
743 3060 808 3095 decima
818 3067 865 3095 sexta
877 3066 917 3106 post

155 3119 189 3158 suis
205 3119 301 3155 auctoribus
317 3132 338 3154 ac
353 3119 422 3166 ineptiis
437 3130 512 3153 summa-
559 3118 703 3159 Christianismum
715 3118 756 3153 ibid.
