1988 3392
241 239 335 276 renisu
346 241 390 276 nic.
402 242 432 276 ιιι.
443 241 499 277 som.
509 243 523 276 ι.
533 240 603 276 enen.
613 241 671 276 Lxx.
821 233 847 275 19

61 349 138 385 aarum·
154 332 213 387 item,
230 337 301 376 tranas
310 336 440 390 nominasent
448 338 494 377 haee
503 338 578 386 omnia,¹
595 342 627 387 et,
643 337 712 377 Nonne
729 350 796 377 munus
806 344 951 407 m⁶⁰11³³5·,},3⁷²2⁰·

60 406 109 459 seer't
118 406 164 444 traca
177 406 254 444 amata?
284 406 371 445 Odurae
382 407 462 445 ceruicis
477 408 575 446 nominee!
596 403 656 455 item,
673 407 750 446 Coelum
761 387 943 458 mzar‘se-r⁸i¹‘ajfi.1l

62 476 95 513 ries
106 480 146 520 est,
163 480 183 511 et
192 480 245 512 terra
257 473 360 512 scabellum
371 475 440 525 pedum
452 488 546 523 meorum,
563 487 587 514 ac
599 473 686 526 reliqua,
703 487 754 526 quae
767 474 791 514 ad
804 487 848 514 eum
857 449 897 478 aaa.
908 459 920 483 ¹¹
929 449 943 475 θ’

30 556 32 560 ·
62 539 140 580 modeim
151 539 175 579 de
188 539 226 579 deo
236 537 310 593 scripta
322 546 380 590 sunit,
397 541 511 592 praeterea,
530 543 575 580 {letti
584 542 679 579 dominnm
689 542 808 580 caeercituum
819 555 849 580 se-

62 609 135 645 dentem
151 607 171 644 in
185 608 253 645 throno
267 607 343 645 ereelsa
354 614 375 645 et
385 608 469 646 elevato:
490 615 510 646 et
521 615 565 647 erat
575 614 635 658 erqorrt
643 609 685 645 etiae
697 613 786 659 tunquam
804 609 849 647 lana

62 674 118 721 alba,
141 680 161 713 et
175 675 257 713 umectus
276 676 318 713 eins
336 676 388 713 sient
405 676 447 713 nia.
485 674 635 716 Animadvertis
654 672 726 728 igitur,
748 673 848 728 inquiunt,

63 754 134 799 corpus
150 740 174 782 ad
189 739 299 796 imaginem
313 740 344 782 dei
356 755 401 783 esse
414 742 500 784 iactum?
529 741 596 799 Atque
613 742 649 784 hac
666 742 744 799 quidem
759 742 780 784 iu
792 750 849 800 parte

63 809 159 854 acerrime
177 825 199 853 se
210 810 267 853 anobis
280 818 390 869 opponunt,
406 819 426 854 et
435 827 485 868 quae
497 827 556 870 supra
566 813 650 855 houiinis
659 819 737 870 captum
748 820 796 855 snm
807 811 849 855 vic-

64 882 128 923 lenter
143 880 244 923 affectant.
276 878 330 935 Quin
346 889 367 922 et
380 881 427 923 utun
440 883 556 937 protermit,
576 884 627 937 quod
643 883 733 924 domiuus
748 881 850 939 prophetis

64 950 275 1006 apparuisse'iegitnr.
303 948 389 991 'Verum
407 949 437 990 hic
453 950 531 1005 quidem
547 952 629 1005 perinde
644 965 667 991 uc
682 950 758 993 libitum
774 959 806 992 est
820 951 850 992 vi-

64 1018 148 1059 dendum
161 1027 183 1058 se'
197 1017 299 1073 praebuit,
316 1032 359 1058 erim
376 1017 424 1058 uiuit
439 1018 465 1058 sit
478 1017 521 1059 eius
537 1018 631 1073 potestati
646 1019 776 1059 subtractum.
807 1017 851 1060 Ne-

64 1100 101 1139 que
117 1099 166 1125 vero
181 1085 239 1125 deum
255 1099 350 1140 negamus
367 1084 504 1138 aprophetis,
520 1085 560 1125 inm
574 1099 623 1125 vero
639 1092 659 1125 et
674 1086 698 1126 ab
709 1086 804 1139 apostulis
818 1100 851 1126 as·

64 1152 149 1191 serimus
160 1164 205 1191 esse
217 1160 354 1205 conspectum.
385 1150 438 1191 Nam
451 1150 573 1205 Stephanum
588 1160 696 1206 martyrum
708 1152 793 1205 primus:
810 1154 848 1191 Ee·
857 1165 908 1201 ear,
917 1165 940 1194 55.

64 1233 95 1267 ec,
114 1217 189 1273 inquit,
206 1220 259 1257 nonno
271 1220 449 1270 eoelamupertum,
473 1220 564 1269 etfilium
575 1220 656 1258 tornines
672 1221 852 1259 stantemqueate-

64 1289 92 1326 ris
103 1287 136 1325 dee'
143 1292 163 1326 et
169 1288 240 1338 patres.
274 1284 383 1327 Enimvero
395 1284 480 1342 optimus
491 1285 524 1327 itte
535 1285 583 1327 aeus
593 1285 714 1342 singularem
725 1285 804 1344 opificio
814 1300 851 1328 suc

65 1355 206 1398 huniauitatem
223 1355 332 1408 adhibens,
356 1369 381 1398 ue
396 1354 433 1398 sihi
449 1354 498 1413 ipsis
515 1355 605 1399 intideies
622 1355 682 1413 aliqui
698 1357 850 1413 persuaderent,

65 1440 115 1483 quae
129 1427 153 1468 de
165 1426 203 1468 deo
214 1425 315 1478 dicunntur,
332 1424 400 1468 avertis
411 1425 485 1477 anania,
502 1441 542 1468 nou
553 1426 638 1468 veritate
651 1433 753 1479 constare,
769 1434 789 1469 et
800 1440 851 1483 quae

65 1495 90 1536 ab
105 1488 139 1536 ilic
156 1497 281 1550 pronuntiata
299 1501 357 1546 sunt,
378 1495 445 1550 reipsa
461 1508 500 1535 nau
517 1494 603 1550 expleri.
639 1498 719 1548 Oportet
733 1503 806 1544 cartem,
830 1501 956 1546 utrumnum.

66 1563 167 1619 apostotus
176 1562 256 1615 scribit,
272 1565 390 1603 accedentem
403 1565 430 1603 oc
438 1565 493 1602 deum
503 1565 582 1603 eredere
590 1566 678 1616 qnoniam
688 1571 727 1612 cst,
744 1570 764 1603 et
772 1565 854 1615 delmen-

66 1633 117 1671 utos
128 1635 189 1684 ipsum
205 1640 338 1671 reenuncrutor
348 1638 384 1670 est.
414 1628 442 1673 Ut
451 1631 513 1685 igitur
526 1631 606 1671 condito
618 1646 629 1671 a
640 1645 662 1672 se
676 1630 751 1672 homini
764 1630 854 1672 fiduciam

66 1698 207 1752 ingenerarct,
232 1713 267 1753 pro
279 1712 315 1739 sua
329 1698 417 1753 potentia
430 1698 505 1738 sanctis
518 1697 643 1750 homiuibus,
667 1705 687 1739 et
698 1698 732 1738 iliu
745 1704 854 1753 conspeetu

67 1765 131 1818 dignis
142 1764 229 1818 seipsum
243 1765 318 1818 detegit
329 1766 390 1813 icus,
408 1772 429 1804 ut
440 1764 483 1818 ipso
494 1764 573 1818 proprie
585 1773 680 1817 certoque
692 1771 800 1819 earispectc
813 1764 855 1803 ani-

67 1828 118 1871 mum
136 1844 194 1885 silum
211 1831 267 1871 vetut
281 1830 346 1871 stabili
362 1831 446 1885 (praedam
465 1831 593 1871 t'umiumeuto
612 1832 740 1881 contineant,
764 1837 784 1871 ct
799 1844 855 1885 spem

68 1912 123 1939 snam
136 1899 254 1940 inveritate
270 1900 379 1949 collocent,
402 1905 460 1953 atque
475 1899 529 1940 illum
546 1912 593 1939 vere
604 1912 626 1939 ιιι·
638 1901 718 1940 sincere
730 1897 854 1955 praedicent,

68 1974 88 2010 et
99 1967 175 2012 tactem
193 1969 278 2026 deinque
295 1968 393 2012 honunem
409 1967 428 2010 iu
443 1975 535 2024 suscepta
549 1969 586 2010 title
598 1968 723 2011 eoiifiinneut.
755 1965 856 2025 Queuiad·
871 1995 873 1998 .

68 2039 146 2082 modum
162 2053 173 2081 e
189 2039 290 2082 corurario
305 2039 390 2095 gentiles
406 2052 429 2081 ac
445 2037 519 2081 Graeci
536 2038 567 2080 aa
585 2038 674 2080 inutilium
692 2039 749 2081 verbi
765 2046 823 2081 tenus
835 2045 857 2080 et

68 2108 187 2163 imaginibus
200 2108 320 2150 adumbratis
333 2108 430 2149 obtinent.
460 2106 506 2149 Nos
519 2113 584 2149 autem
597 2121 668 2150 revera
682 2108 740 2149 deum
754 2108 854 2159 novimus,

69 2190 138 2217 verum
152 2177 206 2220 ilium
217 2179 295 2232 quiidem
311 2192 334 2218 ae
346 2190 395 2219 vere
409 2175 550 2217 subsistentem
562 2190 642 2230 regem,
663 2175 856 2230 incomprehensibi·

69 2242 120 2295 iem,
137 2245 259 2286 conditorem
273 2259 339 2286 rerum
350 2243 449 2294 οιιιιιίιιιιι,
466 2258 525 2284 ιιιιιιιιι
538 2244 607 2290 deum,
624 2251 644 2284 et
657 2244 682 2284 ab
689 2243 732 2298 ipso
744 2242 855 2298 proceden-

70 2317 108 2352 tem
129 2311 250 2366 unigenitum
270 2312 340 2361 deum,
362 2324 399 2352 nee
416 2310 580 2365 ullarcapatre
598 2310 711 2360 diversum,
734 2323 772 2350 nec
786 2316 858 2350 iiauet

69 2378 159 2432 spiritum
172 2386 262 2419 sanctum
277 2378 309 2432 qui
322 2378 369 2418 uiuit
381 2391 392 2417 a
403 2383 459 2431 patre
470 2377 548 2431 [itiaque
563 2378 670 2431 discrepat.
701 2375 762 2430 Quini
778 2375 857 2429 quidem

71 2443 114 2484 [idei
132 2445 214 2499 dogma,
238 2459 281 2486 cuni
299 2444 396 2485 adversus
413 2443 507 2484 haereses
524 2442 612 2497 singutas
627 2455 745 2498 ageremus,
768 2441 857 2496 pluribus

72 2511 140 2553 verbis
156 2513 303 2570 exposuimus„
904 2562 907 2569 ,

127 2580 159 2626 Aa
174 2583 232 2626 deum
247 2583 324 2641 quinem
340 2582 452 2625 haminibus
467 2581 582 2640 apparuisse
594 2594 689 2639 persaepe
702 2579 801 2633 diximus,
817 2594 855 2623 nec
866 2588 950 2636 capuit.

72 2665 157 2708 unquam
172 2652 253 2696 inficiati
269 2668 345 2696 sumus.
376 2651 429 2695 Nam
446 2652 463 2694 si
474 2666 576 2694 sacrarunt
595 2651 697 2694 literarum
719 2651 858 2694 auctoritatem

72 2736 180 2777 negemus,
203 2723 308 2764 veritatem
325 2737 364 2764 non
382 2721 494 2777 sequimur,
517 2730 538 2763 et
552 2721 577 2763 ab
593 2735 617 2762 ea
633 2721 711 2776 {arigius
732 2720 857 2762 aberramus.

72 2789 115 2831 Aut
129 2792 146 2833 si
162 2799 220 2833 vetus
236 2797 375 2833 testamentum
393 2789 507 2840 reiicimus,
528 2803 567 2831 non
584 2790 667 2845 amptius
682 2790 701 2830 iu
714 2789 810 2830 catholiea
825 2800 859 2828 ec-

73 2858 133 2899 clesia
149 2872 262 2900 censemur.
293 2858 354 2912 Atqui
365 2858 385 2899 iu
398 2858 504 2911 evarigeiio
520 2857 671 2912 scriptumest:
689 2860 747 2897 Deera
762 2869 816 2895 nenio
832 2858 963 2898 m2lcam1‚18.

73 2927 102 2964 dit
113 2940 208 2979 anquom3
232 2928 342 2977 unigenitae
356 2928 403 2964 deas
417 2929 458 2977 epse
473 2927 568 2964 rzarrum't.
599 2922 709 2964 Praeterea
724 2923 793 2962 eadem
809 2922 859 2962 scri-

73 2997 141 3043 ptura,
163 2996 273 3045 Apparuit,
296 2991 372 3044 inquit,
392 2992 545 3037 tensaurum,
568 2991 857 3040 cumessetr'nttlesopotamz'u.
871 2995 952 3057 ΛΜιιῂῖᾖἏ.

74 3053 128 3113 Quia
139 3058 183 3116 ipse
199 3059 290 3102 tetuinus
300 3058 320 3101 iu
332 3056 450 3113 evangetio,
471 3058 556 3111 Angelt,
580 3056 655 3113 iuquit,
677 3069 743 3096 corum
756 3057 860 3110 cruentson
886 3049 941 3099 1⁰‚10'.

689 3123 723 3169 2*
