1988 3392
270 248 455 283 sennensium.
467 249 522 283 ron.
535 248 548 281 r.
560 247 628 280 nana.
636 246 718 280 nxxvr.
844 237 886 279 303

102 331 160 372 etiam
173 328 235 370 filium
247 329 344 381 honorat,
360 329 396 369 sed
408 329 469 370 iiiinm
483 329 545 380 dixit,
567 328 649 384 perinde
661 340 685 367 ae
696 333 780 382 patrem.
812 325 887 369 Simili-

103 406 134 441 ter
143 396 176 450 ei,
197 401 261 452 quiin
274 401 362 452 spiritum
376 399 508 451 blasphemum
524 400 607 446 dixerat,
629 398 884 446 noureme'ssomm·dooet‚

102 481 163 521 neque
171 469 213 516 lere,
234 482 295 521 neque
305 471 325 507 r'n
334 468 403 521 fintene
412 468 501 506 saeculo:
522 474 543 507 ut
555 466 649 507 videlieet
664 464 772 506 trinitatem
785 466 805 506 in
821 474 884 522 patre,
953 508 955 513 ⁴

909 403 968 432 Matttr.

910 440 932 475 lt,
942 439 963 468 at,

103 535 145 577 nno
158 542 178 577 et
187 535 258 592 spiritu
270 542 340 577 saneto
350 548 395 577 esse
409 535 481 576 doceat
490 534 612 588 huiusmodi,
635 541 657 577 ut
670 535 693 575 ad
705 534 758 576 iiiam
772 534 820 576 nibil
831 549 888 577 acee-

103 605 151 646 dere
166 604 306 661 eompararive'
320 604 390 661 possit.

161 673 217 715 Aetii
229 670 295 729 Caput
306 671 379 714 XXX.
411 670 433 715 Si
446 672 572 728 omnipotens
587 673 635 714 deus
649 679 739 714 naturam
754 686 834 714 omnem
852 686 888 714 ex-

103 740 171 794 eeilit,
193 729 222 783 eo¹
237 741 292 798 ipso,
317 742 368 798 qrrod
386 741 486 798 ingenitus
505 748 547 793 est,
572 741 661 782 excellit.
698 740 755 796 Quae
776 742 888 798 proprietas

105 823 176 852 eaussa
188 817 219 853 est
229 809 302 867 genitis
311 810 402 852 omnibns
411 809 539 852 stabilitatem
548 809 719 864 constantiamque
731 810 828 852 tribuens.
851 808 887 853 Sin

103 885 169 921 antem
180 878 290 935 ingenitum
302 879 433 921 substantiam
444 892 483 919 non
494 877 596 934 exprimit,
613 892 674 934 aquo
687 880 764 920 tandem
776 879 888 935 genitarum

104 961 171 990 rerum
188 956 258 990 natura
273 948 359 1004 seipsam
376 954 396 988 ut
412 953 519 989 eonservet
534 946 619 1002 aeeipit‘t

161 1013 245 1059 Conint.
261 1014 335 1057 XXX.
368 1013 417 1057 itiud
431 1015 511 1057 omnino
524 1014 628 1056 dicendum
644 1028 667 1056 ae
678 1016 777 1057 fatendum
789 1024 831 1070 est,
852 1018 888 1059 ita-

105 1098 143 1141 que
154 1086 274 1137 tenendum,
297 1084 452 1140 omnipotentem
467 1084 524 1125 deum
542 1089 632 1125 naturam
648 1097 727 1126 omnem
743 1085 855 1137 excellere,
878 1101 889 1128 a

105 1167 145 1210 quo
158 1153 271 1210 unigenitus
288 1153 337 1194 dens
352 1167 376 1194 ae
386 1152 480 1204 verbum,
504 1152 586 1207 eiusque
602 1152 684 1209 spiritus
699 1160 780 1194 sanetus
796 1154 890 1196 ineffabili

108 1222 287 1279 quadam-ratione
304 1222 411 1278 prooessit.
450 1219 515 1276 Quam
532 1220 557 1262 ob
574 1235 665 1263 caussam
686 1229 742 1264 eante
761 1236 785 1264 ae
805 1223 890 1264 eircum-

106 1298 175 1348 speete
187 1298 292 1333 creaturae
306 1289 393 1333 divinum
410 1290 505 1332 bonorem
523 1304 562 1331 nen
576 1289 718 1342 adscribimus,
743 1305 768 1333 ne
779 1292 890 1334 stultissimi

106 1360 223 1413 reddamur,
240 1360 275 1401 sed
286 1359 406 1411 trinitatem,
424 1372 475 1415 quae
486 1366 576 1400 naturam
589 1372 667 1400 omnem
679 1367 771 1415 superat,
787 1362 889 1416 praediea—

95 1443 161 1483 ,muS‚
177 1429 237 1471 tilium
248 1442 292 1469 eum
303 1435 373 1484 patre,
389 1434 410 1469 et
422 1427 485 1484 ipsius
495 1434 585 1469 sanorum
594 1427 697 1483 spiritum3
714 1430 799 1483 eoquod
812 1444 824 1471 a
836 1430 890 1472 nnlio

107 1499 171 1540 faetus
183 1505 217 1539 aut
228 1503 308 1555 oreatus
319 1497 353 1538 sit.
384 1495 464 1538 Etenim
480 1510 602 1552 nequaquam
619 1496 710 1538 diversae
724 1503 807 1540 naturae
820 1498 890 1555 unige-

106 1566 160 1608 nitus
171 1573 214 1619 est,
230 1572 265 1607 aut
275 1556 357 1607 sanetus
368 1564 462 1621 spirituS,
484 1566 519 1607 sed
530 1566 579 1606 deus
589 1578 617 1606 ex
627 1565 676 1617 deo,
692 1565 758 1607 iumen
772 1566 796 1609 de
808 1568 890 1612 iumine.

107 1633 222 1690 Quinetiam
235 1649 279 1676 cnm
290 1633 421 1689 omnipotenti
431 1640 487 1690 patre
499 1633 614 1689 unigenitus
622 1634 665 1690 ipse
677 1634 791 1677 nominatur
801 1636 891 1693 omnipo-

107 1710 163 1756 tens,
185 1710 206 1745 ut
222 1703 296 1745 diserte
309 1701 408 1758 scriptura
423 1716 480 1744 saera
493 1702 588 1744 deelarat.
619 1701 739 1758 Unigenitns
750 1704 802 1746 enim
819 1706 867 1747 nibil
880 1721 891 1748 a

107 1772 168 1829 patris
185 1772 289 1814 maiestate
307 1771 419 1826 discrepat,
441 1771 475 1812 sed
488 1771 569 1812 omninno
585 1771 684 1826 congruit.
716 1771 775 1827 Quod
788 1776 890 1830 expressis

106 1840 174 1883 verbis
186 1847 271 1883 testatur
282 1839 396 1897 apostolus,
418 1839 450 1894 qui
462 1840 533 1896 spiritu
544 1845 614 1881 saneto
630 1839 706 1881 afflatus
719 1841 744 1882 de
754 1840 851 1885 lsrae'iitis
863 1844 892 1901 ita

107 1908 206 1965 loquitur:
222 1912 317 1962 Quorum,
334 1908 408 1964 inquit,
424 1910 500 1958 cottus,
516 1917 536 1949 et
545 1915 667 1958 testamento,
684 1917 704 1950 et
711 1917 789 1963 potres,
812 1927 837 1952 en
848 1916 891 1966 qui-
903 1930 949 1963 Rom.
958 1932 990 1968 ⁹2⁴

89 2023 90 2026 Ἴ
108 1980 143 2019 tos
156 1980 245 2019 Christus
254 1981 356 2018 sectandum
367 1992 451 2025 earnem,
468 1980 503 2030 qui
510 1985 541 2017 est
551 1991 610 2030 super
621 1980 684 2018 omnia
696 1981 743 2019 deus
752 1980 861 2022 benedictus
871 1985 891 2023 in

107 2048 195 2096 saeculo,
218 2049 288 2087 Amen.
321 2043 353 2088 Ob
363 2044 382 2086 id
398 2052 418 2087 et
430 2042 543 2087 adorandus
554 2045 626 2087 uniens
637 2045 669 2087 dei
680 2046 731 2089 tilius
742 2054 784 2099 est,
808 2056 829 2091 et
838 2049 891 2091 idem

108 2116 157 2158 dens
170 2121 190 2156 et
201 2114 280 2157 divinus
291 2113 372 2171 spiritus
383 2121 427 2167 est,
447 2121 528 2156 sanetus
539 2112 633 2170 spiritus,
658 2121 678 2155 et
687 2122 732 2171 pest
741 2125 890 2160 saerosanetam

108 2184 216 2226 trinitatem
227 2184 291 2225 nulius
304 2183 355 2225 alius
366 2183 414 2224 deus
425 2189 464 2224 est.
496 2181 559 2238 igitur
568 2183 693 2239 omnipotens
706 2191 774 2239 pater,
791 2192 811 2227 et
821 2186 891 2229 unicus

108 2252 172 2309 ipsius
187 2252 239 2294 titius
257 2259 352 2310 paternae
371 2251 461 2308 dignitati
478 2265 602 2308 congruens,
625 2251 658 2308 qui
671 2253 730 2294 futuri
747 2254 823 2296 saecuti
835 2261 892 2311 pater

109 2321 232 2378 appellatur,
253 2320 325 2376 quique
338 2335 381 2361 eum
397 2327 467 2362 saneto
483 2319 554 2375 spiritu
566 2320 619 2362 nulla
630 2321 778 2364 interveniente
789 2323 891 2366 creatione

109 2389 215 2441 convenit,
231 2389 311 2431 trinitas
324 2395 355 2431 est
367 2389 464 2443 patefacta
478 2389 581 2440 omnibns,
598 2396 618 2430 et
630 2390 722 2444 cognita,
738 2405 749 2432 a
761 2405 800 2447 qua
812 2399 891 2435 creatae

109 2471 144 2500 res
158 2471 228 2499 omnes
239 2463 330 2512 tanquam
342 2471 354 2498 a
366 2471 437 2499 eaussa
448 2458 550 2513 protectae
561 2464 619 2509 sunt,
640 2457 669 2499 ita
681 2459 771 2514 quidem,
792 2467 814 2501 ut
826 2462 892 2517 appet-

110 2525 158 2569 latio
168 2525 211 2582 ipsa
223 2539 307 2567 eaussee
316 2526 414 2567 sinceram
425 2532 444 2566 et
456 2525 629 2581 incomparabilem
638 2526 768 2569 substantiam
779 2529 890 2584 significet3

111 2593 221 2637 cuiusmodi
234 2600 265 2635 est
274 2600 331 2649 pater
340 2593 360 2634 in
373 2594 426 2647 fitio,
447 2593 498 2635 tilius
509 2595 529 2635 in
543 2600 609 2648 patre,
625 2608 670 2636 eum
681 2596 752 2651 spirite
763 2604 855 2650 saneto,
869 2605 891 2639 ut

111 2663 224 2721 permansio
234 2662 278 2719 ipsa
288 2662 309 2703 in
321 2674 366 2704 sese
378 2662 516 2704 aeternitatem
527 2662 626 2715 includat3
642 2663 699 2705 euius
712 2664 806 2707 trinitatis
817 2666 892 2708 beneti-

112 2732 145 2774 eio
159 2732 238 2774 condita
254 2730 320 2772 omnia
335 2738 449 2773 servantur.

169 2800 224 2842 Aetii
236 2796 302 2855 Caput
310 2796 395 2840 XXXi.
427 2797 450 2842 si
463 2799 511 2842 nihil
527 2814 595 2842 eornm
611 2813 662 2855 quae
673 2800 739 2844 visum
752 2803 850 2858 effugiunt
860 2817 892 2846 se-

112 2868 197 2925 metipso
209 2868 228 2910 vi
242 2868 325 2923 quadam
338 2867 402 2909 sativa
419 2868 473 2924 prius
488 2876 531 2921 est,
554 2875 612 2924 atque
623 2869 704 2911 definita
715 2871 798 2926 quadam
810 2879 893 2914 naturae

113 2943 168 2980 sorte
179 2937 303 2989 eontinetur‚
328 2933 362 2993 qut
376 2936 418 2978 beri
434 2943 499 2993 potest
511 2944 532 2979 nt
543 2936 642 2993 ingenitus
659 2938 708 2981 deus
723 2940 747 2981 ab
763 2940 817 2981 omni
833 2941 892 2982 sorti-

113 3006 167 3048 tione
179 3005 230 3048 liber
241 3019 296 3047 suam
308 3005 370 3062 ipsius
381 3005 511 3048 substantiam
527 3006 585 3048 modo
596 3005 616 3047 in
629 3006 697 3061 genita
709 3008 778 3050 sobole
789 3008 891 3052 inferioris

136 3097 153 3132 2.
166 3097 221 3139 storo
232 3095 270 3136 πῶς
281 3091 302 3132 ἄν
314 3093 363 3142 erip.
