1988 3392
357 229 578 265 auncurnauauosrs.
720 249 722 252 ψ
818 223 859 265 565

74 308 145 354 infusis
162 308 182 349 in
200 309 284 351 salntem
302 317 406 362 asserunt,
430 324 508 368 unaque
528 325 589 355 voces
606 310 700 368 quasdam
715 309 828 354 Hebraioas
839 311 860 354 iu

75 380 117 424 eius
131 378 164 435 qui
179 379 271 436 expiatur
287 388 345 437 caput
359 380 494 424 insusurrant.

131 446 225 506 Ophitae.
257 448 283 491 lli
293 458 406 507 serpentem
417 459 539 494 venerantur
548 467 571 494 ae
581 452 704 510 praedicant,
717 466 801 509 eumque
812 467 858 496 esse

75 518 175 563 Christum
191 527 291 561 asserunt.
324 518 355 563 dh
370 521 389 562 id
404 521 424 562 in
440 520 490 562 cista
506 529 620 577 serpentem
636 530 751 565 asservant.

130 585 209 629 Caiani.
242 581 336 631 Veterem
348 590 425 646 legem,
442 597 462 631 et
474 604 518 631 enm
531 590 564 646 qui
575 590 628 633 illius
641 591 692 647 legis
705 598 795 646 tempore
804 592 860 633 locu-

74 667 105 701 tus
116 664 147 699 est
156 657 268 713 repudiant.
299 658 477 700 Resurrectionem
490 660 556 702 carnis
568 659 692 716 abnegant(
706 657 791 702 Geinum
806 675 860 702 com-

74 720 177 777 mendant,
199 742 256 782 quem
275 728 427 783 praestantioris
445 728 547 769 cuiusdam
561 729 640 769 virtutis
656 729 717 770 luisse
734 729 858 784 praedicant.

74 794 113 838 Sed
125 801 145 834 et
156 792 224 835 ludam
237 795 309 835 divinis
322 795 430 837 honoribus
443 796 540 848 alliciunt,
557 811 646 838 necnon
660 804 680 837 et
691 795 756 848 Core,
779 795 859 839 Dathan

76 870 96 903 et
111 862 201 913 Abiron,
217 877 240 904 ae
256 861 379 909 Sodomitas.

130 928 228 971 Sethiani.
260 930 286 971 lli
300 929 382 972 Sethum
396 930 486 972 laudibus
505 931 597 971 efferunt.
630 930 694 985 Quem
712 946 739 972 ex
753 946 859 987 supremae

74 996 160 1051 parentis
172 997 293 1052 poenitentia
307 1005 432 1053 procreatum
449 1004 529 1052 putant,
553 1012 611 1048 curn,
634 996 700 1040 Caino
711 998 815 1053 Aheloque
828 1000 859 1040 in-

73 1063 174 1115 teriectis,
191 1078 301 1118 congressa
313 1065 412 1105 sinceram
425 1065 519 1120 stirpem,
541 1064 635 1105 videlicet
649 1063 744 1115 Sethum,
768 1066 857 1120 protulit,

73 1146 134 1187 aquo
148 1131 264 1174 universum
282 1146 345 1188 genus
362 1133 462 1175 hominum
480 1132 575 1175 manarit.
606 1131 713 1176 Postremo
729 1133 826 1190 principia
839 1142 859 1177 et

74 1207 193 1258 potestates,
210 1208 316 1259 ceteraque
332 1209 353 1244 ut
368 1202 401 1244 alii
416 1201 482 1245 omnia
498 1208 595 1244 statuunt.

130 1340 254 1385 Archontioi.
285 1341 356 1385 Plures
365 1343 399 1384 isti
409 1344 432 1384 ad
443 1343 543 1400 principes
554 1343 647 1385 universa
659 1344 780 1395 relerentes,
797 1358 858 1400 quiae-

76 1425 158 1466 cumque
175 1412 228 1453 lacta
244 1419 291 1453 sirint
305 1412 329 1453 ab
346 1412 385 1454 illis
400 1419 444 1453 orta
461 1413 564 1454 deliniunt.
595 1412 676 1454 Habent
693 1419 713 1453 et
730 1413 857 1456 foedissimae

74 1480 170 1535 quoddam
185 1480 272 1522 libidinis
285 1495 355 1536 genus.
388 1479 461 1523 Carnis
473 1481 641 1522 resurrectionem
658 1488 761 1537 respuunt.
792 1481 857 1524 Vetus

50 1557 52 1561 '
74 1555 211 1591 testamentum
224 1549 345 1591 calumniose
358 1549 458 1591 reiiciunt.
490 1547 615 1605 Quamquam
626 1557 646 1591 et
659 1550 708 1602 boo,
730 1557 813 1592 etn'oro
826 1550 858 1592 in-

74 1631 132 1672 super
147 1632 286 1673 nonnunquam
303 1625 395 1669 utantur,
418 1618 532 1673 exquibus
550 1618 639 1674 singulas
656 1619 737 1660 voculas
750 1619 820 1661 callide
832 1619 858 1661 ad

72 1693 156 1726 mentem
172 1700 228 1727 suam
244 1686 401 1727 accommodant.

128 1751 262 1805 Cerdoniani,
278 1769 290 1794 a
301 1751 407 1805 Cerdone,
424 1754 457 1809 qui
468 1768 526 1809 quem
536 1754 560 1795 ah
571 1753 697 1796 Heracleone
707 1769 797 1796 errorem
808 1756 857 1797 hau-

72 1829 143 1873 serat,
160 1822 217 1863 noris
235 1822 322 1863 inventis
337 1823 427 1862 adauxit.
458 1822 489 1863 Ac
504 1836 547 1862 eum
558 1821 643 1863 Romam
657 1836 668 1863 e
681 1821 742 1878 Syria
753 1825 855 1878 proiectus

72 1897 135 1941 esset,
157 1889 231 1944 Hygini
248 1903 310 1944 papae
329 1889 451 1944 temporibus
468 1903 503 1930 sua
519 1890 612 1943 dogmata
629 1890 773 1930 disseminavit.
808 1890 855 1932 Duo

71 1971 129 2009 porro
149 1956 244 2011 principia
261 1956 361 1997 contraria
381 1956 466 1996 invicem
484 1957 574 1996 affirmat.
604 1955 673 2010 Negat
690 1955 791 1998 Christum
808 1972 855 1999 esse

71 2024 165 2077 genitum.
188 2011 322 2065 'Morinorum
340 2023 482 2064 excitationem
498 2037 541 2063 oum
557 2030 627 2064 vetere
644 2030 764 2065 testamento
779 2025 853 2067 reiicit.

125 2160 278 2204 lllaroionistae.
309 2159 388 2203 Marcio
398 2161 493 2204 oriundus
505 2176 532 2204 ex
542 2159 608 2204 Ponto
620 2160 713 2217 episcopo
727 2169 784 2219 putre
795 2171 853 2207 natus

72 2239 109 2273 est.
140 2232 159 2274 Α
171 2247 210 2289 quo
221 2232 246 2274 ob
256 2232 339 2289 virginis
349 2239 437 2289 stuprum
451 2233 526 2274 eiectus
538 2247 564 2274 ex
575 2232 660 2274 ecclesia
670 2231 755 2274 Romam
768 2234 853 2290 aufugit.

71 2298 108 2343 Ubi
121 2315 165 2343 eum
176 2302 200 2343 ab
212 2302 238 2344 iis
249 2302 281 2358 qui
294 2309 333 2343 turn
346 2303 442 2343 ecclesiae
460 2308 566 2358 praeerant
576 2303 717 2358 poenitentiam
732 2303 806 2345 frustra
819 2318 855 2360 po·

71 2370 175 2423 stulasset,
197 2371 313 2413 catholicam
332 2372 389 2412 [idem
406 2384 520 2427 oppugnare
535 2371 628 2413 instituit.
666 2370 800 2426 Quamobrem
816 2373 855 2415 tria

71 2452 115 2481 esse
130 2441 225 2496 principia
239 2441 302 2492 dixit,
318 2441 404 2491 bonum,
425 2441 498 2481 iustum
514 2447 533 2480 et
543 2440 623 2481 malum.
653 2439 734 2481 Novum
746 2447 855 2484 testamen·

71 2514 110 2548 tum
123 2523 134 2550 a
147 2516 217 2551 vetere
229 2509 357 2565 eiusdemque
372 2515 453 2550 auctore
470 2508 555 2549 alienum
572 2522 618 2549 esse
632 2509 705 2549 docuit.
738 2507 812 2552 Carnis
821 2526 855 2553 re-

71 2577 214 2619 surrectionem
232 2578 319 2619 sustulit.
356 2577 404 2619 Non
422 2592 481 2618 unum
499 2576 595 2632 baptisma
613 2577 719 2629 duntaxat,
742 2579 777 2619 sed
794 2580 854 2621 etiam

71 2644 164 2701 tria‘post
177 2646 269 2686 delictum
284 2645 381 2701 indulget.
412 2644 453 2686 Pro
467 2646 549 2686 mortuis
565 2645 644 2685 illorum
659 2645 807 2689 catechumenis
819 2648 854 2689 ba·

71 2711 161 2765 ptismnm
176 2714 209 2754 alii
226 2712 343 2768 suscipiunt.
374 2712 494 2754 lllulieribus
508 2713 600 2754 conterre
618 2712 737 2768 baptismum
754 2714 798 2756 sine
813 2716 853 2757 ullo

71 2778 182 2821 discrimine
198 2780 301 2835 permittit.

126 2846 264 2889 Lucianistae.
295 2845 398 2888 Luciarurs
415 2848 445 2889 his
459 2848 570 2903 antiquior,
592 2862 631 2889 nou
646 2849 697 2890 alter
707 2850 740 2891 ille
752 2850 785 2904 qui
798 2848 853 2893 Con·

69 2936 109 2968 otus.
133 2941 182 2980 Atque
191 2941 215 2971 r'to
225 2940 282 2980 tegitur
293 2940 310 2970 in
319 2940 406 2971 nummario
416 2940 449 2972 Po·
472 2938 537 2973 ἑαυτῶν
552 2937 594 2972 noti.
629 2941 679 2981 Vntpo
694 2942 735 2973 enim
752 2942 808 2982 lopitnr
823 2939 853 2977 τᾶν

70 2984 113 3013 norit
123 2993 162 3024 pop.
170 2983 209 3017 230.
473 2982 534 3019 ἑαυτὸν
545 2983 589 3018 vein

92 3026 120 3060 30.
143 3031 161 3063 ln
182 3031 253 3064 Ponnrio
275 3033 318 3063 entot
334 3026 451 3076 διαβάλλουσι,
496 3030 524 3066 31.
536 3032 620 3072 suspicari
636 3033 671 3065 licet
686 3030 807 3077 διαδεξαμένου
817 3044 854 3072 tum

70 3075 111 3113 quod
119 3078 226 3117 reponendum
235 3081 262 3111 est.
279 3078 313 3111 lom
324 3078 452 3111 Gornorr'usoer·
473 3079 543 3113 Petooto.

71 3121 89 3153 ut
101 3121 229 3160 calumniantur,
246 3126 299 3165 Ponto
309 3128 345 3168 post
356 3125 413 3169 scripsi
421 3122 450 3162 edu
496 3124 524 3161 32,
535 3125 580 3160 titre*
590 3126 648 3162 habent
657 3128 705 3170 nutpo
717 3126 790 3174 ρηγίνου,
