1988 3392
345 261 566 296 auncurnnunuosrs.
807 253 850 295 579

64 344 139 403 lyridas
151 342 245 398 quasdam
257 341 356 408 offerunt,
372 342 443 397 quibus
455 350 611 384 consentaneum
624 355 651 384 ex
664 355 687 383 ea
700 356 722 384 re
732 355 807 384 nomen
818 342 851 384 in·

64 412 161 464 didimus,
178 411 223 452 dum
239 408 387 466 Collyridianos
401 409 447 453 illos
462 412 611 467 appellavimus.

121 545 249 596 Massaliani,
265 560 315 601 quos
325 546 453 601 interpretari
466 561 570 602 possumus
582 546 700 589 Preeantes.
730 545 769 588 His
781 547 852 589 adiun-

66 623 139 673 guntnr
150 628 162 655 e
172 614 275 669 gentilium
292 614 353 655 sectis
368 628 417 670 quos
430 613 560 671 Euphemitas
575 623 595 657 et
609 613 748 672 Martyrianos
759 622 780 656 ct
792 613 851 658 Sata-

66 685 136 727 niauos
150 682 262 724 nominant.
700 739 702 742 ι

122 749 204 793 Summa
220 749 270 791 baec
287 756 318 793 est
333 751 380 792 tomi
393 751 472 807 septimi
484 765 507 793 ac
520 749 578 793 trium
596 751 691 794 librorum
705 752 758 794 finis.
791 748 854 794 Colli-

66 826 139 878 guntur
148 819 243 862 haereses
254 816 349 861 LXXX.
381 816 424 861 Sub
435 821 494 862 finem
503 819 558 862 tertii
567 820 612 861 libri
623 820 741 876 septimique
751 820 800 862 tomi
812 821 854 861 lor·

67 888 119 931 mula
133 887 180 929 {idei
190 901 247 942 quam
259 887 344 929 ecclesia
357 887 453 929 catholica
466 889 570 945 prolitetnr
579 888 669 931 subiecta
681 896 723 942 est,
745 904 769 931 ac
778 889 854 932 verita·

68 958 93 1000 tis
108 955 199 998 defensio
211 963 232 997 et
248 956 348 1012 evangelii
359 954 436 998 Christi
451 957 586 1012 praedicatio,
607 972 631 998 ao
642 958 727 1012 denique
742 957 854 1000 catholicae

67 1024 164 1067 ecclesiae
174 1025 250 1076 forma,
267 1037 317 1079 quae
328 1038 372 1065 cum
384 1024 408 1065 ab
419 1030 503 1066 aeterno
514 1025 586 1077 luerit,
602 1025 731 1067 successione
743 1033 854 1082 temporum

67 1099 111 1151 post
125 1091 281 1135 incarnationem
298 1089 373 1135 Christi
389 1091 539 1135 evidentissime
553 1094 654 1149 patefacta
668 1101 707 1136 est.

125 1230 191 1287 Quam
202 1231 262 1273 multa
276 1245 325 1274 vero
338 1231 362 1273 ab
374 1230 465 1274 bumanis
476 1231 563 1287 ingeniis
575 1231 641 1288 colligi
653 1238 738 1288 possunt
749 1232 773 1273 de
785 1232 811 1273 iis
821 1231 856 1287 qui

36 1297 40 1302 ’
70 1300 119 1343 tanti
128 1314 152 1342 ac
162 1307 202 1344 tam
213 1301 337 1343 excellentes
348 1299 458 1353 habentur,
482 1307 502 1342 et
517 1299 550 1356 qui
568 1301 592 1342 ad
606 1301 732 1343 laudabilium
746 1303 855 1342 odolescen-

71 1372 154 1411 tularum
166 1385 230 1426 genus
243 1370 328 1413 adscribi
341 1370 414 1411 debent
423 1384 505 1423 priorum
515 1385 554 1410 noo
564 1377 595 1410 est
605 1375 709 1412 numeros!
738 1369 791 1412 Nam
803 1370 855 1412 aliae

70 1439 237 1482 commendandae
247 1445 306 1492 sunt,
327 1439 378 1481 aliae
390 1438 535 1495 vituperatione
548 1437 627 1494 dignae.
658 1437 711 1481 Nam
722 1439 812 1481 nonnulli
822 1453 856 1481 re-

70 1508 172 1564 periuntur
184 1507 255 1563 quiex
270 1507 348 1564 privato
359 1507 439 1562 ingenio
451 1521 544 1549 severam
556 1508 654 1563 quandam
666 1508 719 1549 vitae
731 1507 855 1564 disciplinam

70 1591 93 1618 ac
104 1577 169 1632 legem
184 1571 312 1633 sibimetipsis
328 1575 471 1629 condiderunt,
487 1591 512 1618 ac
524 1576 634 1632 prolixiore
648 1591 705 1618 coma
719 1577 782 1633 palam
801 1584 821 1618 et
835 1578 857 1617 in

72 1645 157 1687 omnium
169 1645 231 1688 oculis
243 1645 360 1702 procedunt.
391 1644 432 1686 Alii
448 1659 498 1687 vero
514 1645 580 1686 saneti
596 1646 669 1686 fratres
683 1644 781 1686 incilicia
796 1652 817 1687 et
828 1646 856 1687 ci-

72 1728 120 1756 nere
137 1714 190 1756 domi
205 1727 251 1756 sese
268 1714 382 1764 continent,
406 1713 439 1755 alii
450 1713 535 1769 donique
547 1713 657 1769 asperrimo
669 1713 750 1755 vivendi
766 1713 857 1755 instituto

73 1796 96 1824 ac
107 1782 218 1824 durissimis
233 1782 313 1824 ieiuniis
329 1789 349 1823 et
358 1781 458 1823 laboribus
469 1781 500 1823 dei
516 1796 587 1824 caussa
602 1781 700 1838 susceptis
713 1782 797 1824 iuvenili
808 1797 857 1838 qua-

73 1852 115 1893 dam
128 1850 243 1894 fortitudine
256 1858 277 1893 et
288 1852 375 1906 perlecta
386 1864 435 1906 erga
445 1864 540 1906 sponsum
551 1849 675 1892 couscientia
686 1850 777 1892 omnibus
788 1864 858 1892 nnme-

73 1920 101 1963 ris
113 1919 222 1962 absolutam
239 1920 300 1963 vitam
313 1919 435 1975 exprimunt.
456 1919 497 1960 Alii
512 1919 599 1971 demum,
612 1919 663 1975 quod
678 1919 735 1976 paulo
747 1926 793 1962 ante
805 1920 857 1973 dixi,

74 2002 113 2030 uon
124 1989 214 2041 sincere,
231 1989 266 2030 sed
278 1988 411 2029 obstinatione
424 1988 508 2043 quadam
519 1988 588 2039 animi,
604 1988 660 2029 velut
672 1989 784 2043 tyrannice,
800 2002 858 2043 prae·

75 2063 105 2098 ter
121 2057 226 2099 veritatem
241 2056 353 2098 insolenter
367 2056 486 2098 efferuntur.
517 2054 620 2098 Eiusmodi
634 2055 751 2099 Zacchaeus
764 2057 798 2099 ille
811 2057 857 2109 luit,

75 2125 107 2181 qui
117 2140 181 2183 nuper
191 2125 213 2167 in
224 2132 318 2167 montana
326 2124 409 2180 regione
421 2125 445 2166 ad
456 2123 596 2181 Hierosolyma
609 2131 700 2166 mortuus
713 2133 752 2178 est,
768 2125 801 2181 qui
813 2140 858 2168 cum

76 2194 154 2237 nemine
169 2208 256 2251 unquam
274 2193 369 2251 precandi
384 2193 522 2236 commuuione
533 2194 626 2249 coniungi
637 2207 660 2235 sc
671 2207 742 2249 passus
753 2201 796 2248 est,
818 2196 859 2236 imo

77 2276 125 2305 vero
140 2277 167 2306 ex
181 2263 251 2306 eodem
268 2262 358 2305 instituto
372 2261 439 2305 divina
449 2263 557 2319 mysteria,
579 2277 623 2304 cum
639 2261 701 2303 laicus
720 2270 782 2314 esset,
798 2262 860 2304 attin-

76 2344 125 2385 gere
136 2346 160 2374 ac
171 2333 269 2375 sacrificia
279 2331 382 2374 celebrare
394 2332 473 2373 nefario
485 2346 535 2373 ausu
547 2346 570 2373 ac
581 2332 688 2373 temerario
699 2339 729 2373 est
739 2345 858 2386 aggressus.

77 2397 173 2443 inventus
185 2409 216 2443 est
226 2401 317 2453 elalius,
333 2400 449 2456 quicumque
460 2399 495 2441 ille
505 2400 582 2442 tandem
596 2400 640 2452 fuit,
656 2399 764 2441 excellenti
774 2401 860 2456 quodam

78 2469 131 2512 vitae
141 2484 228 2526 genere,
244 2470 277 2526 qui
287 2469 308 2512 in
318 2467 405 2525 Aegypti
418 2467 523 2511 solitudine
534 2469 555 2510 in
567 2468 689 2510 monasterio
700 2468 796 2524 degebat3
812 2470 861 2511 item

79 2537 128 2580 alius
144 2540 169 2581 ad
179 2537 248 2582 Sinam
265 2544 352 2580 montem
363 2537 462 2580 babitans.
494 2534 533 2592 Qui
543 2536 682 2578 ambo-nescio
693 2536 765 2592 quibus
777 2537 861 2580 somniis

80 2618 103 2647 eo
114 2607 232 2649 temeritatis
248 2607 327 2649 adducti
339 2613 386 2648 sunt
400 2614 422 2648 ut
437 2613 529 2662 suscepta
544 2605 568 2647 ad
580 2604 668 2661 episcopi
684 2606 807 2648 lunationem
819 2621 861 2648 ma-

80 2687 139 2717 uuum
148 2676 274 2732 impositione
284 2676 355 2717 sedere
365 2681 385 2717 et
395 2675 532 2731 episcoporum
543 2687 614 2715 munus
626 2673 682 2716 obire
691 2688 731 2715 non
744 2675 860 2717 dubitarint.

81 2742 129 2796 Atii,
141 2752 162 2786 et
173 2744 192 2786 bi
203 2744 281 2801 quidem
292 2757 331 2785 non
343 2744 409 2800 pauci,
419 2740 515 2786 'castrare
526 2742 644 2798 semetipsos
655 2749 726 2785 contra
737 2744 793 2799 leges
805 2744 862 2786 iuve-

81 2834 115 2879 ἀεὶ)
126 2845 164 2878 pop.
173 2833 222 2871 1094.
481 2812 536 2869 Petne.
560 2831 655 2877 ἐπισκοπῆς
666 2829 687 2869 cti
696 2836 780 2869 ridebatur
791 2837 863 2869 Petreio.

104 2880 132 2915 97.
144 2879 198 2924 ψαύει
207 2881 237 2918 καὶ
246 2878 332 2926 ἱερουργία
341 2881 388 2915 codd.
397 2890 434 2915 mss.
446 2884 461 2915 et
506 2879 543 2915 roc,
551 2877 639 2923 ἐπισκόπῳ
648 2881 695 2913 codd.
704 2882 737 2914 ten.
748 2884 762 2914 et
771 2882 838 2923 Rhodip.
849 2885 863 2914 ct

82 2926 119 2959 ecit.
128 2930 179 2969 princ
483 2928 519 2961 edit.
532 2927 583 2968 princ.
597 2923 695 2961 ἐπισκόπων
704 2928 741 2959 edit.
753 2927 810 2960 Petoo.

105 2970 133 3006 98.
144 2984 171 3013 τις
185 2968 204 3014 ὅς
218 2985 259 3010 ποτε
272 2973 319 3008 codd.
328 2982 365 3006 mss·
389 2967 410 3012 ὅς
420 2983 461 3008 ποτε
507 2972 560 3006 100².
572 2972 598 3004 lto
608 2972 654 3006 codd.
664 2981 702 3005 mss.
715 2975 786 3013 uterque,
797 2976 812 3005 et
826 2974 864 3006 edit.
920 3001 923 3012 ,

83 3016 182 3060 calcariae.
482 3020 533 3061 princ.
555 3013 865 3053 constructarumadratins-

106 3061 134 3096 99.
146 3062 244 3101 ἐπισκᾶπων
253 3066 289 3099 cod.
298 3067 330 3099 leo.
340 3068 355 3098 et
363 3064 400 3098 ecc.
409 3066 462 3106 princ
484 3063 555 3111 χείρων.

85 3104 180 3146 ἐπισκοπῶν
189 3112 297 3153 quadramin-
320 3108 415 3154 ἐπισκοπῆς
426 3111 463 3144 edit.

679 3164 727 3211 37*
