1988 3392
261 248 354 284 enunnu
365 249 408 284 nin.
418 250 448 285 iu.
459 250 513 286 rou.
523 252 545 286 u.
557 249 625 286 unna.
635 248 727 285 Lxxvu.
846 238 884 283 381

100 345 162 376 meus
171 344 183 373 a
193 338 249 375 recto
261 332 352 376 veritatis
364 333 436 376 itinere
447 334 536 377 deflexit.
567 334 661 386 Atenim,
677 331 779 389 inquiunt,
801 338 888 374 mentem

105 402 180 444 ideireo
189 400 243 444 illum
254 403 367 460 suscepisse
380 418 443 460 uego;
466 404 538 461 alioqui
549 405 655 462 cupiditate
665 402 720 445 illum
732 402 794 455 affici,
817 402 850 445 vel
860 401 887 443 ir-

105 469 162 514 ritari
171 484 220 512 sane
230 472 329 525 dicamus,
346 487 390 515 eum
400 465 457 515 mens
468 474 514 525 illa,
531 488 580 529 quae
591 475 649 516 nobis
662 474 726 526 inest,
742 471 842 514 variarum
854 485 887 513 re-

105 554 149 583 rum
161 539 268 596 cupiditate
281 548 382 583 teneatur.
413 540 451 594 Et,
473 550 494 585 ut
507 557 546 585 uuo
559 543 621 585 verbo
637 542 712 594 dicam,
734 540 888 583 uiiraestisto-

105 623 149 652 rum
168 608 268 652 homiuum
284 611 388 665 argutandi
404 626 427 653 ao
446 612 549 654 cavillandi
566 612 638 664 libid03
660 611 742 669 perinde
756 624 780 652 ae
794 608 887 665 scriptum

105 684 148 730 est,
169 680 225 718 Fecit
234 681 281 719 deus
294 682 397 733 simplicem
407 688 426 720 et
434 683 548 734 prudentem
557 683 661 721 homiuem:
682 682 716 721 secl
725 682 764 733 ipsi
774 682 839 720 verrius
850 680 889 719 sibi
896 686 939 717 Eeel.
946 688 961 725 t,
969 688 992 716 ao.

105 748 231 798 cogitationes
239 749 351 800 finxerunt.
383 747 436 790 Nam
451 750 468 790 si
481 763 508 791 ex
524 763 549 791 eo
566 749 618 804 quod
634 748 739 791 humanam
755 747 784 789 illi
802 754 888 789 mentem

105 813 242 868 attribuimus,
263 823 344 858 nostros
358 817 421 858 eidem
433 818 522 859 defectus
533 818 660 872 affingamus,
681 831 725 858 cum
738 824 758 858 et
768 817 832 872 ipsum
844 830 888 858 ear-

105 895 150 923 nem
161 881 251 924 induisse
267 885 375 935 fateamur,
398 885 460 926 multo
472 885 536 939 magis
547 885 583 925 hac
595 899 622 925 ex
633 892 702 939 parte,
725 885 742 925 si
753 885 831 926 illorum
845 899 889 926 ser-

104 948 196 991 monibus
206 950 317 992 adhibenda
328 952 376 993 fides
387 959 431 1003 est,
453 952 567 993 imminutus
579 952 637 993 debet
647 951 725 1003 videriq
746 954 797 1007 qnod
809 954 887 1007 quidem

104 1016 156 1059 absit
167 1024 188 1059 ut
199 1031 284 1074 uuquam
294 1018 406 1074 opinemur.
438 1017 572 1073 Quamobrem
582 1018 610 1060 uti
621 1019 703 1060 verbum
714 1019 787 1061 nullam
797 1019 817 1060 in
827 1033 888 1060 carne

105 1086 253 1129 diminutionem
271 1101 351 1144 passum
367 1095 412 1141 est,
435 1087 515 1129 tametsi
532 1101 600 1129 veram
618 1086 655 1129 sibi
670 1102 749 1130 carnem
762 1087 886 1145 imposuerit,

104 1155 132 1197 ita
143 1169 181 1198 nec
192 1155 213 1197 iu
225 1155 310 1198 humana
324 1164 389 1198 mente
402 1157 505 1213 quicquam
518 1156 614 1212 cogitavit
630 1157 681 1213 quod
693 1156 757 1199 minus
769 1164 822 1198 esset
838 1157 889 1198 divi-

88 1226 167 1277 nitate
184 1226 276 1284 diguum,
297 1227 332 1270 scd
348 1241 372 1269 ea
383 1221 485 1270 'duntaxat
501 1241 551 1284 quae
569 1226 637 1279 carui,
660 1227 737 1270 animae
754 1234 773 1270 et
791 1226 888 1269 humanae

104 1296 167 1340 menti
180 1304 315 1340 consentanea
329 1296 448 1341 uidebantur
463 1298 561 1341 accedens
577 1297 668 1340 dominus
684 1297 796 1355 expressit,
817 1311 842 1340 uc
852 1311 888 1341 ve-

104 1380 139 1409 rae
150 1380 198 1409 suae
210 1367 354 1409 iucarnationis
364 1367 453 1410 ordinem
466 1368 578 1423 seriemque
588 1367 722 1425 perturbaret.
752 1366 818 1410 Erant
827 1382 887 1425 porro

104 1436 143 1479 ista
157 1443 305 1489 consentanea,
328 1438 403 1490 fames,
426 1436 481 1490 sitis,
504 1436 606 1491 fatigatio,
627 1450 722 1488 somnus,
743 1437 886 1492 peregrinatio,

105 1505 173 1557 dolor,
189 1505 259 1558 fletus,
274 1506 397 1561 indignatio,
414 1519 476 1561 quae,
498 1513 520 1548 ut
529 1520 565 1561 pau
575 1512 630 1558 erat,
652 1508 673 1547 iu
688 1519 734 1548 sese
744 1507 833 1562 perlecta
844 1521 888 1548 cum

105 1572 203 1626 hominis,
219 1588 277 1629 quam
286 1587 358 1616 revera
369 1581 493 1631 susceperat,
510 1581 581 1616 natura
593 1574 699 1616 coniuncta
710 1574 888 1630 convenientiaque

105 1641 231 1684 monstravit.

162 1709 236 1766 Neque
254 1710 305 1751 enim
322 1709 418 1767 scriptum
432 1716 464 1752 est
474 1710 550 1766 uspiam
566 1724 628 1767 prava
639 1710 694 1753 illum
707 1709 813 1767 cupiditate
826 1710 889 1753 luisse
921 1715 961 1762 cap.

105 1786 229 1834 correptum,
251 1778 298 1832 quin
311 1779 376 1833 potius
393 1779 467 1835 optima
478 1778 532 1820 illum
544 1778 641 1835 cupiditas
654 1779 717 1834 cepit,
739 1793 782 1820 cum
794 1779 822 1820 ita
833 1778 889 1820 locu·
899 1762 981 1798 XXlffl·

105 1855 137 1888 tus
150 1854 192 1888 est:
208 1848 308 1887 Desiderio
318 1849 426 1887 desideravi
434 1849 470 1887 ltoc
477 1850 551 1900 pascue
562 1850 677 1888 munducare
691 1848 792 1887 uobiscum.
824 1846 887 1902 Atqui
895 1851 961 1888 hue.²1,
970 1852 992 1882 15.

106 1915 225 1957 desiderium
243 1928 307 1970 neque
323 1929 334 1956 a
349 1914 453 1958 divinitate
470 1915 613 1971 proficiscitur,
635 1929 700 1971 neque
717 1929 744 1956 ex
760 1915 803 1956 sola
819 1929 887 1968 carue,

105 1990 139 2025 aut
150 1983 253 2025 exanima
265 1982 336 2025 mentis
349 1991 445 2040 experte,
462 1984 497 2024 sed
509 1997 520 2023 a
531 1985 619 2040 perfecta
633 1983 718 2025 hominis
733 1990 816 2035 natura,
838 1998 889 2040 quae

106 2067 178 2111 corpus
190 2060 211 2096 et
222 2059 321 2106 mentem,
342 2066 366 2094 ac
376 2051 468 2109 quicquid
483 2052 536 2095 inest
546 2052 567 2095 in
580 2053 659 2095 homine
674 2052 819 2110 complectitur.
849 2052 888 2096 His

105 2122 158 2167 enim
169 2122 272 2176 omnibus,
288 2137 384 2180 corpore,
400 2124 492 2180 iuquam,
509 2123 574 2166 anima
587 2130 607 2165 et
616 2130 681 2165 mente
692 2137 715 2165 ac
726 2123 820 2180 reliquis,
837 2138 887 2181 quae

104 2193 126 2236 iu
137 2193 216 2237 homine
231 2201 290 2246 sunt,
313 2192 404 2235 omuibus
419 2193 529 2249 praeditum
544 2192 627 2236 verbum
643 2192 734 2246 advenit,
755 2193 772 2236 si
785 2200 887 2250 peccatum

105 2277 129 2305 ac
139 2264 238 2305 delectum
248 2277 327 2305 omnem
339 2263 439 2319 excipias,
461 2277 497 2320 pro
508 2277 533 2305 eo
544 2277 567 2305 ac
578 2263 672 2319 scriptum
684 2269 727 2314 est,
750 2265 841 2303 Teutates
849 2278 888 2317 per
896 2267 992 2306 fleti-ena.

106 2335 168 2373 omnm
182 2339 205 2373 ut
220 2334 285 2383 tomo,
304 2340 384 2386 praeter
401 2340 507 2386 peceatum.
544 2330 603 2388 Quod
619 2332 636 2374 si
652 2331 719 2373 omnia
735 2338 830 2388 expertus
848 2339 887 2385 est,

106 2415 190 2443 neccsse
202 2407 233 2443 est
244 2400 311 2443 omnia
322 2415 384 2456 penes
396 2400 479 2444 verbum
496 2400 566 2443 luisse.
597 2399 674 2443 Verum
689 2414 733 2441 cum
746 2399 795 2442 liaeo
807 2400 890 2443 haberet

106 2467 187 2522 omnia,
209 2470 356 2512 eademtamcu
372 2469 449 2525 inipso
465 2468 555 2526 superari
570 2482 609 2510 nou
625 2474 729 2525 poteraut,
750 2474 771 2509 et
786 2468 830 2511 sine
850 2469 889 2511 ulla

106 2536 151 2580 labe
163 2545 243 2580 servata
253 2545 311 2590 sunt,
334 2552 378 2579 cum
391 2539 491 2593 perlectus
503 2543 557 2580 esset
570 2537 618 2578 deus
629 2551 656 2579 ex
669 2550 729 2579 carne
741 2537 831 2591 genitus,
855 2538 889 2592 qui
949 2555 951 2557 ’

106 2607 195 2661 perfecte
205 2606 295 2662 implevit
305 2605 382 2658 omnia,
400 2613 492 2660 tanquam
504 2605 587 2661 perlecti
597 2605 651 2647 vasis
663 2604 748 2655 artifex,
770 2603 792 2645 iu
803 2619 842 2660 qno
853 2619 888 2647 ue·
943 2597 945 2600 ’

107 2687 145 2728 que
155 2688 203 2716 earo
211 2673 276 2715 minus
288 2674 415 2716 convenienti
428 2673 494 2729 aliquo
506 2673 571 2715 studio
582 2672 646 2714 divisa
659 2673 697 2726 sit,
719 2687 757 2715 nec
769 2673 813 2729 ipsc
823 2672 888 2715 alieno

106 2741 173 2798 aliquo
187 2743 260 2785 mentis
275 2756 349 2794 seusu,
372 2741 482 2783 cuiusmodi
498 2742 518 2783 in
534 2741 591 2783 nobis
604 2741 705 2794 cernitur,
727 2742 753 2784 sit
768 2742 888 2784 abstractus.

103 2807 167 2853 Mens
182 2811 234 2854 enim
248 2818 316 2853 nostra
332 2825 372 2851 uon
386 2811 409 2851 ad
424 2817 525 2866 peceatum
539 2810 691 2867 perpetrandum
706 2810 766 2852 insita
782 2810 838 2852 nobis
849 2817 887 2863 est,

106 2880 142 2924 sed
152 2881 177 2924 ad
188 2895 256 2925 earum
267 2895 346 2934 rerum,
363 2893 413 2937 quae
424 2879 445 2922 in
457 2879 515 2922 nobis
528 2887 630 2936 utramque
640 2879 660 2921 iu
673 2886 750 2936 partem
760 2879 888 2922 consideran-

106 2956 150 3005 tur,
167 2951 336 3008 contemplandam
347 2948 502 3008 perlectiouem,
524 2964 612 2993 necnon
625 2950 719 2993 etofficia
735 2949 834 3002 iustitiae,
855 2949 889 2992 vel

107 3019 126 3063 ei
138 3021 240 3063 contraria
252 3020 393 3078 dignoscenda.
424 3018 502 3077 Quippe
518 3023 586 3062 mentes
600 3027 630 3060 est
643 3020 701 3062 verbe
715 3022 835 3069 descernere,
858 3023 992 3095 ²¹²²'¹2',’·3}²q¹²⁶

947 3087 952 3103 ,
971 3087 975 3095 .

130 3111 147 3147 a.
159 3112 229 3157 „vano
240 3105 283 3154 tter
294 3115 377 3150 Petaurus.
