1988 3392
128 240 130 243 .
164 205 192 246 46
354 192 356 195 ’
454 211 537 246 εκαοτι
548 210 664 246 τειεαιαιι

166 288 205 341 666,
226 289 254 341 είς
273 289 334 344 θεὸς,
353 293 388 336 καὶ
408 288 436 341 τίς
454 287 535 345 ἤμελλεν
554 290 636 339 ἕκαστος
650 286 692 333 άπιί
711 292 746 343 τής
765 286 862 344 άληθείας
877 290 950 337 ἑαυτὸν

167 358 279 414 ἐκβάλλειν,
299 362 352 417 ἔλεγε
371 359 423 415 πράς
436 357 484 408 τούς
497 356 619 412 Ἰουδαίους,
642 356 762 412 Οὐδὲν-εἶφ’
783 359 856 401 ἑαυτοῦ
871 361 950 405 ποιεῖιί

166 427 222 481 υἷάς,
238 427 274 472 ἐάν
288 427 316 484 μή
332 432 366 488 ἴδη
380 427 415 472 τείν
429 427 505 483 πατέρα
519 432 623 471 ποιοῦντα.
653 428 694 470 Καὶ
710 426 748 482 οὐχ
762 425 794 470 ίίτι
808 431 889 482 πρῶτον
904 426 950 488 ὁρᾷ,

167 498 234 540 ἔπειτα
249 496 343 553 πράττει,
358 495 406 541 αἰλλά
420 495 486 539 πάντα
501 496 523 539 ἒν
537 497 601 555 ἑαυτῷ
616 497 664 551 ἔχει,
679 497 713 540 καὶ
728 494 811 553 πράττει
825 492 838 539 ίί
853 496 949 551 βούλεται.

230 639 280 686 Πῶς
292 630 403 678 οὖντοῦτο
414 634 477 685 ἔσται,
497 627 514 675 6
530 634 627 685 Φοιτεινές
647 632 706 688 ήτίς
720 631 732 676 6
747 635 768 677 ἒν
782 634 815 676 σοὶ
829 633 889 676 πάλιν
903 632 952 689 ήμῖν

169 703 329 759 προβαλλόμενος
341 707 400 745 τοῦτο
415 701 438 744 τί
459 699 554 754 ζιζάνιον;
575 704 605 752 τίς
619 699 631 744 6
645 701 668 745 τά
684 700 804 758 δηλητήριον
817 706 877 746 τοῦτο
892 720 951 746 κατα·

168 772 266 822 σκευάσας
280 777 308 830 τῷ
322 774 370 830 βίῳς
386 771 451 814 πόθεν
465 769 488 814 τὸ
503 770 594 826 πονηρόν
608 785 640 813 σοι
651 771 786 826 ἐνθυμεῖσθαι
800 769 852 813 κατά
866 775 902 814 τοῦ
917 789 952 815 κυ-

168 843 213 896 ρίου
228 855 265 885 σου
270 839 396 924 βλάσφημον
411 841 478 894 λαβεῖν
493 836 602 891 άπάνοιανς
631 838 675 882 Οὐκ
686 840 752 883 ἔπεισέ
765 853 788 883 σε
796 836 895 895 Ἁβραάμ,
911 839 950 894 φά-

167 923 225 953 σκωο
235 908 287 962 πρός
302 906 364 952 αὐτὸν
378 926 412 951 και
426 909 498 991 λέγων,
512 905 703 991 Οκρίνρινπᾶσαν
716 906 754 963 τήν
767 913 806 965 γῆν
820 907 846 952 66
861 906 952 963 ποιήσεις

167 981 243 1033 κρίσιας
257 976 374 1033 Ἐλέγγθητι
383 976 421 1033 γάρ
434 994 462 1026 υς
471 975 517 1034 παρ’
529 974 584 1035 αὐτῷ
599 975 611 1019 6
626 975 670 1026 υἷάς
682 978 806 1031 ἐπεδήμησε,
821 977 856 1020 καὶ
868 974 893 1019 ⁰6
903 994 952 1034 προ-

168 1045 224 1102 φορά
239 1064 269 1096 τις
284 1045 324 1097 6¹6,
345 1041 385 1088 ἄλλ’
400 1045 546 1095 ε’νυπόσταστος
559 1043 609 1095 θεάς
622 1045 686 1102 λόγος.
717 1044 783 1088 K66'
770 1062 827 1096 οπως
841 1044 951 1103 γνρίης,ὥ

169 1114 289 1168 ἕθελόσοφε,
309 1113 331 1157 τά
347 1114 410 1170 πέρας
425 1118 466 1157 τῶν
481 1114 501 1157 ἐν
512 1113 575 1172 ταύτῃ
589 1118 613 1172 νή
624 1111 722 1156 ὑποθέσει
735 1113 949 1170 πεπραγματευμένον,

169 1181 198 1234 τίς
216 1184 237 1226 ἔν
251 1188 275 1242 τῇ
294 1185 340 1241 θεία
354 1187 423 1242 γραφῇ
439 1181 633 1238 ε’πισφραγισάμενος
650 1179 673 1225 τά
690 1183 764 1226 τέλειον
776 1181 823 1237 ήμῖν
833 1180 950 1237 ἀπεφήνατο

82 1272 117 1302 μσς.
125 1265 155 1294 66,
170 1251 254 1306 φάσκων
264 1251 305 1303 66,
314 1249 397 1306 ’Ἐβρεξε
407 1251 478 1306 κύριος
492 1248 524 1294 676
539 1248 629 1308 οὐρανοῦ
644 1255 685 1307 πῦρ
700 1251 736 1293 καὶ
748 1256 807 1295 θεῖον
821 1251 855 1295 ἐπὶ
868 1250 952 1306 Σόδομα

167 1322 203 1364 καί
218 1320 313 1375 Γόμορρα
327 1318 382 1373 παραὶ
401 1322 485 1374 κυρίου,
506 1320 541 1362 καί
560 1318 599 1362 οὐκ
619 1316 685 1371 εἶπεν,
706 1317 729 1361 Ὁ
744 1317 803 1375 λόγος
819 1323 856 1363 τοῦ
872 1322 951 1375 κυρίου,

169 1386 229 1441 ιἰλλά,
249 1386 327 1443 Κύριος
339 1386 395 1444 παρά
406 1390 488 1485 κυρίου
504 1385 532 1437 τίς
542 1388 577 1431 καί
588 1388 655 1442 Δαβίᾶ
665 1389 726 1445 λέγει,
741 1385 808 1431 Εἶπεν
820 1385 832 1432 6
843 1387 914 1444 κύριος
923 1391 953 1474 κρῖ

167 1460 231 1516 κυρίῳ
248 1474 298 1511 μου,
318 1458 352 1499 καὶ
367 1459 401 1499 ίνα
420 1455 467 1500 1ίίτι
481 1455 507 1498 66
524 1455 572 1510 μετά
587 1454 624 1510 τήν
638 1457 737 1513 ε’νσαρκον
751 1459 865 1512 παρουσίαν
880 1454 892 1500 6
907 1455 952 1507 υίάς

169 1525 232 1582 μόνον
243 1523 353 1583 εὑρίσκεται
364 1528 470 1582 διηγεῖται,
485 1542 520 1567 και
535 1526 579 1581 περὶ
595 1529 630 1580 τῆς
644 1522 678 1568 εἶπ’
693 1522 756 1581 α’ργῆς
768 1524 806 1577 ὅτι,
818 1525 856 1568 Ἐκ
867 1523 953 1582 γαστρίς

169 1594 210 1648 πρά
219 1592 360 1650 Εωςφιίρου’
351 1595 446 1650 εγεννιγσα
456 1608 483 1636 σε
514 1595 556 1636 Καί
572 1595 665 1648 περὶτοῦ
677 1591 736 1650 άγίου
748 1592 870 1648 πνεύματος,
890 1596 906 1638 6
918 1611 952 1638 πε-

170 1662 280 1721 ριτεολιίγε,
295 1681 329 1706 και
322 1660 385 1706 ἐν’
373 1668 443 1719 αργοῖς
453 1663 488 1705 καί
498 1663 609 1719 περιέργοις
622 1662 734 1717 ταττόμενε,
749 1660 817 1713 οὐδεὶς
829 1664 904 1715 δέξεταί
914 1678 953 1707 σου

169 1730 204 1775 τάν
217 1731 281 1788 λόγον.
313 1730 364 1774 Οἰίτε
380 1730 418 1788 γάρ
431 1731 542 1786 μειζότερον
557 1729 580 1773 τά
592 1735 681 1785 πνεῦμα,
703 1728 749 1774 οὔτε
759 1730 883 1795 μικρότερον.
917 1735 952 1783 Τίς

170 1799 209 1857 γάρ
219 1804 283 1843 ταῦτα
293 1799 404 1855 ἐξεζήτησε,
424 1800 496 1854 φησὶν,
516 1800 539 1842 ἐκ
553 1803 594 1842 τῶν
606 1803 678 1856 χειρῶν
690 1797 758 1854 ὗμεῑνς
777 1798 860 1857 Ἐλέγχει
874 1815 896 1844 σε
906 1799 953 1844 666

171 1866 232 1918 αιίτιίς
242 1866 299 1924 άγιος
313 1867 383 1925 λόγος,
404 1865 432 1918 οἷς
443 1866 518 1921 φάσκει
528 1866 598 1923 κίρκος
610 1869 654 1922 περὶ
666 1872 702 1911 τοῦ
714 1866 827 1922 πνεύματος
838 1886 874 1912 του
884 1866 952 1926 άγίον

171 1935 275 1994 ὁμολογῶν
286 1935 336 1980 αὐτὸ
347 1935 430 1994 γνήσιον
440 1941 477 1990 τῆς
487 1934 550 1979 αὐτοῦ
561 1934 660 1992 θεότητάς
674 1951 736 1991 φησι,
760 1935 787 1980 T6
798 1937 821 1981 ἐκ
830 1941 868 1981 τοῦ
878 1935 953 2005 πατρὸς

171 2006 343 2063 ἐκπορευόμενον,
357 2005 392 2048 καί
406 2009 443 2047 τοῦ
457 2005 508 2059 ἐμοῦ
521 2004 612 2060 λήψεται

230 2284 272 2326 Καὶ
288 2280 350 2326 πείσαι
366 2281 421 2325 άλλαι
438 2280 558 2338 τυγχάνουσι
575 2282 691 2340 μαρτυρίαις
711 2278 780 2338 ἐπειδή
790 2282 813 2326 66
828 2288 891 2327 πᾶσιν
904 2279 954 2339 ήσή

171 2353 267 2408 ἓρεσχελία
284 2351 345 2407 δῆλός
360 2353 401 2394 ἔστι
412 2350 489 2406 πλάνης
500 2345 552 2394 σῦσα
566 2352 601 2394 καί
616 2349 654 2395 οιίκ
669 2351 770 2406 ἀληθείας.
806 2350 954 2408 Φωραθήσεται

171 2421 193 2462 δὲ
204 2418 229 2463 06
241 2419 304 2475 μόνον
314 2418 354 2463 άπὸ
366 2424 460 2471 συνετῶν,
476 2417 524 2462 άλλά
533 2420 568 2462 καὶ
580 2417 621 2463 άπὸ
630 2424 670 2463 τῶν
680 2420 752 2476 ὀλίγων
762 2425 828 2475 ιιτής
839 2424 898 2472 θείας
908 2438 954 2478 γρα-

173 2493 214 2543 φής
223 2487 261 2543 τήν
273 2486 406 2531 άκολουθείαν
416 2486 599 2544 ἓπιγινωσκόντων,
615 2485 640 2531 δι’
650 2486 677 2542 ήν
687 2486 725 2532 οιίκ
737 2489 896 2544 ἔπιδεηθήσομαι
906 2494 954 2534 πολ-

171 2561 211 2599 λῶν
227 2555 358 2612 1μαρτύρων,
372 2555 387 2611 ἢ
398 2560 471 2610 πολλῆς
481 2554 609 2612 άνατροπῆς
624 2554 725 2599 εὐάλωτον
735 2555 773 2612 γάρ
784 2572 822 2600 σου
832 2557 854 2601 τά
866 2556 954 2615 διήγημα

172 2626 206 2668 καί
221 2622 236 2679 ή
251 2627 375 2667 κακοπισιία,
406 2623 444 2667 Διιί
456 2622 545 2678 άρκετῶς
560 2625 628 2678 ἳὲχειν
640 2623 664 2667 τά
678 2623 729 2681 πρὸς
740 2625 762 2668 σὲ
776 2627 881 2681 εἰρημένα,
903 2624 954 2678 3τίς,

171 2690 212 2736 άπιί
228 2697 266 2749 γῆς
276 2691 419 2744 άναφάσανεος
432 2691 536 2736 κνωδάλου
552 2690 645 2736 4άτάνου
658 2694 723 2735 τεκαὶ
735 2692 851 2748 α’δυνάμου,
867 2695 955 2753 τρίποδί

171 2759 281 2818 τοῦλόγου
292 2762 403 2818 συντρίψας
418 2762 452 2804 καὶ
462 2766 488 2820 τῇ
498 2765 534 2804 τοῦ
545 2763 596 2803 θεοῦ
609 2759 670 2817 λόγου
680 2759 765 2821 άληθείγι
771 2796 778 2814 ,
799 2761 814 2816 ή
826 2760 855 2813 οίς
866 2764 954 2820 ἕλμιγγα,

195 2900 290 2933 06..-v
305 2899 318 2930 1.
331 2900 406 2932 Ριλουὶαε
415 2910 460 2944 γιως
469 2902 553 2933 desudarat
576 2903 644 2942 uterque
663 2902 785 2945 μαρτυρῶναί.
794 2904 845 2942 princ.
859 2902 955 2946 μαρτυριῶν

170 2947 203 2979 Sed
209 2946 249 2978 661
254 2947 309 2985 ἀκταί,
318 2943 364 2979 αλια
372 2946 511 2985 interpretabimur
520 2945 552 2978 ubi.
575 2945 599 2978 αλ
612 2947 667 2980 Ριλου,

194 2990 234 3023 Cn.
243 2990 305 3024 VL-
330 2991 345 3023 1
357 2986 502 3033 μαρτύρωιοοσιλ.
513 3000 551 3023 mss.
597 2992 614 3025 2
626 2992 671 3025 661
679 2993 737 3026 1666
748 2990 797 3037 ἔχειν.
