1988 3392
359 244 580 281 unacurnaunnosrs.
820 233 861 276 559

79 341 119 375 tum
130 336 161 372 est
173 336 193 371 et
206 343 259 371 ame
271 328 340 384 paucis
356 330 487 385 explicatum,
508 327 625 384 evangelica
641 326 716 368 scilicet
732 327 788 378 luce,
811 339 862 381 quae

79 417 90 443 a
100 398 181 442 Christo
192 398 271 439 domino
281 395 397 452 Christique
407 399 507 453 discipulis
516 398 559 441 orbi
569 405 667 439 terrarum
678 396 730 436 illata
741 396 784 436 luit.
812 392 862 448 Qui-

78 471 114 511 bus
127 482 138 509 a
153 481 184 508 me
200 466 258 507 dictis
272 474 407 508 consentanea
424 467 518 521 pleraque
534 467 627 522 colligere
645 465 703 517 licet,
727 479 751 504 nc
768 463 862 505 vaticinia

79 544 99 584 et
111 536 192 590 oracula
203 548 230 575 cx
242 535 287 589 lege
298 535 375 585 veteri,
392 535 424 575 vel
440 532 526 575 Psalmis
539 535 622 588 aliisque
632 534 688 575 libris
700 532 826 586 conquirere,
843 538 863 572 et

79 603 165 646 omnium
185 603 258 642 seriem
274 602 403 656 ordinemque
421 603 554 657 perscrutari,
579 617 605 642 ex
622 603 687 655 iisque
705 599 862 650 incarnationem

79 669 154 712 Christi
167 668 241 709 domini
256 669 360 723 perspicue
373 669 502 723 comprobare
516 684 555 709 nou
567 669 723 724 supposititiam,
747 666 782 705 sed
794 679 862 704 vetant

78 735 184 787 extitisse,
206 743 265 791 atque
277 735 297 777 iu
312 736 356 791 lege
366 736 430 777 veteri
443 736 565 788 nuntiatam,
586 744 608 778 nt
619 737 643 777 de
656 750 680 777 eo
691 735 757 776 nullus
771 733 797 774 sit
808 733 864 774 dubi-

78 805 132 849 tandi
150 804 206 847 locus
218 804 309 847 relictus.
323 860 328 868 Α
341 803 382 848 Sed
394 820 417 848 ne
428 805 486 848 huius
499 806 565 864 operis
579 805 672 849 tractatio
686 804 706 848 in
718 804 816 847 inlinitum
828 816 864 845 ex·

66 884 168 929 crescat,
186 875 282 933 hisquae
298 875 411 920 dictasunt
427 878 500 919 erimus
516 877 613 920 contenti.

135 948 167 989 Ac
182 947 276 1003 deinceps
293 948 398 1003 opiniones
414 946 470 998 illas,
493 961 543 1003 quae
559 947 579 989 in
598 948 699 989 hominnm
714 947 774 987 vitam
791 953 862 1002 postea

80 1016 165 1074 pessimo
181 1017 249 1057 colore
264 1031 287 1057 ac
302 1018 369 1072 specie
385 1016 474 1072 prolatae
490 1022 549 1066 sunt,
566 1016 636 1057 eadem
652 1016 705 1056 serie
720 1026 832 1070 pertexam.

136 1083 192 1125 Haec
207 1092 254 1125 suut
272 1099 322 1139 qnae
338 1085 359 1125 in
377 1086 465 1126 secundo
482 1092 536 1125 tomo
551 1084 596 1125 libri
611 1084 668 1139 primi
682 1084 821 1133 continentur,
841 1083 862 1122 iu

79 1167 118 1209 qno
129 1150 184 1192 Xlll
199 1152 294 1194 haereses
311 1153 449 1207 explicantur,
473 1166 556 1206 quarum
573 1151 636 1207 prima
654 1157 686 1192 est
698 1149 787 1192 Simonis
797 1148 862 1203 Magi,

80 1219 188 1273 quistatim
204 1226 250 1271 post
261 1217 363 1260 Christum
382 1219 541 1274 praedicantibus
554 1219 617 1258 adhuc
630 1219 725 1273 apostolis
738 1219 831 1265 emersit,
852 1230 863 1255 a

80 1300 118 1340 qno
132 1284 243 1326 Simoniani
257 1286 310 1325 illins
321 1286 412 1326 haeresis
424 1293 536 1326 sectatores
548 1285 639 1340 appellati
650 1291 705 1326 stud.
737 1283 775 1324 Hic
787 1297 814 1324 cx
825 1281 863 1324 Sa-

80 1352 154 1395 mariae
173 1353 218 1394 vico
235 1354 319 1408 quodam
334 1351 408 1395 Gittbis
426 1353 521 1395 oriundus
533 1351 635 1395 Christum
650 1353 729 1394 nomine
747 1361 805 1394 tenus
818 1367 863 1410 pro·

80 1424 145 1467 lessus
155 1430 197 1477 est,
220 1431 290 1467 auctor
306 1424 403 1466 netandae
420 1423 549 1467 obscenitatis
564 1431 584 1466 et
600 1423 753 1481 inquinatissimi
770 1422 864 1465 concubi-

79 1503 119 1537 tns.
150 1492 258 1537 Praeterea
275 1494 398 1551 promiscuas
408 1510 485 1538 uxores
496 1510 542 1537 esse
554 1496 624 1537 voluit.
657 1493 748 1551 Corpora
760 1502 820 1550 negat
831 1508 864 1535 re·

80 1578 176 1621 surgere,
199 1578 261 1606 neca
279 1565 317 1606 deo
335 1565 427 1606 mnndum
447 1564 564 1606 fabricatum
580 1579 626 1606 esse
643 1564 719 1605 statuit.
755 1562 863 1618 Imaginem

80 1647 140 1689 porro
153 1647 209 1674 snam
224 1633 325 1688 scottique
338 1633 382 1684 sni,
404 1634 484 1674 rioiuiue
501 1632 604 1683 Helenae,
627 1633 663 1674 snb
679 1631 734 1673 lovis
751 1647 775 1673 ac
786 1630 864 1673 Miner-

80 1714 117 1742 vae
128 1703 195 1757 specie
209 1701 310 1756 discipulis
321 1702 441 1742 adorandam
454 1702 546 1742 obtrusit.
577 1701 636 1756 Apud
650 1700 761 1741 Samarites
778 1714 813 1755 pro
827 1700 864 1740 deo

80 1776 135 1823 patre
150 1782 172 1808 se
188 1769 293 1809 veriditans
309 1768 386 1808 ludaeis
402 1766 504 1808 Christum
519 1782 541 1808 se
557 1782 603 1808 esse
618 1768 704 1807 dicebat.

136 1834 278 1876 Menandriaui
291 1849 301 1874 a
313 1833 427 1875 Menandro
438 1836 521 1887 quodam
535 1834 632 1887 originem
643 1841 760 1885 traxerunt,
777 1834 810 1889 qni
821 1848 865 1874 cer-

82 1902 106 1942 tis
124 1902 145 1942 iu
162 1901 222 1943 rebus
240 1915 252 1941 a
268 1898 392 1942 Simonianis
408 1901 547 1958 discrepabat,
568 1902 662 1943 muudum
679 1915 727 1943 vero
744 1902 769 1942 ab
787 1902 864 1958 augelis

82 1971 143 2013 fnisse
157 1973 273 2028 productum
290 1970 402 2013 asserebat.

131 2039 269 2085 ,Saturniliani
289 2041 309 2083 iu
330 2039 391 2099 Syria
411 2039 573 2085 simonianorum
593 2041 734 2100 turpitudinem
754 2050 863 2086 auxerunt.

80 2110 184 2155 Nonnulla
194 2126 272 2168 quoqne
286 2113 309 2153 ad
322 2112 416 2153 maiorem
435 2112 578 2154 conciliandum
592 2120 694 2169 stuporem
705 2115 729 2154 ad
742 2114 819 2154 illorum
831 2116 865 2155 ad-

80 2180 147 2223 iecere
164 2183 263 2237 dogmata.
295 2179 373 2222 Horum
391 2181 481 2237 princeps
497 2179 612 2223 Saturnilus
627 2182 674 2234 tuit,
697 2183 729 2238 qni
748 2182 829 2237 perinde
841 2196 864 2223 ae

80 2246 193 2291 Menander
203 2251 269 2291 ninudi
281 2249 394 2291 conditores
405 2250 501 2304 angelos,
518 2250 555 2291 boc
566 2258 597 2292 est
608 2258 702 2305 septenos
713 2264 741 2291 ex
752 2250 789 2302 iis,
807 2250 863 2301 facit,

81 2317 140 2372 idque
150 2318 205 2372 ipsos
222 2324 302 2373 praeter
313 2317 400 2372 supremi
419 2318 507 2372 parentis
523 2318 642 2359 sententiam
659 2320 771 2373 suscepisse
787 2319 863 2359 statuit.

138 2384 256 2426 Basilidiaui
272 2385 371 2425 foeditatis
389 2386 478 2424 eiusdem
490 2386 540 2425 socii
551 2386 574 2425 ad
588 2383 689 2426 basiliden
704 2386 801 2439 originem
812 2388 845 2427 ref
856 2410 865 2416 -

82 2457 140 2502 runt,
157 2452 245 2505 quicum
258 2450 361 2492 Saturuilo
373 2450 495 2491 Simonianis
508 2465 531 2491 ac
542 2449 694 2492 Menandrianis
707 2465 788 2505 operam
803 2452 864 2502 dedit,

83 2529 107 2557 ac
117 2516 196 2560 tametsi
206 2518 274 2559 eadem
287 2519 329 2560 lere
343 2518 423 2570 sentiat,
440 2519 460 2560 in
474 2516 588 2574 quibusdam
601 2525 667 2561 tamen
678 2519 783 2576 discrepat.
811 2519 864 2563 Nam

83 2586 181 2631 coelestes
192 2586 251 2630 orbes
263 2584 383 2631 CCCLXV
395 2588 510 2641 constitnit,
531 2603 581 2646 qnos
591 2588 686 2646 angelicis
699 2589 812 2634 nomnibus
826 2592 866 2635 affi-

43 2656 46 2661 ”
83 2655 117 2711 cit,
133 2658 217 2715 ideoque
229 2658 310 2700 totidem
321 2659 391 2702 diebus
402 2674 474 2701 annum
486 2667 578 2702 constare
589 2668 666 2703 censet.
697 2661 759 2703 Addit
768 2670 789 2704 et
801 2663 865 2705 Abra·

84 2740 121 2770 sax
132 2729 234 2771 cuiusdam
247 2728 326 2771 virtutis
337 2743 422 2780 nomeu,
446 2744 496 2785 qnae
508 2727 626 2772 CCCLXV
640 2746 744 2774 numerum
756 2732 819 2774 literis
830 2747 866 2774 ex—

83 2797 162 2851 primit,
178 2799 237 2854 idque
252 2804 341 2839 sanctum
358 2812 403 2839 esse
420 2812 492 2840 nomen
508 2798 587 2841 asserit.

105 2907 122 2943 d.
135 2911 244 2955 μενανδρηνοὶ
255 2913 300 2944 codd.
312 2921 349 2944 mss.
361 2916 430 2953 uterque.
508 2912 524 2946 9.
536 2909 606 2951 τούτους
617 2915 654 2948 edit.
666 2918 721 2948 Petou.

106 2955 122 3004 b
133 2957 178 2989 Libri
189 2959 237 2997 uulgo
248 2952 283 2994 οὓς.
509 2959 534 2992 to.
551 2955 630 3002 ἀβασὰρξ
646 2962 692 2993 codd.
707 2969 745 2992 mss.
760 2963 835 3000 utaque,
851 2965 865 2993 et

106 3000 122 3030 b.
136 2996 185 3035 attat
196 3003 242 3034 codd.
254 3011 290 3033 mss.
303 3004 317 3032 et
328 3003 364 3033 edit.
374 3004 426 3041 princ.
485 3005 521 3035 edit.
532 3005 582 3042 princ.

106 3042 123 3076 i.
134 3046 160 3076 lta
170 3048 231 3078 Pauor.
245 3047 289 3077 Libri
300 3048 348 3085 octav
359 3056 382 3079 τε4
508 3049 533 3079 lt.
547 3042 599 3080 αὗτοῦ
611 3043 658 3091 ἅγιον
670 3050 704 3081 cod.
716 3050 783 3089 Rhedip.

106 3086 123 3120 8.
135 3091 254 3134 μενανδρηνοῖς
265 3091 310 3124 codd.
323 3100 360 3124 mss.
371 3092 395 3123 nti
405 3101 461 3133 supra.
508 3092 533 3125 12.
545 3091 612 3136 πνεῦμα
623 3094 670 3127 habet
681 3095 742 3128 Pauor.
