1988 3392
125 211 168 253 248
415 220 625 255 ειαοτιιειειιιιιιι

128 301 217 352 ε’ννοίας,
237 297 268 343 ότι
280 304 307 360 τῷ
319 300 424 355 ποιήσαντι
434 298 459 341 τά
469 297 534 342 πάντα
546 300 567 351 ἐξ
576 299 615 343 οῦκ
626 298 699 353 όντων,
720 299 912 353 καὶδανηθὲντιτε-

127 371 184 418 λείως
195 366 219 411 τά
230 368 296 413 πάντα
313 369 354 413 ῦπδ
365 373 387 412 ἓν
398 366 533 426 ἐργάσασθαι,
555 370 618 425 μηδὲν
629 371 695 426 χρείαν
714 370 777 424 ἐγοντι
792 373 911 424 προςληιττι-

128 442 166 491 κῆς
178 436 300 491 ἐπιδόσεως,
316 441 382 496 δεσμῷ
392 438 413 479 δὲ
423 441 486 479 ταῦτα
496 436 616 493 πεδησαντι,
637 435 757 495 άδρνντικην
769 435 840 480 οῦσίαν
850 454 913 494 προς-

129 510 227 561 ληπτιπης
241 507 353 561 4θεότητος
367 497 495 561 ἐπιδεόμενον
507 508 632 562 ἐπιφημίζεις
644 505 716 563 λόγον,
736 506 771 550 καὶ
784 503 830 549 οῦτε
842 506 914 558 ἐξιοοῖς

38 585 111 622 μιμοιο,
130 580 172 625 τοῖς
188 572 223 618 ὑπ’
242 574 304 619 αὐτοῦ
321 575 461 629 κεκτισμένοις.
487 574 591 630 Ἀπαργης
604 574 643 632 γάρ
659 578 737 625 τελείως
754 572 805 617 αῦτά
819 573 913 629 ποιήσας,

130 643 262 699 προςληψεως
273 643 389 698 ἔπιδεόμενα
401 643 426 685 τά
436 645 456 694 ἐξ
469 641 535 687 αῦτῦν
548 645 578 687 ἐτι
592 642 727 698 βλαστάνοντα
743 642 803 698 ῦρισε
814 642 870 700 νόμῳ
882 657 915 687 σο-

130 714 191 764 φίας,
212 711 269 755 άτινά
281 714 322 755 ἐστι
332 717 394 754 ταῦτα
405 713 427 754 ἒν
438 710 469 761 οἷς
482 714 521 756 ἐστι
532 712 557 755 τά
567 715 655 767 καθεξῆς
670 710 768 768 γενόμενά
780 727 801 753 τε
816 712 850 754 καί
861 711 915 767 γινό-

131 796 190 835 μενα,
206 779 233 830 τίς
245 779 289 823 οἷον
302 783 374 833 είπεῖν,
396 778 494 835 οῦρανδν,
513 786 562 837 γῆν,
581 779 648 837 ι’ίδωρ,
664 778 723 836 άὲρα,
743 779 811 835 ἥλιον,
826 771 916 834 σελήνην,

131 848 205 904 άστρα,
225 850 260 891 καὶ
272 848 297 891 τά
312 850 335 891 ἐκ
346 854 386 891 τῶν
402 846 484 892 ν’δάτων
498 849 640 906 γεγεννημένα,
661 849 699 899 ἕως
713 849 748 891 καὶ
762 846 872 891 αὐτοῦτοῦ
883 845 917 890 άν-

131 916 224 973 θριόποο.
254 915 297 960 Οῦκ
313 916 472 974 ον’ρανδνάτελῆ
484 919 587 972 ἐποίησεν,
608 917 633 961 οό
646 922 684 975 γῆν
697 915 848 972 5άτελεστάτην,
868 914 918 959 άλλδ

132 989 205 1029 τελείαν
217 986 253 1040 μὲν
266 985 303 1039 την
314 991 363 1042 γῆν,
383 988 458 1030 τέλειον
469 987 490 1029 δὲ
502 985 536 1030 τόν
547 984 645 1043 οὐρανόν,
666 984 755 1042 ἀόρατον
765 985 787 1028 δὲ
798 986 833 1028 καὶ
843 982 915 1027 άκατα-

132 1053 243 1097 σκεόαστον
258 1054 302 1097 τότε
319 1054 344 1097 δι’
357 1054 383 1110 ἣν
393 1057 459 1110 ἔμελλε
470 1060 536 1098 ποιεῖν
552 1053 689 1109 διακόσμησιν.
712 1052 782 1109 ’Ὑδωρ
796 1053 819 1096 δὲ
829 1051 872 1108 άμα
883 1055 918 1097 καλ

132 1128 177 1176 φῶς
192 1121 214 1165 τδ
227 1121 386 1178 πρωτόκτιστον,
407 1122 441 1166 διά
453 1128 489 1166 τοῦ
505 1122 604 1177 α’ληθινοῦ
619 1122 689 1176 φωτός
705 1120 729 1164 τά
745 1121 810 1165 πάντα
826 1122 918 1177 ποιήσας,

132 1195 170 1234 τοῦ
189 1189 283 1234 άκτίστοο
298 1193 332 1233 καί
348 1196 459 1243 ζωοποιοῦ,
481 1193 548 1234 ἔπειτα
563 1191 584 1234 δέ
599 1188 624 1234 τά
639 1193 661 1234 ἐκ
675 1195 711 1245 τῆς
725 1194 762 1246 γῆς
777 1191 862 1242 φοὲντα·
883 1191 919 1233 καὶ

132 1258 173 1315 πρό
191 1257 264 1302 τοῦτον
280 1257 303 1301 τό
316 1261 421 1315 στερέωμα.
455 1258 497 1314 Οῦγ
512 1257 600 1314 ἡμιτελὲς
616 1277 636 1302 τι
650 1260 734 1315 ἐγίνετο,
756 1255 805 1301 άλλά
819 1259 885 1301 πάντα
898 1261 920 1302 ἐν

133 1326 244 1382 τελειότητι.
273 1325 394 1383 Ἐξαγαγίτω
407 1326 445 1384 γάρ
461 1324 475 1382 ἡ
492 1331 517 1383 γη
534 1326 623 1382 βοτάνην
638 1325 720 1383 χόρτου,
743 1329 825 1384 σπεῖρον
841 1327 920 1383 σπέρμα

133 1394 182 1438 καθ’
193 1393 303 1449 όμοιότητα
313 1397 346 1437 ἐπὶ
359 1400 394 1448 τῆς
405 1399 453 1452 γης,
467 1397 502 1438 καλ
512 1395 570 1446 ξύλον
580 1395 693 1452 κάρπιμον,
709 1391 734 1439 οὗ
744 1394 765 1439 ιδ
777 1396 856 1452 σπέρμα
869 1395 920 1438 6αιί-

134 1469 175 1507 τῶν
190 1465 212 1506 ἐν
228 1463 282 1522 αὐτῷ
297 1462 345 1506 καθ’
355 1462 472 1518 όμοιότητα
486 1465 520 1507 ἒπλ
534 1468 570 1518 τῆς
585 1468 627 1520 γης.
658 1465 700 1507 Καὶ
715 1462 765 1523 δρᾷς
782 1461 809 1514 οἷς
826 1461 922 1518 οὐδεμιᾶς

136 1530 218 1581 7εόθδς
227 1530 251 1574 τά
265 1532 376 1588 ὃγεγονότα
389 1533 478 1576 ἐπεδέετο
490 1537 638 1589 προςληπτικης
648 1531 764 1585 ἐπιδόσεως,
780 1531 820 1575 ἄλλ’
830 1532 920 1588 ἀνδρεῖα,

136 1600 164 1651 τίς
176 1602 251 1653 εἰπεῖν,
271 1601 306 1643 καλ
317 1603 378 1643 τελεία
393 1600 427 1644 διδ
441 1605 478 1644 τοῦ
494 1599 647 1657 προςτάγματος
659 1599 722 1650 εῦθδς
735 1598 873 1656 ιδεόρίσκεται,
893 1605 921 1659 τῷ

475 1666 582 1684 ἵὶλῖί

136 1670 158 1712 δὲ
171 1668 277 1727 ἀνθρώπῳ
295 1670 425 1722 ἔπιδοθέντα,
447 1667 476 1711 ῦπ
492 1686 555 1712 αατον
570 1686 619 1712 οντα
631 1670 666 1712 καὶ
679 1670 701 1711 ἐν
713 1668 769 1728 αὐτῷ
782 1673 922 1727 σπερματικοῦς

137 1739 165 1788 είς
178 1739 306 1790 δεσποτείαν,
329 1737 354 1780 οῦ
367 1739 430 1781 τέλεια
446 1736 564 1795 παρεδόθη,
585 1737 619 1782 διά
634 1736 656 1781 τό
672 1739 746 1781 εἰδέναι
761 1736 796 1782 τόν
810 1737 921 1796 όίνθρωπον

136 1805 222 1850 πάντοτε
232 1804 267 1850 τόν
279 1805 419 1866 εὐεργετοῦντα
436 1809 471 1851 καὶ
483 1806 505 1851 τό
516 1805 567 1851 εἶναι
582 1812 631 1852 πᾶσι
648 1808 771 1865 παρέχοντα,
792 1808 826 1851 ἐπὶ
840 1806 923 1852 πάντων

137 1877 159 1919 δὲ
170 1875 228 1930 όντα,
244 1878 279 1920 καὶ
291 1875 328 1928 τάς
339 1876 439 1927 ἐπιδόσεις
452 1876 535 1933 ἑκάστης
546 1875 646 1933 ποιήσεως
662 1876 714 1935 πρός
724 1876 818 1922 σύστασιν
832 1883 873 1922 τῶν
887 1875 922 1922 αῦ-

137 1951 166 2005 τῷ
177 1945 367 2004 10γρησιμεαόντοιν
382 1947 499 2004 παρέχοντα.

198 2225 320 2280 Παρὲδωκεν
335 2222 390 2282 αὐτῷ
408 2227 548 2280 σπερματικαῦς
561 2222 598 2278 την
610 2227 648 2280 γῆν
659 2220 795 2279 ῦποβάθραν,
817 2221 844 2274 οῦς
854 2225 923 2277 εἰπεῖν,

138 2292 313 2350 προστησάμενος,
328 2294 362 2335 καὶ
373 2290 400 2342 νίς
411 2292 487 2349 μήτραν
498 2290 553 2350 αὐτῷ
562 2290 721 2349 παραδεδωκώς,
735 2294 770 2334 ἰ’να
780 2290 820 2335 ἀπό
830 2297 865 2347 τῆς
874 2311 923 2350 προ-

138 2365 200 2417 βολῆς
210 2366 251 2404 τῶν
259 2359 310 2404 κατά
319 2359 341 2403 τό
351 2362 424 2404 ιε’λειον
435 2358 475 2404 άπδ
485 2366 537 2404 θεοῦ
545 2360 655 2420 γεγονότων
664 2358 688 2403 τά
699 2366 837 2418 σπερματικοῦς
845 2360 870 2405 δι’
879 2363 924 2405 ἐαυ-

139 2435 175 2474 τοῦ
186 2429 235 2485 μετά
247 2431 343 2480 συνέσεως
354 2431 387 2474 ἐπὶ
400 2435 438 2487 γῆν
450 2429 623 2487 καταβαλλόμενα,
645 2427 673 2480 σός
684 2426 760 2473 οἷόντε
774 2429 874 2484 11ξόλων,
889 2432 924 2475 καλ

140 2499 204 2543 άλλων
216 2498 355 2556 γεννημάτων,
371 2498 433 2551 αότδς
443 2500 478 2554 μὲν
490 2503 624 2557 λεπτομεροῦς,
646 2496 673 2549 νίς
682 2500 765 2554 ψηφῖδα
776 2497 831 2555 παρά
841 2505 881 2544 τῶν
895 2518 924 2543 τε-

138 2572 196 2612 λείων
205 2568 356 2626 ἐρανισάμενος,
372 2567 447 2624 ταύτην
458 2570 487 2618 είς
497 2574 535 2626 γῆν
546 2570 679 2623 ἐνθεματίζων
690 2568 714 2611 τά
724 2572 759 2623 τῆς
770 2567 879 2620 ἐπιδόσεως
886 2573 924 2613 τοῦ

139 2640 213 2681 τελείου
225 2642 277 2680 θεοῦ
288 2637 340 2695 πρός
351 2636 435 2692 αῦξησιν
446 2639 587 2694 προςδέγηται,
609 2638 643 2680 ἵνα
659 2634 757 2692 αῦξηθείη
769 2639 844 2688 ἔξωθεν
855 2636 880 2681 τά
890 2636 924 2681 ὑπ’

140 2706 204 2751 αότοῦ
219 2706 418 2762 ε’νσπερματιζόμενα·
438 2709 472 2750 ἵνα
487 2705 514 2761 μη
529 2704 629 2762 άγνοησας
644 2705 679 2749 τόν
696 2705 820 2763 ἐπιχωρηγόν
835 2712 871 2762 τῆς
883 2709 925 2750 ἐπι-

161 2844 178 2881 4.
197 2848 230 2881 Ριο
245 2843 329 2887 θεότητος
339 2848 356 2878 in
366 2847 400 2878 ιοδ.
409 2846 476 2886 Βλοσίρ.
486 2845 521 2885 pri·
542 2847 599 2886 spicor.

138 2896 187 2926 vuitus
196 2896 231 2925 ιιαι
242 2888 303 2929 ονόλας
312 2893 399 2931 ιιιὶμλαω,
415 2892 458 2932 quod
465 2893 521 2930 postea
566 2889 581 2922 6.
596 2892 660 2933 θοιτλφο
671 2888 729 2925 αὐτοῦ.
754 2892 799 2924 Recte
811 2890 856 2923 cuius
867 2902 925 2923 semen

138 2940 194 2971 εαδαιι
203 2947 261 2970 manus
271 2938 337 2976 delevit,
349 2938 392 2968 πολλα
403 2938 435 2968 alio
445 2936 521 2968 οοσαοιιλο
543 2934 594 2979 ipsius
606 2936 623 2967 in
634 2937 672 2980 ipso
684 2938 760 2969 σοηνοιλίλ
771 2938 863 2969 Commius.

139 2986 172 3016 ιλιιε
184 2985 216 3015 loco
233 2983 305 3022 reposito.
329 2982 372 3014 idem
386 2982 420 3014 τοο.
435 2982 481 3013 habet
493 2975 521 3013 ἄν·
567 2980 582 3014 λ.
596 2977 648 3021 εῦδῦς
661 2982 703 3024 [cod.
715 2983 747 3014 λιιι.
759 2980 807 3030 ψ)
823 2983 869 3014 codd.
886 2991 924 3015 mss.

140 3025 229 3073 δραστικὴν
240 3037 270 3068 pro
282 3022 388 3070 οἰδοῦντι-κήν.
545 3021 588 3061 εδδδ
599 3028 638 3059 editi
648 3029 690 3059 libri.

163 3075 179 3107 5.
192 3069 244 3116 ἀτελῆ
257 3071 321 3120 ταύτην
331 3074 440 3115 ιονπμιιααιο
452 3081 484 3105 esse
495 3081 522 3104 su-
567 3070 584 3104 8.
597 3070 680 3117 γενόμενα
691 3072 726 3106 ινα.
737 3071 803 3114 λλισλρ.
