1988 3392
82 954 253 1006 Iunlcunus
274 954 388 1006 EORUM
408 954 493 1018 QUAE
512 955 546 1004 IN
562 954 654 1004 LIBRI
671 954 717 1004 III.
735 953 822 1004 rouo
835 954 868 1003 11.

84 1035 325 1096 conuluuuuuu,
348 1034 403 1098 out
417 1034 480 1083 EST
494 1034 540 1084 EX
558 1033 735 1084 insalubre
748 1033 870 1084 HACTE-

129 1115 190 1166 NUS
209 1114 369 1166 renonum
385 1114 639 1164 DISTRIBU'IIONE
652 1114 714 1174 vlt,
731 1113 825 1164 luun-

197 1195 259 1257 oon
279 1194 398 1243 reulus
417 1194 534 1244 OPERIS
552 1193 708 1254 otranno,
725 1194 759 1243 IN

270 1272 333 1335 QUO
351 1272 524 1322 HAERESES
543 1272 625 1321 SUNT
641 1272 683 1321 IV.

141 1417 158 1461 I.
189 1418 324 1472 Dinon-ine,
348 1419 380 1476 qni
397 1420 506 1476 perfectam
522 1417 598 1462 Christi
615 1419 772 1462 incarnationem
789 1418 870 1461 minime

85 1489 217 1544 confitentum
238 1504 321 1547 quorum
339 1488 371 1532 aiii
388 1488 672 1533 consubstantialedivinitati
690 1504 763 1549 eorpus
778 1503 871 1533 asserere

84 1561 127 1604 ausi
144 1568 203 1614 snut,
226 1560 259 1602 alii
271 1574 320 1603 vero
338 1567 459 1617 assumptam
478 1574 523 1603 esse
540 1561 646 1603 abeodem
662 1561 746 1603 animam
762 1567 869 1617 negarunt,

84 1630 163 1687 quidam
174 1630 205 1672 bis
217 1629 316 1686 evangelii
327 1629 405 1682 verbis,
423 1631 504 1671 Verbum
515 1645 561 1671 coro
571 1632 690 1685 factumest,
709 1631 754 1672 irati
765 1645 792 1673 ex
803 1637 871 1672 creata

84 1713 158 1751 earne,
181 1699 217 1741 hoc
235 1706 266 1742 est
276 1697 355 1750 Maria,
378 1713 459 1740 carnem
472 1699 497 1740 ab
512 1699 546 1741 iilo
561 1707 674 1756 susceptam
692 1713 738 1741 esse
754 1700 869 1751 voluerunt,

85 1769 119 1810 sed
129 1768 193 1810 solum
204 1767 288 1810 verbum
299 1781 380 1809 earnem
391 1781 437 1809 esse
449 1767 522 1809 factum
535 1768 664 1823 pertinaciter
675 1768 820 1819 defenderunt,
836 1782 871 1823 po-

52 1862 53 1865 =
84 1843 127 1877 stoa
137 1850 199 1889 vero,
216 1850 274 1892 qnam
286 1835 310 1876 ob
322 1849 413 1877 caussam
424 1835 504 1886 nescio,
521 1843 607 1877 mentem
617 1836 671 1877 illum
687 1850 727 1877 nou
739 1836 871 1892 assumpsisse

84 1903 186 1945 dixerunt.

144 1969 171 2012 ΙΙ.
202 1969 417 2013 Antidicomarianitac
434 1970 512 2011 beatam
531 1983 649 2026 semperque
668 1971 765 2025 virginem
784 1970 871 2012 Mariam

85 2045 130 2092 post
145 2038 218 2079 editum
234 2038 354 2078 salvatorem
371 2051 414 2077 cum
431 2035 516 2092 Iosepho
532 2038 662 2078 consuevisse
678 2044 754 2093 putant.

143 2102 181 2147 III.
213 2103 351 2162 collyridam,
368 2104 401 2160 qni
412 2104 432 2146 iu
444 2104 532 2146 eiusdem
543 2102 622 2147 Mariae
633 2119 706 2147 nomeu
718 2112 770 2148 stato
781 2105 829 2148 anni
840 2106 871 2148 tie

85 2173 201 2233 collyridem
216 2174 313 2229 offcrnnt3
331 2187 380 2232 qrros
395 2173 470 2216 idcirco
486 2170 634 2231 Collyridiaoos
649 2173 803 2218 nominavimus.

143 2313 180 2358 IV.
210 2313 340 2368 Massaliani,
362 2330 412 2371 quos
430 2315 558 2371 interpretari
575 2320 802 2373 possumusPrecootes.
834 2315 872 2359 His

85 2384 219 2440 adiunguntur
231 2399 242 2426 c
253 2385 355 2441 gentilium
371 2385 443 2436 sectis,
464 2399 513 2439 quos
526 2382 670 2441 Euphemitas,
693 2393 714 2427 et
724 2384 871 2443 Maronianus,

85 2461 106 2495 et
119 2452 240 2496 Salonianus
256 2453 362 2510 appellant.

143 2519 225 2564 Summa
237 2522 287 2563 baec
297 2529 328 2563 est
338 2522 386 2563 tomi
398 2521 488 2578 septimi,
510 2536 533 2562 ae
545 2523 603 2564 triuru
615 2523 712 2565 librorum
724 2524 776 2565 finis.
808 2521 872 2565 Cotti-

83 2598 159 2645 guntur
174 2590 268 2631 haereses
285 2588 380 2631 LXXX.
423 2588 465 2632 Sub
482 2590 540 2630 finem
559 2590 613 2631 tertii
634 2591 679 2632 iibri
702 2592 808 2647 septimivc
824 2593 872 2633 tomi

85 2724 136 2768 φέναι
146 2726 201 2758 Ionon.
213 2726 288 2756 Damaso.
512 2725 538 2758 12.
549 2725 694 2767 Κολλονριδιοινῶν
705 2728 751 2759 codd.
760 2737 799 2760 mss.
808 2731 873 2768 aterque

108 2769 124 2802 8.
131 2765 201 2811 ὕστερον
210 2766 230 2803 δὲ
239 2765 353 2811 διανοούμενοι
361 2767 378 2802 τί
387 2765 419 2803 οὐκ
428 2765 467 2804 οῖδα
490 2774 504 2802 et
515 2772 552 2802 edit.
562 2773 613 2810 princ.
636 2770 772 2814 Κολλυριδιοινῶν
782 2775 807 2805 ed.
817 2775 872 2805 Pctoo.

84 2816 139 2849 Iocnn
150 2816 226 2848 namuco.
489 2814 627 2859 Κολλυριδιανοῖς
637 2817 694 2849 Ιοοιιιι.
706 2819 780 2851 Domosc.

108 2860 125 2895 9.
138 2862 188 2893 Veron
199 2860 262 2901 εἰπεῖν,
278 2859 315 2894 νοῦν
325 2855 377 2894 αὐτόν
387 2871 431 2904 φασι
440 2858 466 2904 μή
514 2861 541 2894 13.
557 2860 678 2897 flasconem
692 2865 738 2896 codd.
749 2874 787 2897 mss.
803 2868 873 2906 aterno,

86 2909 145 2941 omisso
154 2910 191 2940 sunt
200 2909 218 2941 in
228 2907 264 2940 tart.
274 2909 330 2941 Petno.
343 2907 396 2941 caton.
409 2910 456 2949 repet,
490 2911 505 2942 et
515 2908 551 2941 edit.
562 2910 613 2950 princ.

109 2954 136 2989 lo.
144 2953 282 2999 Κολλονριδιανοὶ
291 2956 384 2989 onereris.
395 2956 467 2989 testePe-
514 2953 540 2989 ta.
553 2955 568 2990 ci
584 2953 717 3000 ἑρμηνευόμενοι
732 2953 806 3003 eripitur
816 2959 872 2992 Ionon.

34 3016 36 3020 r
86 3004 135 3035 tauto.
489 3005 565 3036 Dccroec.
599 3000 732 3047 ἑρμηνευόμενοι
747 3004 763 3039 οἱ
782 3001 873 3051 εὐχόμενοι

110 3048 136 3081 11.
148 3046 238 3090 κολλυρίδα
247 3050 383 3083 Ioannssomasc.
407 3047 467 3084 κολλν-
490 3050 569 3090 enecent.

87 3092 135 3138 ρίδας
147 3095 225 3137 concept
514 3095 540 3129 15,
553 3094 607 3132 πᾶσαι
617 3093 635 3132 αἱ
645 3097 725 3141 tracon.
