<?xml version="1.0" encoding="UTF-8"?>
<!DOCTYPE html PUBLIC "-//W3C//DTD XHTML 1.0 Transitional//EN"
    "http://www.w3.org/TR/xhtml1/DTD/xhtml1-transitional.dtd">
<html xmlns="http://www.w3.org/1999/xhtml" xml:lang="en" lang="en">
 <head>
  <title>
</title>
<meta http-equiv="Content-Type" content="text/html;charset=utf-8" />
  <meta name='ocr-system' content='tesseract 3.04.00' />
  <meta name='ocr-capabilities' content='ocr_page ocr_carea ocr_par ocr_line ocrx_word'/>
</head>
<body>
  <div class='ocr_page' id='page_1' title='image "./MN41650ucmf_1/MN41650ucmf_1_0567.png"; bbox 0 0 1988 3392; ppageno 0'>
   <div class='ocr_carea' id='block_1_1' title="bbox 346 220 851 269">
    <p class='ocr_par' dir='ltr' id='par_1_1' title="bbox 346 220 851 269">
     <span class='ocr_line' id='line_1_1' title="bbox 346 220 851 269; baseline -0.008 -1"><span class='ocrx_word' id='word_1_1' title='bbox 346 234 567 269; x_wconf 79' lang='lat' dir='ltr'><strong>aunenrunmuosrs.</strong></span> <span class='ocrx_word' id='word_1_2' title='bbox 810 220 851 264; x_wconf 84' lang='lat'><strong>545</strong></span> 
     </span>
    </p>
   </div>
   <div class='ocr_carea' id='block_1_2' title="bbox 68 311 855 995">
    <p class='ocr_par' dir='ltr' id='par_1_2' title="bbox 68 311 853 649">
     <span class='ocr_line' id='line_1_2' title="bbox 68 311 853 371; baseline -0.01 -10"><span class='ocrx_word' id='word_1_3' title='bbox 68 331 104 361; x_wconf 88' lang='lat' dir='ltr'><strong>nes</strong></span> <span class='ocrx_word' id='word_1_4' title='bbox 119 322 140 357; x_wconf 88' lang='lat' dir='ltr'><strong>et</strong></span> <span class='ocrx_word' id='word_1_5' title='bbox 151 312 224 356; x_wconf 83' lang='lat' dir='ltr'><strong>No&#39;emi</strong></span> <span class='ocrx_word' id='word_1_6' title='bbox 241 320 331 371; x_wconf 87' lang='lat' dir='ltr'><strong>tempora</strong></span> <span class='ocrx_word' id='word_1_7' title='bbox 348 315 493 371; x_wconf 86' lang='lat' dir='ltr'><strong>perseveravit.</strong></span> <span class='ocrx_word' id='word_1_8' title='bbox 530 313 571 370; x_wconf 81' lang='lat' dir='ltr'><strong>Qui</strong></span> <span class='ocrx_word' id='word_1_9' title='bbox 588 311 730 357; x_wconf 87' lang='lat' dir='ltr'><strong>Barbarismus</strong></span> <span class='ocrx_word' id='word_1_10' title='bbox 746 318 853 370; x_wconf 86' lang='lat' dir='ltr'><strong>propterea</strong></span> 
     </span>
     <span class='ocr_line' id='line_1_3' title="bbox 68 382 853 441; baseline -0.008 -13"><span class='ocrx_word' id='word_1_11' title='bbox 68 386 139 428; x_wconf 91' lang='lat' dir='ltr'><strong>dicitur</strong></span> <span class='ocrx_word' id='word_1_12' title='bbox 150 384 202 438; x_wconf 92' lang='lat' dir='ltr'><strong>quod</strong></span> <span class='ocrx_word' id='word_1_13' title='bbox 214 383 345 425; x_wconf 87' lang='lat' dir='ltr'><strong>vetustissimi</strong></span> <span class='ocrx_word' id='word_1_14' title='bbox 355 382 384 424; x_wconf 91' lang='lat' dir='ltr'><strong>illi</strong></span> <span class='ocrx_word' id='word_1_15' title='bbox 394 384 505 426; x_wconf 73' lang='lat' dir='ltr'><strong>mortalium</strong></span> <span class='ocrx_word' id='word_1_16' title='bbox 518 398 583 441; x_wconf 90' lang='lat' dir='ltr'><strong>neque</strong></span> <span class='ocrx_word' id='word_1_17' title='bbox 596 390 673 425; x_wconf 90' lang='lat' dir='ltr'><strong>certum</strong></span> <span class='ocrx_word' id='word_1_18' title='bbox 687 382 771 438; x_wconf 79' lang='lat' dir='ltr'>aliquem</span> <span class='ocrx_word' id='word_1_19' title='bbox 783 388 853 424; x_wconf 90' lang='lat' dir='ltr'><strong>aucto-</strong></span> 
     </span>
     <span class='ocr_line' id='line_1_4' title="bbox 68 450 853 510; baseline -0.008 -11"><span class='ocrx_word' id='word_1_20' title='bbox 68 469 110 499; x_wconf 91' lang='lat' dir='ltr'><strong>rem</strong></span> <span class='ocrx_word' id='word_1_21' title='bbox 122 451 232 505; x_wconf 84' lang='lat' dir='ltr'><strong>habebant,</strong></span> <span class='ocrx_word' id='word_1_22' title='bbox 250 465 287 493; x_wconf 90' lang='lat' dir='ltr'><strong>uec</strong></span> <span class='ocrx_word' id='word_1_23' title='bbox 298 450 351 494; x_wconf 91' lang='lat' dir='ltr'><strong>inter</strong></span> <span class='ocrx_word' id='word_1_24' title='bbox 364 466 387 494; x_wconf 92' lang='lat' dir='ltr'><strong>se</strong></span> <span class='ocrx_word' id='word_1_25' title='bbox 400 453 558 507; x_wconf 68' lang='lat' dir='ltr'><strong>consentiebant,</strong></span> <span class='ocrx_word' id='word_1_26' title='bbox 575 454 610 496; x_wconf 90' lang='lat' dir='ltr'><strong>sed</strong></span> <span class='ocrx_word' id='word_1_27' title='bbox 622 452 758 509; x_wconf 91' lang='lat' dir='ltr'><strong>uuusquisque</strong></span> <span class='ocrx_word' id='word_1_28' title='bbox 769 466 806 510; x_wconf 90' lang='lat' dir='ltr'><strong>pro</strong></span> <span class='ocrx_word' id='word_1_29' title='bbox 817 465 853 494; x_wconf 87' lang='lat' dir='ltr'><strong>sua</strong></span> 
     </span>
     <span class='ocr_line' id='line_1_5' title="bbox 68 522 852 581; baseline -0.008 -12"><span class='ocrx_word' id='word_1_30' title='bbox 68 525 170 570; x_wconf 87' lang='lat' dir='ltr'><strong>voluntate</strong></span> <span class='ocrx_word' id='word_1_31' title='bbox 187 522 248 564; x_wconf 86' lang='lat' dir='ltr'><strong>vitam</strong></span> <span class='ocrx_word' id='word_1_32' title='bbox 262 522 389 576; x_wconf 87' lang='lat' dir='ltr'><strong>instituebat,</strong></span> <span class='ocrx_word' id='word_1_33' title='bbox 412 537 436 565; x_wconf 90' lang='lat' dir='ltr'><strong>ac</strong></span> <span class='ocrx_word' id='word_1_34' title='bbox 446 538 482 580; x_wconf 89' lang='lat' dir='ltr'><strong>pro</strong></span> <span class='ocrx_word' id='word_1_35' title='bbox 492 524 537 579; x_wconf 86' lang='lat' dir='ltr'><strong>lege</strong></span> <span class='ocrx_word' id='word_1_36' title='bbox 548 539 604 566; x_wconf 88' lang='lat' dir='ltr'><strong>suum</strong></span> <span class='ocrx_word' id='word_1_37' title='bbox 618 525 702 581; x_wconf 86' lang='lat' dir='ltr'><strong>quisquc</strong></span> <span class='ocrx_word' id='word_1_38' title='bbox 713 529 782 565; x_wconf 91' lang='lat' dir='ltr'><strong>nutum</strong></span> <span class='ocrx_word' id='word_1_39' title='bbox 793 529 852 578; x_wconf 85' lang='lat' dir='ltr'><strong>atque</strong></span> 
     </span>
     <span class='ocr_line' id='line_1_6' title="bbox 68 583 370 649; baseline -0.01 -10"><span class='ocrx_word' id='word_1_40' title='bbox 68 594 170 639; x_wconf 88' lang='lat' dir='ltr'><strong>arbitrium</strong></span> <span class='ocrx_word' id='word_1_41' title='bbox 186 592 223 634; x_wconf 95' lang='lat' dir='ltr'><strong>sibi</strong></span> <span class='ocrx_word' id='word_1_42' title='bbox 239 583 370 649; x_wconf 85' lang='lat' dir='ltr'><strong>proponebat.</strong></span> 
     </span>
    </p>

    <p class='ocr_par' dir='ltr' id='par_1_3' title="bbox 68 660 855 995">
     <span class='ocr_line' id='line_1_7' title="bbox 124 660 854 720; baseline -0.005 -15"><span class='ocrx_word' id='word_1_43' title='bbox 124 661 251 716; x_wconf 89' lang='lat' dir='ltr'><strong>Scythismus</strong></span> <span class='ocrx_word' id='word_1_44' title='bbox 262 676 274 704; x_wconf 87' lang='lat' dir='ltr'><strong>a</strong></span> <span class='ocrx_word' id='word_1_45' title='bbox 286 660 360 705; x_wconf 74' lang='lat' dir='ltr'><strong>Nodmi</strong></span> <span class='ocrx_word' id='word_1_46' title='bbox 379 663 501 720; x_wconf 87' lang='lat' dir='ltr'><strong>temporibus</strong></span> <span class='ocrx_word' id='word_1_47' title='bbox 514 663 538 705; x_wconf 91' lang='lat' dir='ltr'><strong>ad</strong></span> <span class='ocrx_word' id='word_1_48' title='bbox 556 678 618 720; x_wconf 88' lang='lat' dir='ltr'><strong>usque</strong></span> <span class='ocrx_word' id='word_1_49' title='bbox 634 663 696 705; x_wconf 89' lang='lat' dir='ltr'><strong>turris</strong></span> <span class='ocrx_word' id='word_1_50' title='bbox 711 669 731 704; x_wconf 90' lang='lat' dir='ltr'><strong>et</strong></span> <span class='ocrx_word' id='word_1_51' title='bbox 743 660 854 718; x_wconf 88' lang='lat' dir='ltr'><strong>Babylonis</strong></span> 
     </span>
     <span class='ocr_line' id='line_1_8' title="bbox 69 730 854 789; baseline -0.008 -12"><span class='ocrx_word' id='word_1_52' title='bbox 69 731 266 784; x_wconf 81' lang='lat' dir='ltr'><strong>exaedificationeur,</strong></span> <span class='ocrx_word' id='word_1_53' title='bbox 288 747 311 774; x_wconf 84' lang='lat' dir='ltr'><strong>ae</strong></span> <span class='ocrx_word' id='word_1_54' title='bbox 324 739 369 789; x_wconf 88' lang='lat' dir='ltr'><strong>post</strong></span> <span class='ocrx_word' id='word_1_55' title='bbox 384 733 454 774; x_wconf 90' lang='lat' dir='ltr'><strong>turrim</strong></span> <span class='ocrx_word' id='word_1_56' title='bbox 471 734 540 789; x_wconf 87' lang='lat' dir='ltr'><strong>paucis</strong></span> <span class='ocrx_word' id='word_1_57' title='bbox 550 734 612 774; x_wconf 89' lang='lat' dir='ltr'><strong>adhue</strong></span> <span class='ocrx_word' id='word_1_58' title='bbox 624 733 682 775; x_wconf 87' lang='lat' dir='ltr'><strong>annis</strong></span> <span class='ocrx_word' id='word_1_59' title='bbox 694 731 793 783; x_wconf 86' lang='lat' dir='ltr'><strong>obtinuit,</strong></span> <span class='ocrx_word' id='word_1_60' title='bbox 816 730 854 771; x_wconf 91' lang='lat' dir='ltr'><strong>hoc</strong></span> 
     </span>
     <span class='ocr_line' id='line_1_9' title="bbox 69 797 855 858; baseline -0.006 -12"><span class='ocrx_word' id='word_1_61' title='bbox 69 810 100 846; x_wconf 90' lang='lat' dir='ltr'><strong>est</strong></span> <span class='ocrx_word' id='word_1_62' title='bbox 111 815 174 857; x_wconf 89' lang='lat' dir='ltr'><strong>usque</strong></span> <span class='ocrx_word' id='word_1_63' title='bbox 185 802 209 842; x_wconf 93' lang='lat' dir='ltr'><strong>ad</strong></span> <span class='ocrx_word' id='word_1_64' title='bbox 220 799 295 842; x_wconf 89' lang='lat' dir='ltr'><strong>Phalee</strong></span> <span class='ocrx_word' id='word_1_65' title='bbox 305 809 325 843; x_wconf 89' lang='lat' dir='ltr'><strong>et</strong></span> <span class='ocrx_word' id='word_1_66' title='bbox 334 800 427 858; x_wconf 83' lang='lat' dir='ltr'><strong>Rhagau,</strong></span> <span class='ocrx_word' id='word_1_67' title='bbox 444 801 476 857; x_wconf 87' lang='lat' dir='ltr'><strong>qui</strong></span> <span class='ocrx_word' id='word_1_68' title='bbox 487 802 512 843; x_wconf 88' lang='lat' dir='ltr'><strong>ad</strong></span> <span class='ocrx_word' id='word_1_69' title='bbox 522 800 623 857; x_wconf 80' lang='lat' dir='ltr'><strong>Europam</strong></span> <span class='ocrx_word' id='word_1_70' title='bbox 635 809 761 844; x_wconf 87' lang='lat' dir='ltr'><strong>transeuntes</strong></span> <span class='ocrx_word' id='word_1_71' title='bbox 770 800 790 841; x_wconf 92' lang='lat' dir='ltr'><strong>in</strong></span> <span class='ocrx_word' id='word_1_72' title='bbox 802 797 855 855; x_wconf 88' lang='lat' dir='ltr'><strong>Scy-</strong></span> 
     </span>
     <span class='ocr_line' id='line_1_10' title="bbox 68 868 854 927; baseline -0.006 -13"><span class='ocrx_word' id='word_1_73' title='bbox 68 872 128 914; x_wconf 90' lang='lat' dir='ltr'><strong>thiam</strong></span> <span class='ocrx_word' id='word_1_74' title='bbox 145 885 169 913; x_wconf 89' lang='lat' dir='ltr'><strong>ac</strong></span> <span class='ocrx_word' id='word_1_75' title='bbox 182 870 273 912; x_wconf 88' lang='lat' dir='ltr'><strong>nationes</strong></span> <span class='ocrx_word' id='word_1_76' title='bbox 286 870 382 912; x_wconf 91' lang='lat' dir='ltr'><strong>eiusmodi</strong></span> <span class='ocrx_word' id='word_1_77' title='bbox 395 877 525 926; x_wconf 88' lang='lat' dir='ltr'><strong>penetrarunt</strong></span> <span class='ocrx_word' id='word_1_78' title='bbox 537 871 561 912; x_wconf 88' lang='lat' dir='ltr'><strong>ab</strong></span> <span class='ocrx_word' id='word_1_79' title='bbox 574 870 642 913; x_wconf 82' lang='lat' dir='ltr'><strong>There</strong></span> <span class='ocrx_word' id='word_1_80' title='bbox 656 870 778 927; x_wconf 88' lang='lat' dir='ltr'><strong>temporibus</strong></span> <span class='ocrx_word' id='word_1_81' title='bbox 791 876 811 910; x_wconf 93' lang='lat' dir='ltr'><strong>et</strong></span> <span class='ocrx_word' id='word_1_82' title='bbox 824 868 854 910; x_wconf 86' lang='lat' dir='ltr'><strong>ul-</strong></span> 
     </span>
     <span class='ocr_line' id='line_1_11' title="bbox 69 937 463 995; baseline -0.005 -12"><span class='ocrx_word' id='word_1_83' title='bbox 69 949 111 993; x_wconf 83' lang='lat' dir='ltr'><strong>tra,</strong></span> <span class='ocrx_word' id='word_1_84' title='bbox 128 954 139 981; x_wconf 92' lang='lat' dir='ltr'><strong>a</strong></span> <span class='ocrx_word' id='word_1_85' title='bbox 155 953 194 995; x_wconf 88' lang='lat' dir='ltr'><strong>quo</strong></span> <span class='ocrx_word' id='word_1_86' title='bbox 209 937 300 981; x_wconf 84' lang='lat' dir='ltr'><strong>Thraces</strong></span> <span class='ocrx_word' id='word_1_87' title='bbox 316 939 393 981; x_wconf 87' lang='lat' dir='ltr'><strong>oriundi</strong></span> <span class='ocrx_word' id='word_1_88' title='bbox 410 946 463 981; x_wconf 89' lang='lat' dir='ltr'><strong>sunt.</strong></span> 
     </span>
    </p>
   </div>
   <div class='ocr_carea' id='block_1_3' title="bbox 70 1075 861 2376">
    <p class='ocr_par' dir='ltr' id='par_1_4' title="bbox 70 1075 861 2376">
     <span class='ocr_line' id='line_1_12' title="bbox 126 1075 856 1134; baseline -0.003 -15"><span class='ocrx_word' id='word_1_89' title='bbox 126 1076 262 1119; x_wconf 88' lang='lat' dir='ltr'><strong>Helleuisums</strong></span> <span class='ocrx_word' id='word_1_90' title='bbox 275 1077 341 1134; x_wconf 88' lang='lat' dir='ltr'><strong>coepit</strong></span> <span class='ocrx_word' id='word_1_91' title='bbox 352 1092 364 1119; x_wconf 87' lang='lat' dir='ltr'><strong>a</strong></span> <span class='ocrx_word' id='word_1_92' title='bbox 375 1075 461 1120; x_wconf 85' lang='lat' dir='ltr'><strong>Scruohi</strong></span> <span class='ocrx_word' id='word_1_93' title='bbox 471 1077 601 1134; x_wconf 76' lang='lat' dir='ltr'><strong>temporibus.</strong></span> <span class='ocrx_word' id='word_1_94' title='bbox 632 1075 691 1120; x_wconf 83' lang='lat' dir='ltr'><strong>Unde</strong></span> <span class='ocrx_word' id='word_1_95' title='bbox 704 1076 802 1118; x_wconf 90' lang='lat' dir='ltr'><strong>idolorum</strong></span> <span class='ocrx_word' id='word_1_96' title='bbox 814 1075 856 1117; x_wconf 94' lang='lat' dir='ltr'><strong>cul-</strong></span> 
     </span>
     <span class='ocr_line' id='line_1_13' title="bbox 70 1143 856 1202; baseline -0.005 -13"><span class='ocrx_word' id='word_1_97' title='bbox 70 1156 102 1190; x_wconf 90' lang='lat' dir='ltr'><strong>tus</strong></span> <span class='ocrx_word' id='word_1_98' title='bbox 118 1146 195 1188; x_wconf 91' lang='lat' dir='ltr'><strong>initium</strong></span> <span class='ocrx_word' id='word_1_99' title='bbox 212 1145 287 1187; x_wconf 90' lang='lat' dir='ltr'><strong>babuit.</strong></span> <span class='ocrx_word' id='word_1_100' title='bbox 319 1143 410 1202; x_wconf 81' lang='lat' dir='ltr'><strong>Cumque</strong></span> <span class='ocrx_word' id='word_1_101' title='bbox 427 1153 474 1187; x_wconf 91' lang='lat' dir='ltr'><strong>tune</strong></span> <span class='ocrx_word' id='word_1_102' title='bbox 490 1147 586 1202; x_wconf 89' lang='lat' dir='ltr'><strong>temporis</strong></span> <span class='ocrx_word' id='word_1_103' title='bbox 599 1146 647 1188; x_wconf 89' lang='lat' dir='ltr'><strong>falsa</strong></span> <span class='ocrx_word' id='word_1_104' title='bbox 661 1146 744 1202; x_wconf 86' lang='lat' dir='ltr'><strong>quisque</strong></span> <span class='ocrx_word' id='word_1_105' title='bbox 759 1144 856 1201; x_wconf 88' lang='lat' dir='ltr'><strong>supersti-</strong></span> 
     </span>
     <span class='ocr_line' id='line_1_14' title="bbox 70 1213 856 1271; baseline -0.005 -13"><span class='ocrx_word' id='word_1_106' title='bbox 70 1217 124 1258; x_wconf 86' lang='lat' dir='ltr'><strong>tione</strong></span> <span class='ocrx_word' id='word_1_107' title='bbox 135 1216 252 1266; x_wconf 87' lang='lat' dir='ltr'><strong>duceretur,</strong></span> <span class='ocrx_word' id='word_1_108' title='bbox 275 1215 368 1271; x_wconf 80' lang='lat' dir='ltr'><strong>deinceps</strong></span> <span class='ocrx_word' id='word_1_109' title='bbox 388 1215 498 1256; x_wconf 90' lang='lat' dir='ltr'><strong>civiliorem</strong></span> <span class='ocrx_word' id='word_1_110' title='bbox 514 1216 538 1256; x_wconf 94' lang='lat' dir='ltr'><strong>ad</strong></span> <span class='ocrx_word' id='word_1_111' title='bbox 556 1230 625 1267; x_wconf 91' lang='lat' dir='ltr'><strong>usum,</strong></span> <span class='ocrx_word' id='word_1_112' title='bbox 646 1222 666 1256; x_wconf 91' lang='lat' dir='ltr'><strong>et</strong></span> <span class='ocrx_word' id='word_1_113' title='bbox 682 1215 706 1256; x_wconf 91' lang='lat' dir='ltr'><strong>ad</strong></span> <span class='ocrx_word' id='word_1_114' title='bbox 720 1221 786 1255; x_wconf 87' lang='lat' dir='ltr'><strong>certas</strong></span> <span class='ocrx_word' id='word_1_115' title='bbox 800 1213 856 1268; x_wconf 86' lang='lat' dir='ltr'><strong>leges</strong></span> 
     </span>
     <span class='ocr_line' id='line_1_15' title="bbox 70 1281 856 1338; baseline -0.005 -12"><span class='ocrx_word' id='word_1_116' title='bbox 70 1283 259 1338; x_wconf 79' lang='lat' dir='ltr'><strong>simulacrorumque</strong></span> <span class='ocrx_word' id='word_1_117' title='bbox 279 1284 329 1325; x_wconf 89' lang='lat' dir='ltr'><strong>ritus</strong></span> <span class='ocrx_word' id='word_1_118' title='bbox 350 1283 440 1325; x_wconf 89' lang='lat' dir='ltr'><strong>homines</strong></span> <span class='ocrx_word' id='word_1_119' title='bbox 461 1297 507 1326; x_wconf 85' lang='lat' dir='ltr'><strong>sese</strong></span> <span class='ocrx_word' id='word_1_120' title='bbox 530 1285 682 1326; x_wconf 86' lang='lat' dir='ltr'><strong>transtulerunt.</strong></span> <span class='ocrx_word' id='word_1_121' title='bbox 717 1281 808 1337; x_wconf 75' lang='lat' dir='ltr'><strong>Quorum</strong></span> <span class='ocrx_word' id='word_1_122' title='bbox 829 1295 856 1322; x_wconf 81' lang='lat' dir='ltr'><strong>ex</strong></span> 
     </span>
     <span class='ocr_line' id='line_1_16' title="bbox 71 1350 856 1409; baseline -0.005 -15"><span class='ocrx_word' id='word_1_123' title='bbox 71 1351 192 1409; x_wconf 87' lang='lat' dir='ltr'><strong>praescripto</strong></span> <span class='ocrx_word' id='word_1_124' title='bbox 209 1350 247 1392; x_wconf 92' lang='lat' dir='ltr'><strong>sibi</strong></span> <span class='ocrx_word' id='word_1_125' title='bbox 264 1351 313 1392; x_wconf 89' lang='lat' dir='ltr'><strong>deos</strong></span> <span class='ocrx_word' id='word_1_126' title='bbox 329 1352 438 1393; x_wconf 86' lang='lat' dir='ltr'><strong>linxerunt.</strong></span> <span class='ocrx_word' id='word_1_127' title='bbox 475 1352 506 1393; x_wconf 85' lang='lat' dir='ltr'><strong>Ae</strong></span> <span class='ocrx_word' id='word_1_128' title='bbox 523 1353 606 1408; x_wconf 89' lang='lat' dir='ltr'><strong>primum</strong></span> <span class='ocrx_word' id='word_1_129' title='bbox 624 1366 659 1393; x_wconf 88' lang='lat' dir='ltr'><strong>eos</strong></span> <span class='ocrx_word' id='word_1_130' title='bbox 676 1366 726 1406; x_wconf 88' lang='lat' dir='ltr'><strong>quos</strong></span> <span class='ocrx_word' id='word_1_131' title='bbox 743 1350 856 1392; x_wconf 90' lang='lat' dir='ltr'><strong>inhonore</strong></span> 
     </span>
     <span class='ocr_line' id='line_1_17' title="bbox 71 1419 857 1476; baseline -0.005 -15"><span class='ocrx_word' id='word_1_132' title='bbox 71 1420 168 1476; x_wconf 89' lang='lat' dir='ltr'><strong>quondam</strong></span> <span class='ocrx_word' id='word_1_133' title='bbox 180 1419 307 1470; x_wconf 71' lang='lat' dir='ltr'><strong>habuissent,</strong></span> <span class='ocrx_word' id='word_1_134' title='bbox 324 1420 367 1461; x_wconf 91' lang='lat' dir='ltr'><strong>sive</strong></span> <span class='ocrx_word' id='word_1_135' title='bbox 380 1428 486 1475; x_wconf 87' lang='lat' dir='ltr'><strong>tyrannos,</strong></span> <span class='ocrx_word' id='word_1_136' title='bbox 502 1427 537 1461; x_wconf 90' lang='lat' dir='ltr'><strong>aut</strong></span> <span class='ocrx_word' id='word_1_137' title='bbox 547 1420 718 1475; x_wconf 87' lang='lat' dir='ltr'><strong>praestigiatores,</strong></span> <span class='ocrx_word' id='word_1_138' title='bbox 735 1420 768 1473; x_wconf 88' lang='lat' dir='ltr'><strong>qui</strong></span> <span class='ocrx_word' id='word_1_139' title='bbox 781 1432 857 1459; x_wconf 92' lang='lat' dir='ltr'><strong>memo-</strong></span> 
     </span>
     <span class='ocr_line' id='line_1_18' title="bbox 70 1487 857 1543; baseline -0.004 -14"><span class='ocrx_word' id='word_1_140' title='bbox 70 1488 132 1529; x_wconf 91' lang='lat' dir='ltr'><strong>rabile</strong></span> <span class='ocrx_word' id='word_1_141' title='bbox 144 1487 235 1543; x_wconf 84' lang='lat' dir='ltr'><strong>quiddam</strong></span> <span class='ocrx_word' id='word_1_142' title='bbox 245 1487 266 1528; x_wconf 90' lang='lat' dir='ltr'><strong>in</strong></span> <span class='ocrx_word' id='word_1_143' title='bbox 276 1487 318 1528; x_wconf 85' lang='lat' dir='ltr'><strong>vita</strong></span> <span class='ocrx_word' id='word_1_144' title='bbox 330 1488 419 1528; x_wconf 81' lang='lat' dir='ltr'><strong>fecerant</strong></span> <span class='ocrx_word' id='word_1_145' title='bbox 431 1502 454 1529; x_wconf 88' lang='lat' dir='ltr'><strong>ac</strong></span> <span class='ocrx_word' id='word_1_146' title='bbox 467 1488 589 1529; x_wconf 82' lang='lat' dir='ltr'><strong>fortitudinis</strong></span> <span class='ocrx_word' id='word_1_147' title='bbox 600 1496 620 1529; x_wconf 91' lang='lat' dir='ltr'><strong>et</strong></span> <span class='ocrx_word' id='word_1_148' title='bbox 630 1487 709 1529; x_wconf 89' lang='lat' dir='ltr'><strong>roboris</strong></span> <span class='ocrx_word' id='word_1_149' title='bbox 721 1487 800 1528; x_wconf 87' lang='lat' dir='ltr'><strong>illustre</strong></span> <span class='ocrx_word' id='word_1_150' title='bbox 811 1499 857 1541; x_wconf 89' lang='lat' dir='ltr'><strong>spe-</strong></span> 
     </span>
     <span class='ocr_line' id='line_1_19' title="bbox 72 1552 858 1610; baseline -0.005 -13"><span class='ocrx_word' id='word_1_151' title='bbox 72 1556 135 1597; x_wconf 92' lang='lat' dir='ltr'><strong>cimen</strong></span> <span class='ocrx_word' id='word_1_152' title='bbox 145 1555 255 1606; x_wconf 88' lang='lat' dir='ltr'><strong>ediderant,</strong></span> <span class='ocrx_word' id='word_1_153' title='bbox 272 1555 380 1610; x_wconf 86' lang='lat' dir='ltr'><strong>depingere</strong></span> <span class='ocrx_word' id='word_1_154' title='bbox 390 1554 491 1597; x_wconf 88' lang='lat' dir='ltr'><strong>coloribus</strong></span> <span class='ocrx_word' id='word_1_155' title='bbox 500 1563 520 1597; x_wconf 89' lang='lat' dir='ltr'><strong>et</strong></span> <span class='ocrx_word' id='word_1_156' title='bbox 531 1555 642 1597; x_wconf 86' lang='lat' dir='ltr'><strong>assimilare</strong></span> <span class='ocrx_word' id='word_1_157' title='bbox 653 1555 752 1596; x_wconf 90' lang='lat' dir='ltr'><strong>solebant.</strong></span> <span class='ocrx_word' id='word_1_158' title='bbox 782 1552 858 1595; x_wconf 87' lang='lat' dir='ltr'><strong>Postea</strong></span> 
     </span>
     <span class='ocr_line' id='line_1_20' title="bbox 72 1621 858 1679; baseline -0.004 -15"><span class='ocrx_word' id='word_1_159' title='bbox 72 1637 121 1665; x_wconf 86' lang='lat' dir='ltr'><strong>vero</strong></span> <span class='ocrx_word' id='word_1_160' title='bbox 133 1623 156 1663; x_wconf 89' lang='lat' dir='ltr'><strong>ab</strong></span> <span class='ocrx_word' id='word_1_161' title='bbox 168 1621 236 1663; x_wconf 81' lang='lat' dir='ltr'><strong>&#39;Phare</strong></span> <span class='ocrx_word' id='word_1_162' title='bbox 248 1624 311 1678; x_wconf 89' lang='lat' dir='ltr'><strong>patris</strong></span> <span class='ocrx_word' id='word_1_163' title='bbox 322 1622 418 1664; x_wconf 86' lang='lat' dir='ltr'><strong>Abraami</strong></span> <span class='ocrx_word' id='word_1_164' title='bbox 431 1630 519 1679; x_wconf 88' lang='lat' dir='ltr'><strong>tempore</strong></span> <span class='ocrx_word' id='word_1_165' title='bbox 531 1623 643 1664; x_wconf 83' lang='lat' dir='ltr'><strong>simulacris</strong></span> <span class='ocrx_word' id='word_1_166' title='bbox 654 1637 678 1664; x_wconf 91' lang='lat' dir='ltr'><strong>ac</strong></span> <span class='ocrx_word' id='word_1_167' title='bbox 691 1621 761 1665; x_wconf 89' lang='lat' dir='ltr'><strong>statuis</strong></span> <span class='ocrx_word' id='word_1_168' title='bbox 774 1622 858 1663; x_wconf 89' lang='lat' dir='ltr'><strong>eundem</strong></span> 
     </span>
     <span class='ocr_line' id='line_1_21' title="bbox 73 1690 859 1748; baseline -0.001 -17"><span class='ocrx_word' id='word_1_169' title='bbox 73 1705 162 1732; x_wconf 90' lang='lat' dir='ltr'><strong>errorem</strong></span> <span class='ocrx_word' id='word_1_170' title='bbox 178 1690 303 1732; x_wconf 86' lang='lat' dir='ltr'><strong>idololatriae</strong></span> <span class='ocrx_word' id='word_1_171' title='bbox 320 1698 462 1747; x_wconf 82' lang='lat' dir='ltr'><strong>propagarunt.</strong></span> <span class='ocrx_word' id='word_1_172' title='bbox 494 1690 573 1748; x_wconf 80' lang='lat' dir='ltr'><strong>Quippe</strong></span> <span class='ocrx_word' id='word_1_173' title='bbox 588 1690 674 1733; x_wconf 87' lang='lat' dir='ltr'><strong>maiores</strong></span> <span class='ocrx_word' id='word_1_174' title='bbox 686 1706 734 1733; x_wconf 92' lang='lat' dir='ltr'><strong>suos</strong></span> <span class='ocrx_word' id='word_1_175' title='bbox 746 1690 859 1733; x_wconf 85' lang='lat' dir='ltr'><strong>simulacris</strong></span> 
     </span>
     <span class='ocr_line' id='line_1_22' title="bbox 73 1759 859 1817; baseline -0.001 -16"><span class='ocrx_word' id='word_1_176' title='bbox 73 1759 202 1803; x_wconf 86' lang='lat' dir='ltr'><strong>honestautes</strong></span> <span class='ocrx_word' id='word_1_177' title='bbox 212 1774 236 1802; x_wconf 87' lang='lat' dir='ltr'><strong>ac</strong></span> <span class='ocrx_word' id='word_1_178' title='bbox 246 1767 336 1802; x_wconf 86' lang='lat' dir='ltr'><strong>mortuos</strong></span> <span class='ocrx_word' id='word_1_179' title='bbox 346 1760 428 1817; x_wconf 90' lang='lat' dir='ltr'><strong>primum</strong></span> <span class='ocrx_word' id='word_1_180' title='bbox 441 1768 484 1803; x_wconf 88' lang='lat' dir='ltr'><strong>arte</strong></span> <span class='ocrx_word' id='word_1_181' title='bbox 499 1761 565 1816; x_wconf 84' lang='lat' dir='ltr'><strong>figlina</strong></span> <span class='ocrx_word' id='word_1_182' title='bbox 577 1768 654 1803; x_wconf 90' lang='lat' dir='ltr'><strong>statuas</strong></span> <span class='ocrx_word' id='word_1_183' title='bbox 667 1762 801 1811; x_wconf 82' lang='lat' dir='ltr'><strong>effinxerunt,</strong></span> <span class='ocrx_word' id='word_1_184' title='bbox 817 1767 859 1800; x_wconf 88' lang='lat' dir='ltr'><strong>tum</strong></span> 
     </span>
     <span class='ocr_line' id='line_1_23' title="bbox 74 1827 859 1888; baseline -0.001 -17"><span class='ocrx_word' id='word_1_185' title='bbox 74 1829 97 1871; x_wconf 90' lang='lat' dir='ltr'><strong>ad</strong></span> <span class='ocrx_word' id='word_1_186' title='bbox 108 1843 178 1872; x_wconf 90' lang='lat' dir='ltr'><strong>omnes</strong></span> <span class='ocrx_word' id='word_1_187' title='bbox 187 1835 240 1871; x_wconf 90' lang='lat' dir='ltr'><strong>artes</strong></span> <span class='ocrx_word' id='word_1_188' title='bbox 251 1828 341 1871; x_wconf 88' lang='lat' dir='ltr'><strong>imitandi</strong></span> <span class='ocrx_word' id='word_1_189' title='bbox 350 1830 442 1888; x_wconf 87' lang='lat' dir='ltr'><strong>pervenit</strong></span> <span class='ocrx_word' id='word_1_190' title='bbox 452 1829 558 1873; x_wconf 88' lang='lat' dir='ltr'><strong>industria.</strong></span> <span class='ocrx_word' id='word_1_191' title='bbox 589 1829 642 1874; x_wconf 89' lang='lat' dir='ltr'><strong>Nam</strong></span> <span class='ocrx_word' id='word_1_192' title='bbox 651 1837 671 1873; x_wconf 90' lang='lat' dir='ltr'><strong>et</strong></span> <span class='ocrx_word' id='word_1_193' title='bbox 683 1829 786 1873; x_wconf 87' lang='lat' dir='ltr'><strong>architecti</strong></span> <span class='ocrx_word' id='word_1_194' title='bbox 798 1827 859 1872; x_wconf 88' lang='lat' dir='ltr'><strong>sectis</strong></span> 
     </span>
     <span class='ocr_line' id='line_1_24' title="bbox 74 1898 859 1957; baseline -0.003 -15"><span class='ocrx_word' id='word_1_195' title='bbox 74 1899 183 1957; x_wconf 89' lang='lat' dir='ltr'><strong>lapidibus,</strong></span> <span class='ocrx_word' id='word_1_196' title='bbox 205 1898 315 1956; x_wconf 86' lang='lat' dir='ltr'><strong>argentarii</strong></span> <span class='ocrx_word' id='word_1_197' title='bbox 331 1907 352 1942; x_wconf 88' lang='lat' dir='ltr'><strong>et</strong></span> <span class='ocrx_word' id='word_1_198' title='bbox 367 1900 459 1944; x_wconf 83' lang='lat' dir='ltr'><strong>aurifices</strong></span> <span class='ocrx_word' id='word_1_199' title='bbox 470 1915 507 1944; x_wconf 89' lang='lat' dir='ltr'><strong>uec</strong></span> <span class='ocrx_word' id='word_1_200' title='bbox 519 1916 559 1944; x_wconf 93' lang='lat' dir='ltr'><strong>nou</strong></span> <span class='ocrx_word' id='word_1_201' title='bbox 570 1908 590 1943; x_wconf 89' lang='lat' dir='ltr'><strong>et</strong></span> <span class='ocrx_word' id='word_1_202' title='bbox 600 1900 652 1943; x_wconf 85' lang='lat' dir='ltr'><strong>fabri</strong></span> <span class='ocrx_word' id='word_1_203' title='bbox 663 1916 700 1944; x_wconf 90' lang='lat' dir='ltr'><strong>sua</strong></span> <span class='ocrx_word' id='word_1_204' title='bbox 710 1900 782 1957; x_wconf 89' lang='lat' dir='ltr'><strong>quique</strong></span> <span class='ocrx_word' id='word_1_205' title='bbox 796 1905 859 1941; x_wconf 88' lang='lat' dir='ltr'><strong>mate-</strong></span> 
     </span>
     <span class='ocr_line' id='line_1_25' title="bbox 74 1968 860 2027; baseline -0.003 -15"><span class='ocrx_word' id='word_1_206' title='bbox 74 1971 112 2022; x_wconf 88' lang='lat' dir='ltr'><strong>ria,</strong></span> <span class='ocrx_word' id='word_1_207' title='bbox 129 1985 152 2012; x_wconf 89' lang='lat' dir='ltr'><strong>ac</strong></span> <span class='ocrx_word' id='word_1_208' title='bbox 162 1969 233 2027; x_wconf 84' lang='lat' dir='ltr'><strong>reliqui</strong></span> <span class='ocrx_word' id='word_1_209' title='bbox 244 1970 337 2026; x_wconf 86' lang='lat' dir='ltr'><strong>deinceps</strong></span> <span class='ocrx_word' id='word_1_210' title='bbox 348 1971 422 2026; x_wconf 87' lang='lat' dir='ltr'><strong>effigies</strong></span> <span class='ocrx_word' id='word_1_211' title='bbox 431 1970 493 2013; x_wconf 90' lang='lat' dir='ltr'><strong>moliti</strong></span> <span class='ocrx_word' id='word_1_212' title='bbox 505 1978 559 2014; x_wconf 92' lang='lat' dir='ltr'><strong>sunt.</strong></span> <span class='ocrx_word' id='word_1_213' title='bbox 590 1969 652 2013; x_wconf 87' lang='lat' dir='ltr'><strong>Primi</strong></span> <span class='ocrx_word' id='word_1_214' title='bbox 664 1971 751 2013; x_wconf 89' lang='lat' dir='ltr'><strong>omnium</strong></span> <span class='ocrx_word' id='word_1_215' title='bbox 762 1968 860 2026; x_wconf 79' lang='lat' dir='ltr'><strong>Aegyptii</strong></span> 
     </span>
     <span class='ocr_line' id='line_1_26' title="bbox 75 2038 859 2097; baseline -0.004 -15"><span class='ocrx_word' id='word_1_216' title='bbox 75 2054 98 2082; x_wconf 89' lang='lat' dir='ltr'><strong>ao</strong></span> <span class='ocrx_word' id='word_1_217' title='bbox 108 2038 227 2096; x_wconf 84' lang='lat' dir='ltr'><strong>Rabylonii,</strong></span> <span class='ocrx_word' id='word_1_218' title='bbox 248 2053 285 2081; x_wconf 92' lang='lat' dir='ltr'><strong>nec</strong></span> <span class='ocrx_word' id='word_1_219' title='bbox 297 2054 337 2081; x_wconf 94' lang='lat' dir='ltr'><strong>non</strong></span> <span class='ocrx_word' id='word_1_220' title='bbox 354 2047 374 2081; x_wconf 94' lang='lat' dir='ltr'><strong>et</strong></span> <span class='ocrx_word' id='word_1_221' title='bbox 384 2038 476 2097; x_wconf 78' lang='lat' dir='ltr'><strong>Phryges</strong></span> <span class='ocrx_word' id='word_1_222' title='bbox 490 2055 513 2082; x_wconf 91' lang='lat' dir='ltr'><strong>ac</strong></span> <span class='ocrx_word' id='word_1_223' title='bbox 525 2039 636 2083; x_wconf 86' lang='lat' dir='ltr'><strong>Phoenices</strong></span> <span class='ocrx_word' id='word_1_224' title='bbox 648 2039 782 2097; x_wconf 89' lang='lat' dir='ltr'><strong>superstitiosi</strong></span> <span class='ocrx_word' id='word_1_225' title='bbox 795 2040 859 2080; x_wconf 90' lang='lat' dir='ltr'><strong>cultus</strong></span> 
     </span>
     <span class='ocr_line' id='line_1_27' title="bbox 76 2107 860 2165; baseline -0.003 -14"><span class='ocrx_word' id='word_1_226' title='bbox 76 2117 96 2151; x_wconf 88' lang='lat' dir='ltr'><strong>et</strong></span> <span class='ocrx_word' id='word_1_227' title='bbox 106 2109 257 2151; x_wconf 86' lang='lat' dir='ltr'><strong>simulacrorum</strong></span> <span class='ocrx_word' id='word_1_228' title='bbox 269 2123 293 2149; x_wconf 91' lang='lat' dir='ltr'><strong>ac</strong></span> <span class='ocrx_word' id='word_1_229' title='bbox 304 2109 444 2165; x_wconf 86' lang='lat' dir='ltr'><strong>mysteriorum</strong></span> <span class='ocrx_word' id='word_1_230' title='bbox 456 2116 549 2151; x_wconf 90' lang='lat' dir='ltr'><strong>auctores</strong></span> <span class='ocrx_word' id='word_1_231' title='bbox 562 2110 680 2152; x_wconf 81' lang='lat' dir='ltr'><strong>extiterunt.</strong></span> <span class='ocrx_word' id='word_1_232' title='bbox 705 2109 725 2151; x_wconf 82' lang='lat' dir='ltr'>A</span> <span class='ocrx_word' id='word_1_233' title='bbox 736 2108 807 2165; x_wconf 89' lang='lat' dir='ltr'><strong>quibus</strong></span> <span class='ocrx_word' id='word_1_234' title='bbox 818 2107 860 2164; x_wconf 89' lang='lat' dir='ltr'><strong>pleÎ‡</strong></span> 
     </span>
     <span class='ocr_line' id='line_1_28' title="bbox 76 2175 861 2234; baseline -0.004 -14"><span class='ocrx_word' id='word_1_235' title='bbox 76 2192 136 2234; x_wconf 91' lang='lat' dir='ltr'><strong>raque</strong></span> <span class='ocrx_word' id='word_1_236' title='bbox 149 2184 196 2220; x_wconf 92' lang='lat' dir='ltr'><strong>sunt</strong></span> <span class='ocrx_word' id='word_1_237' title='bbox 211 2178 235 2219; x_wconf 91' lang='lat' dir='ltr'><strong>ad</strong></span> <span class='ocrx_word' id='word_1_238' title='bbox 246 2175 336 2219; x_wconf 87' lang='lat' dir='ltr'><strong>Graecos</strong></span> <span class='ocrx_word' id='word_1_239' title='bbox 351 2179 459 2231; x_wconf 81' lang='lat' dir='ltr'><strong>translata,</strong></span> <span class='ocrx_word' id='word_1_240' title='bbox 479 2180 519 2221; x_wconf 88' lang='lat' dir='ltr'><strong>iam</strong></span> <span class='ocrx_word' id='word_1_241' title='bbox 536 2178 614 2221; x_wconf 84' lang='lat' dir='ltr'><strong>turneb</strong></span> <span class='ocrx_word' id='word_1_242' title='bbox 629 2185 696 2221; x_wconf 88' lang='lat' dir='ltr'><strong>aetate</strong></span> <span class='ocrx_word' id='word_1_243' title='bbox 707 2176 818 2233; x_wconf 83' lang='lat' dir='ltr'><strong>Cecropis,</strong></span> <span class='ocrx_word' id='word_1_244' title='bbox 840 2183 861 2218; x_wconf 92' lang='lat' dir='ltr'><strong>et</strong></span> 
     </span>
     <span class='ocr_line' id='line_1_29' title="bbox 77 2244 859 2304; baseline 0.001 -16"><span class='ocrx_word' id='word_1_245' title='bbox 77 2247 178 2304; x_wconf 88' lang='lat' dir='ltr'><strong>deinceps.</strong></span> <span class='ocrx_word' id='word_1_246' title='bbox 208 2244 283 2288; x_wconf 89' lang='lat' dir='ltr'><strong>Postea</strong></span> <span class='ocrx_word' id='word_1_247' title='bbox 295 2261 345 2289; x_wconf 89' lang='lat' dir='ltr'><strong>vero</strong></span> <span class='ocrx_word' id='word_1_248' title='bbox 358 2247 417 2303; x_wconf 86' lang='lat' dir='ltr'><strong>longe</strong></span> <span class='ocrx_word' id='word_1_249' title='bbox 430 2248 508 2290; x_wconf 89' lang='lat' dir='ltr'><strong>demum</strong></span> <span class='ocrx_word' id='word_1_250' title='bbox 520 2248 627 2291; x_wconf 90' lang='lat' dir='ltr'><strong>intervallo</strong></span> <span class='ocrx_word' id='word_1_251' title='bbox 638 2246 756 2302; x_wconf 86' lang='lat' dir='ltr'><strong>Saturnum,</strong></span> <span class='ocrx_word' id='word_1_252' title='bbox 772 2247 859 2299; x_wconf 87' lang='lat' dir='ltr'><strong>Rheam,</strong></span> 
     </span>
     <span class='ocr_line' id='line_1_30' title="bbox 78 2314 725 2376; baseline 0.002 -18"><span class='ocrx_word' id='word_1_253' title='bbox 78 2314 160 2371; x_wconf 89' lang='lat' dir='ltr'><strong>lovem,</strong></span> <span class='ocrx_word' id='word_1_254' title='bbox 177 2315 290 2374; x_wconf 78' lang='lat' dir='ltr'><strong>Apollinem</strong></span> <span class='ocrx_word' id='word_1_255' title='bbox 301 2331 325 2358; x_wconf 85' lang='lat' dir='ltr'><strong>ae</strong></span> <span class='ocrx_word' id='word_1_256' title='bbox 336 2316 425 2374; x_wconf 89' lang='lat' dir='ltr'><strong>reliquos</strong></span> <span class='ocrx_word' id='word_1_257' title='bbox 436 2317 484 2360; x_wconf 91' lang='lat' dir='ltr'><strong>deos</strong></span> <span class='ocrx_word' id='word_1_258' title='bbox 496 2317 598 2360; x_wconf 86' lang='lat' dir='ltr'><strong>celebrare</strong></span> <span class='ocrx_word' id='word_1_259' title='bbox 609 2325 725 2376; x_wconf 88' lang='lat' dir='ltr'><strong>coeperunt.</strong></span> 
     </span>
    </p>
   </div>
   <div class='ocr_carea' id='block_1_4' title="bbox 79 2442 864 2842">
    <p class='ocr_par' dir='ltr' id='par_1_5' title="bbox 79 2442 864 2842">
     <span class='ocr_line' id='line_1_31' title="bbox 135 2442 863 2499; baseline -0.004 -13"><span class='ocrx_word' id='word_1_260' title='bbox 135 2442 208 2486; x_wconf 82' lang='lat' dir='ltr'><strong>Graeci</strong></span> <span class='ocrx_word' id='word_1_261' title='bbox 226 2457 298 2485; x_wconf 90' lang='lat' dir='ltr'><strong>nomen</strong></span> <span class='ocrx_word' id='word_1_262' title='bbox 310 2444 334 2485; x_wconf 88' lang='lat' dir='ltr'><strong>ab</strong></span> <span class='ocrx_word' id='word_1_263' title='bbox 347 2443 431 2486; x_wconf 85' lang='lat' dir='ltr'><strong>Hellene</strong></span> <span class='ocrx_word' id='word_1_264' title='bbox 445 2444 529 2498; x_wconf 88' lang='lat' dir='ltr'><strong>quodam</strong></span> <span class='ocrx_word' id='word_1_265' title='bbox 542 2444 607 2485; x_wconf 89' lang='lat' dir='ltr'><strong>sortiti</strong></span> <span class='ocrx_word' id='word_1_266' title='bbox 618 2450 676 2496; x_wconf 88' lang='lat' dir='ltr'><strong>sunt,</strong></span> <span class='ocrx_word' id='word_1_267' title='bbox 699 2444 732 2499; x_wconf 92' lang='lat' dir='ltr'><strong>qui</strong></span> <span class='ocrx_word' id='word_1_268' title='bbox 742 2442 763 2484; x_wconf 90' lang='lat' dir='ltr'><strong>iu</strong></span> <span class='ocrx_word' id='word_1_269' title='bbox 775 2442 863 2486; x_wconf 85' lang='lat' dir='ltr'><strong>Graecia</strong></span> 
     </span>
     <span class='ocr_line' id='line_1_32' title="bbox 79 2510 864 2567; baseline 0.001 -16"><span class='ocrx_word' id='word_1_270' title='bbox 79 2511 153 2566; x_wconf 88' lang='lat' dir='ltr'><strong>degens</strong></span> <span class='ocrx_word' id='word_1_271' title='bbox 165 2512 182 2553; x_wconf 92' lang='lat' dir='ltr'><strong>ei</strong></span> <span class='ocrx_word' id='word_1_272' title='bbox 192 2511 270 2567; x_wconf 86' lang='lat' dir='ltr'><strong>regioni</strong></span> <span class='ocrx_word' id='word_1_273' title='bbox 283 2512 434 2567; x_wconf 89' lang='lat' dir='ltr'><strong>appellationem</strong></span> <span class='ocrx_word' id='word_1_274' title='bbox 443 2512 519 2554; x_wconf 88' lang='lat' dir='ltr'><strong>indidit.</strong></span> <span class='ocrx_word' id='word_1_275' title='bbox 552 2510 604 2554; x_wconf 86' lang='lat' dir='ltr'><strong>Sunt</strong></span> <span class='ocrx_word' id='word_1_276' title='bbox 616 2512 648 2567; x_wconf 93' lang='lat' dir='ltr'><strong>qui</strong></span> <span class='ocrx_word' id='word_1_277' title='bbox 662 2512 687 2554; x_wconf 87' lang='lat' dir='ltr'><strong>ab</strong></span> <span class='ocrx_word' id='word_1_278' title='bbox 698 2512 766 2563; x_wconf 87' lang='lat' dir='ltr'><strong>elaea,</strong></span> <span class='ocrx_word' id='word_1_279' title='bbox 782 2512 821 2553; x_wconf 89' lang='lat' dir='ltr'><strong>boc</strong></span> <span class='ocrx_word' id='word_1_280' title='bbox 832 2518 864 2553; x_wconf 89' lang='lat' dir='ltr'><strong>est</strong></span> 
     </span>
     <span class='ocr_line' id='line_1_33' title="bbox 79 2578 863 2637; baseline 0.001 -18"><span class='ocrx_word' id='word_1_281' title='bbox 79 2578 142 2631; x_wconf 91' lang='lat' dir='ltr'><strong>oliva,</strong></span> <span class='ocrx_word' id='word_1_282' title='bbox 159 2595 209 2636; x_wconf 90' lang='lat' dir='ltr'><strong>quae</strong></span> <span class='ocrx_word' id='word_1_283' title='bbox 220 2580 305 2623; x_wconf 89' lang='lat' dir='ltr'><strong>Athenis</strong></span> <span class='ocrx_word' id='word_1_284' title='bbox 318 2589 390 2623; x_wconf 83' lang='lat' dir='ltr'><strong>exorta</strong></span> <span class='ocrx_word' id='word_1_285' title='bbox 400 2590 443 2633; x_wconf 89' lang='lat' dir='ltr'><strong>est,</strong></span> <span class='ocrx_word' id='word_1_286' title='bbox 459 2588 582 2637; x_wconf 86' lang='lat' dir='ltr'><strong>nuncupatos</strong></span> <span class='ocrx_word' id='word_1_287' title='bbox 592 2594 638 2622; x_wconf 89' lang='lat' dir='ltr'><strong>esse</strong></span> <span class='ocrx_word' id='word_1_288' title='bbox 650 2580 720 2622; x_wconf 91' lang='lat' dir='ltr'><strong>velint.</strong></span> <span class='ocrx_word' id='word_1_289' title='bbox 751 2579 817 2622; x_wconf 89' lang='lat' dir='ltr'><strong>Huius</strong></span> <span class='ocrx_word' id='word_1_290' title='bbox 828 2594 863 2634; x_wconf 87' lang='lat' dir='ltr'><strong>ge-</strong></span> 
     </span>
     <span class='ocr_line' id='line_1_34' title="bbox 80 2648 864 2700; baseline 0.003 -13"><span class='ocrx_word' id='word_1_291' title='bbox 80 2649 134 2689; x_wconf 90' lang='lat' dir='ltr'><strong>neris</strong></span> <span class='ocrx_word' id='word_1_292' title='bbox 150 2657 243 2691; x_wconf 91' lang='lat' dir='ltr'><strong>auctores</strong></span> <span class='ocrx_word' id='word_1_293' title='bbox 259 2663 281 2690; x_wconf 88' lang='lat' dir='ltr'><strong>ac</strong></span> <span class='ocrx_word' id='word_1_294' title='bbox 297 2651 411 2691; x_wconf 85' lang='lat' dir='ltr'><strong>conditores</strong></span> <span class='ocrx_word' id='word_1_295' title='bbox 426 2649 487 2691; x_wconf 87' lang='lat' dir='ltr'><strong>lones</strong></span> <span class='ocrx_word' id='word_1_296' title='bbox 503 2650 592 2700; x_wconf 82' lang='lat' dir='ltr'><strong>luerunt,</strong></span> <span class='ocrx_word' id='word_1_297' title='bbox 616 2656 639 2690; x_wconf 92' lang='lat' dir='ltr'><strong>ut</strong></span> <span class='ocrx_word' id='word_1_298' title='bbox 654 2664 681 2690; x_wconf 85' lang='lat' dir='ltr'><strong>ex</strong></span> <span class='ocrx_word' id='word_1_299' title='bbox 696 2649 822 2691; x_wconf 87' lang='lat' dir='ltr'><strong>accuratiore</strong></span> <span class='ocrx_word' id='word_1_300' title='bbox 833 2648 864 2689; x_wconf 91' lang='lat' dir='ltr'><strong>bi-</strong></span> 
     </span>
     <span class='ocr_line' id='line_1_35' title="bbox 80 2716 864 2774; baseline 0 -18"><span class='ocrx_word' id='word_1_301' title='bbox 80 2716 143 2759; x_wconf 88' lang='lat' dir='ltr'><strong>storia</strong></span> <span class='ocrx_word' id='word_1_302' title='bbox 152 2724 242 2770; x_wconf 87' lang='lat' dir='ltr'><strong>constat,</strong></span> <span class='ocrx_word' id='word_1_303' title='bbox 264 2718 296 2772; x_wconf 92' lang='lat' dir='ltr'><strong>qui</strong></span> <span class='ocrx_word' id='word_1_304' title='bbox 310 2718 334 2758; x_wconf 86' lang='lat' dir='ltr'><strong>ab</strong></span> <span class='ocrx_word' id='word_1_305' title='bbox 346 2717 396 2759; x_wconf 85' lang='lat' dir='ltr'><strong>Ioue</strong></span> <span class='ocrx_word' id='word_1_306' title='bbox 408 2719 492 2773; x_wconf 91' lang='lat' dir='ltr'><strong>quodam</strong></span> <span class='ocrx_word' id='word_1_307' title='bbox 506 2716 597 2774; x_wconf 85' lang='lat' dir='ltr'><strong>appellati</strong></span> <span class='ocrx_word' id='word_1_308' title='bbox 610 2725 657 2758; x_wconf 92' lang='lat' dir='ltr'><strong>suut</strong></span> <span class='ocrx_word' id='word_1_309' title='bbox 668 2717 728 2759; x_wconf 88' lang='lat' dir='ltr'><strong>unius</strong></span> <span class='ocrx_word' id='word_1_310' title='bbox 741 2731 810 2759; x_wconf 90' lang='lat' dir='ltr'><strong>eorum</strong></span> <span class='ocrx_word' id='word_1_311' title='bbox 823 2716 864 2758; x_wconf 87' lang='lat' dir='ltr'><strong>filio</strong></span> 
     </span>
     <span class='ocr_line' id='line_1_36' title="bbox 83 2783 864 2842; baseline -0.001 -17"><span class='ocrx_word' id='word_1_312' title='bbox 83 2785 116 2839; x_wconf 88' lang='lat' dir='ltr'><strong>qui</strong></span> <span class='ocrx_word' id='word_1_313' title='bbox 127 2787 197 2828; x_wconf 90' lang='lat' dir='ltr'><strong>turrim</strong></span> <span class='ocrx_word' id='word_1_314' title='bbox 210 2792 362 2827; x_wconf 82' lang='lat' dir='ltr'><strong>exstruxerunt.</strong></span> <span class='ocrx_word' id='word_1_315' title='bbox 393 2784 458 2840; x_wconf 78' lang='lat' dir='ltr'><strong>Quum</strong></span> <span class='ocrx_word' id='word_1_316' title='bbox 469 2786 493 2827; x_wconf 92' lang='lat' dir='ltr'><strong>ob</strong></span> <span class='ocrx_word' id='word_1_317' title='bbox 504 2799 593 2828; x_wconf 86' lang='lat' dir='ltr'><strong>caussam</strong></span> <span class='ocrx_word' id='word_1_318' title='bbox 606 2783 702 2842; x_wconf 84' lang='lat' dir='ltr'><strong>Meropes</strong></span> <span class='ocrx_word' id='word_1_319' title='bbox 716 2785 807 2842; x_wconf 90' lang='lat' dir='ltr'><strong>appellati</strong></span> <span class='ocrx_word' id='word_1_320' title='bbox 818 2790 864 2825; x_wconf 90' lang='lat' dir='ltr'><strong>suut</strong></span> 
     </span>
    </p>
   </div>
   <div class='ocr_carea' id='block_1_5' title="bbox 81 2861 865 3138">
    <p class='ocr_par' dir='ltr' id='par_1_6' title="bbox 81 2861 602 2909">
     <span class='ocr_line' id='line_1_37' title="bbox 81 2861 602 2909; baseline 0.004 -15"><span class='ocrx_word' id='word_1_321' title='bbox 81 2864 98 2894; x_wconf 80' lang='lat' dir='ltr'><strong>in</strong></span> <span class='ocrx_word' id='word_1_322' title='bbox 110 2875 140 2905; x_wconf 83' lang='lat' dir='ltr'><strong>quo</strong></span> <span class='ocrx_word' id='word_1_323' title='bbox 154 2875 196 2899; x_wconf 78' lang='lat' dir='ltr'><strong>orn.</strong></span> <span class='ocrx_word' id='word_1_324' title='bbox 207 2875 232 2907; x_wconf 87' lang='lat' dir='ltr'><strong>pr.</strong></span> <span class='ocrx_word' id='word_1_325' title='bbox 246 2866 309 2897; x_wconf 84' lang='lat' dir='ltr'><strong>videtur</strong></span> <span class='ocrx_word' id='word_1_326' title='bbox 321 2866 369 2907; x_wconf 74' lang='lat' dir='ltr'><strong>(uisse</strong></span> <span class='ocrx_word' id='word_1_327' title='bbox 385 2861 461 2908; x_wconf 72' lang='lat' dir='ltr'><strong>duraeq-</strong></span> <span class='ocrx_word' id='word_1_328' title='bbox 483 2863 602 2909; x_wconf 75' lang='lat' dir='ltr'><strong>oupelepe&#39;aoo.</strong></span> 
     </span>
    </p>

    <p class='ocr_par' dir='ltr' id='par_1_7' title="bbox 83 2906 865 2952">
     <span class='ocr_line' id='line_1_38' title="bbox 83 2906 865 2952; baseline -0.001 -10"><span class='ocrx_word' id='word_1_329' title='bbox 83 2906 128 2950; x_wconf 78' lang='lat' dir='ltr'><strong>ploro,</strong></span> <span class='ocrx_word' id='word_1_330' title='bbox 140 2921 189 2952; x_wconf 85' lang='lat' dir='ltr'><strong>quum</strong></span> <span class='ocrx_word' id='word_1_331' title='bbox 201 2913 296 2952; x_wconf 74' lang='lat' dir='ltr'><strong>scripturum</strong></span> <span class='ocrx_word' id='word_1_332' title='bbox 306 2913 358 2944; x_wconf 86' lang='lat' dir='ltr'><strong>tuctur</strong></span> <span class='ocrx_word' id='word_1_333' title='bbox 368 2913 415 2944; x_wconf 82' lang='lat' dir='ltr'><strong>etium</strong></span> <span class='ocrx_word' id='word_1_334' title='bbox 427 2913 462 2945; x_wconf 85' lang='lat' dir='ltr'><strong>eod.</strong></span> <span class='ocrx_word' id='word_1_335' title='bbox 508 2910 535 2944; x_wconf 75' lang='lat'><strong>4Â¹2.</strong></span> <span class='ocrx_word' id='word_1_336' title='bbox 552 2909 588 2944; x_wconf 83' lang='grc' dir='ltr'><strong>Ï…á¼±Î¿á¿¦</strong></span> <span class='ocrx_word' id='word_1_337' title='bbox 605 2912 642 2943; x_wconf 76' lang='lat' dir='ltr'><strong>edit.</strong></span> <span class='ocrx_word' id='word_1_338' title='bbox 653 2913 709 2944; x_wconf 80' lang='lat' dir='ltr'><strong>Peleo.</strong></span> <span class='ocrx_word' id='word_1_339' title='bbox 732 2912 765 2944; x_wconf 84' lang='lat' dir='ltr'><strong>Sed</strong></span> <span class='ocrx_word' id='word_1_340' title='bbox 779 2913 817 2942; x_wconf 81' lang='lat' dir='ltr'><strong>tutet</strong></span> <span class='ocrx_word' id='word_1_341' title='bbox 831 2911 865 2950; x_wconf 73' lang='lat' dir='ltr'><strong>for-</strong></span> 
     </span>
    </p>

    <p class='ocr_par' dir='ltr' id='par_1_8' title="bbox 82 2952 865 3138">
     <span class='ocr_line' id='line_1_39' title="bbox 82 2952 865 2997; baseline 0.001 -11"><span class='ocrx_word' id='word_1_342' title='bbox 82 2954 140 2997; x_wconf 76' lang='lat' dir='ltr'><strong>Pmts,</strong></span> <span class='ocrx_word' id='word_1_343' title='bbox 151 2957 188 2989; x_wconf 84' lang='lat' dir='ltr'><strong>teste</strong></span> <span class='ocrx_word' id='word_1_344' title='bbox 199 2958 269 2990; x_wconf 82' lang='lat' dir='ltr'><strong>Petcoio.</strong></span> <span class='ocrx_word' id='word_1_345' title='bbox 484 2961 525 2990; x_wconf 80' lang='lat' dir='ltr'><strong>tasse</strong></span> <span class='ocrx_word' id='word_1_346' title='bbox 537 2966 594 2989; x_wconf 84' lang='lat' dir='ltr'><strong>nomen</strong></span> <span class='ocrx_word' id='word_1_347' title='bbox 607 2952 684 2991; x_wconf 73' lang='grc' dir='ltr'>á¼¸Ï‰á¿¦Î½á¾¶Î½.</span> <span class='ocrx_word' id='word_1_348' title='bbox 711 2957 734 2997; x_wconf 75' lang='lat' dir='ltr'><strong>Of.</strong></span> <span class='ocrx_word' id='word_1_349' title='bbox 748 2958 798 2997; x_wconf 82' lang='lat' dir='ltr'><strong>Epist.</strong></span> <span class='ocrx_word' id='word_1_350' title='bbox 810 2957 833 2987; x_wconf 82' lang='lat' dir='ltr'><strong>cd</strong></span> <span class='ocrx_word' id='word_1_351' title='bbox 843 2959 865 2988; x_wconf 79' lang='lat' dir='ltr'><strong>AÎ‡</strong></span> 
     </span>
     <span class='ocr_line' id='line_1_40' title="bbox 105 2997 865 3044; baseline 0.001 -11"><span class='ocrx_word' id='word_1_352' title='bbox 105 3000 132 3034; x_wconf 81' lang='lat'><strong>39.</strong></span> <span class='ocrx_word' id='word_1_353' title='bbox 144 2997 157 3042; x_wconf 76' lang='lat' dir='ltr'><strong>d</strong></span> <span class='ocrx_word' id='word_1_354' title='bbox 168 2999 201 3037; x_wconf 74' lang='grc' dir='ltr'><strong>á¼€Ï€á½¸</strong></span> <span class='ocrx_word' id='word_1_355' title='bbox 212 3004 258 3035; x_wconf 80' lang='lat' dir='ltr'><strong>codd.</strong></span> <span class='ocrx_word' id='word_1_356' title='bbox 268 3012 305 3035; x_wconf 78' lang='lat' dir='ltr'><strong>mss.</strong></span> <span class='ocrx_word' id='word_1_357' title='bbox 317 3004 331 3035; x_wconf 81' lang='lat' dir='ltr'><strong>et</strong></span> <span class='ocrx_word' id='word_1_358' title='bbox 340 3002 377 3035; x_wconf 81' lang='lat' dir='ltr'><strong>edit.</strong></span> <span class='ocrx_word' id='word_1_359' title='bbox 387 3005 438 3043; x_wconf 82' lang='lat' dir='ltr'><strong>princ.</strong></span> <span class='ocrx_word' id='word_1_360' title='bbox 484 3013 517 3036; x_wconf 84' lang='lat' dir='ltr'><strong>cae.</strong></span> <span class='ocrx_word' id='word_1_361' title='bbox 527 3012 545 3044; x_wconf 83' lang='lat' dir='ltr'><strong>p.</strong></span> <span class='ocrx_word' id='word_1_362' title='bbox 552 3001 578 3035; x_wconf 77' lang='lat'><strong>18.</strong></span> <span class='ocrx_word' id='word_1_363' title='bbox 588 3011 633 3034; x_wconf 84' lang='lat' dir='ltr'><strong>meae</strong></span> <span class='ocrx_word' id='word_1_364' title='bbox 642 3004 679 3035; x_wconf 82' lang='lat' dir='ltr'><strong>edit.</strong></span> <span class='ocrx_word' id='word_1_365' title='bbox 693 3003 779 3034; x_wconf 72' lang='lat' dir='ltr'><strong>cornardus</strong></span> <span class='ocrx_word' id='word_1_366' title='bbox 786 3003 833 3034; x_wconf 77' lang='lat' dir='ltr'><strong>uertit</strong></span> <span class='ocrx_word' id='word_1_367' title='bbox 843 3001 865 3034; x_wconf 81' lang='lat' dir='ltr'><strong>ab</strong></span> 
     </span>
     <span class='ocr_line' id='line_1_41' title="bbox 105 3042 865 3092; baseline 0.003 -13"><span class='ocrx_word' id='word_1_368' title='bbox 105 3042 133 3079; x_wconf 77' lang='lat'><strong>40.</strong></span> <span class='ocrx_word' id='word_1_369' title='bbox 147 3046 216 3091; x_wconf 77' lang='grc' dir='ltr'>á¼Î»Î»á½µÎ½Î¿Ï…</span> <span class='ocrx_word' id='word_1_370' title='bbox 227 3049 273 3082; x_wconf 87' lang='lat' dir='ltr'><strong>codd.</strong></span> <span class='ocrx_word' id='word_1_371' title='bbox 282 3058 319 3081; x_wconf 84' lang='lat' dir='ltr'><strong>rnss.</strong></span> <span class='ocrx_word' id='word_1_372' title='bbox 329 3050 344 3080; x_wconf 85' lang='lat' dir='ltr'><strong>el</strong></span> <span class='ocrx_word' id='word_1_373' title='bbox 353 3049 378 3081; x_wconf 84' lang='lat' dir='ltr'><strong>cd.</strong></span> <span class='ocrx_word' id='word_1_374' title='bbox 388 3050 440 3089; x_wconf 73' lang='lat' dir='ltr'><strong>princ.</strong></span> <span class='ocrx_word' id='word_1_375' title='bbox 487 3050 532 3090; x_wconf 86' lang='lat' dir='ltr'><strong>lone,</strong></span> <span class='ocrx_word' id='word_1_376' title='bbox 546 3058 579 3080; x_wconf 87' lang='lat' dir='ltr'><strong>uuo</strong></span> <span class='ocrx_word' id='word_1_377' title='bbox 591 3048 666 3092; x_wconf 84' lang='lat' dir='ltr'><strong>quodam</strong></span> <span class='ocrx_word' id='word_1_378' title='bbox 675 3048 712 3081; x_wconf 81' lang='lat' dir='ltr'><strong>viro</strong></span> <span class='ocrx_word' id='word_1_379' title='bbox 722 3059 744 3080; x_wconf 84' lang='lat' dir='ltr'><strong>ex</strong></span> <span class='ocrx_word' id='word_1_380' title='bbox 752 3047 778 3081; x_wconf 90' lang='lat' dir='ltr'><strong>his</strong></span> <span class='ocrx_word' id='word_1_381' title='bbox 789 3047 818 3092; x_wconf 89' lang='lat' dir='ltr'><strong>qui</strong></span> <span class='ocrx_word' id='word_1_382' title='bbox 829 3054 865 3081; x_wconf 85' lang='lat' dir='ltr'><strong>tnr-</strong></span> 
     </span>
     <span class='ocr_line' id='line_1_42' title="bbox 107 3089 669 3138; baseline 0.004 -12"><span class='ocrx_word' id='word_1_383' title='bbox 107 3089 135 3126; x_wconf 71' lang='lat' dir='ltr'><strong>bl.</strong></span> <span class='ocrx_word' id='word_1_384' title='bbox 146 3095 192 3128; x_wconf 78' lang='lat' dir='ltr'><strong>Libri</strong></span> <span class='ocrx_word' id='word_1_385' title='bbox 202 3099 234 3128; x_wconf 81' lang='lat' dir='ltr'><strong>tarn</strong></span> <span class='ocrx_word' id='word_1_386' title='bbox 246 3096 301 3136; x_wconf 83' lang='lat' dir='ltr'><strong>scripti</strong></span> <span class='ocrx_word' id='word_1_387' title='bbox 310 3104 359 3137; x_wconf 82' lang='lat' dir='ltr'><strong>quarn</strong></span> <span class='ocrx_word' id='word_1_388' title='bbox 370 3096 409 3129; x_wconf 81' lang='lat' dir='ltr'><strong>editt</strong></span> <span class='ocrx_word' id='word_1_389' title='bbox 418 3097 466 3138; x_wconf 78' lang='lat' dir='ltr'><strong>culpo</strong></span> <span class='ocrx_word' id='word_1_390' title='bbox 488 3096 521 3129; x_wconf 85' lang='lat' dir='ltr'><strong>rim</strong></span> <span class='ocrx_word' id='word_1_391' title='bbox 532 3093 669 3128; x_wconf 85' lang='lat' dir='ltr'><strong>aedificaverunt.</strong></span> 
     </span>
    </p>
   </div>
   <div class='ocr_carea' id='block_1_6' title="bbox 119 3149 727 3199">
    <p class='ocr_par' dir='ltr' id='par_1_9' title="bbox 119 3149 727 3199">
     <span class='ocr_line' id='line_1_43' title="bbox 119 3149 727 3199; baseline 0.028 -21"><span class='ocrx_word' id='word_1_392' title='bbox 119 3149 179 3188; x_wconf 74' lang='lat' dir='ltr'><strong>Corpus</strong></span> <span class='ocrx_word' id='word_1_393' title='bbox 195 3150 334 3181; x_wconf 70' lang='lat' dir='ltr'><strong>haereseum.</strong></span> <span class='ocrx_word' id='word_1_394' title='bbox 699 3156 727 3199; x_wconf 79' lang='grc'><strong>35</strong></span> 
     </span>
    </p>
   </div>
   <div class='ocr_carea' id='block_1_7' title="bbox 0 0 1016 3392">
    <p class='ocr_par' dir='ltr' id='par_1_10' title="bbox 0 0 1016 3392">
     <span class='ocr_line' id='line_1_44' title="bbox 0 0 1016 3392; baseline 0 0"><span class='ocrx_word' id='word_1_395' title='bbox 0 0 1016 3392; x_wconf 95' lang='lat' dir='ltr'><strong> </strong></span> 
     </span>
    </p>
   </div>
  </div>
 </body>
</html>
