1988 3392
247 179 340 233 causan
352 200 395 234 cru.
405 201 435 234 nr.
447 201 503 235 ron.
512 202 525 235 r.
537 186 605 234 naua.
614 199 697 233 Lxxnr.
839 192 864 231 rt

42 278 44 282 ’
77 273 314 337 substantztrprueditnm,
339 275 456 327 asserimus.
486 283 548 342 Atqui
561 281 581 325 bi
594 282 672 325 demum
685 281 868 339 fueruntqui'post

78 353 176 410 synodum
189 352 214 395 ab
229 353 299 395 insana
312 352 434 396 Arianorum
450 353 536 397 lectione
548 352 636 410 separati
649 359 707 404 sunt;
727 352 867 408 quorum'dux

78 421 165 465 Basilius
176 422 297 480 Ancyranns
310 423 385 476 extitit,
402 438 441 466 una
455 439 498 466 curm
511 423 600 480 Georgia
613 420 727 465 Laodiceae
739 428 760 463 et
771 419 867 479 Daphnes

78 492 102 534 ad
118 490 258 543 Antiochiam,
279 491 317 534 boc
334 499 366 535 est
383 491 523 550 coelesyriae.
555 491 618 535 lidern
634 498 654 533 et
670 492 694 532 de
710 491 780 547 spiritu
796 498 866 532 sancto

78 560 146 602 eadem
159 576 203 602 cum
215 561 268 604 illius
280 561 449 618 oppugnatoribus
461 555 536 604 tenent.
567 561 640 618 Neque
652 574 701 603 vero
714 559 866 615 tergiversando

78 636 112 670 aot
122 628 250 681 haesitando,
273 620 437 685 quemadmodum
454 631 473 672 in
492 631 531 672 lilio
549 645 607 686 quem
622 644 666 671 cum
682 628 773 669 absolute
788 636 867 669 creatu·

77 710 118 737 ram
131 699 259 751 prornrntiare
271 713 310 739 raon
323 698 420 749 mulcant,
443 698 480 739 etsi
491 699 510 739 id
523 699 604 740 omnino
621 698 721 747 sentiant,
738 695 866 737 nihilominus
911 718 913 721 ⁴

78 764 177 805 bominum
194 765 362 806 existimationem
375 765 446 817 veriti,
468 779 538 807 rocem
554 765 608 806 illam
619 761 738 817 ‹iporoaimov
749 763 864 813 obtrudunt,

77 838 98 872 ct
108 839 219 873 creaturam
237 833 262 873 ab
278 840 390 873 ceterarum
404 833 518 874 conditione
528 833 628 873 diversam
641 846 687 873 esse
700 830 805 882 debniunt,
820 845 865 871 eum

76 900 101 940 de
118 900 188 955 spiritu
207 908 289 952 seruato,
307 901 395 956 inquam,
412 901 489 954 agitur,
506 915 545 941 rrun
562 900 629 941 timide
647 914 670 941 ac
686 900 808 950 diffidenter,
829 898 866 941 sed

76 968 190 1011 rabidorum
202 984 272 1011 cattum
286 983 341 1012 more
353 975 396 1011 toto
414 967 488 1026 impetu
502 970 593 1012 l'eruntur
604 976 622 1010 et
639 975 750 1010 creaturam
764 981 809 1010 esse
821 967 865 1010 sine

76 1039 115 1083 ulla
128 1039 255 1083 coarctatione
268 1040 348 1093 docent,
365 1047 385 1082 et
397 1054 408 1083 a
420 1046 475 1097 patre
486 1054 509 1081 ac
522 1040 562 1082 lilio
572 1039 686 1082 abalienare
700 1045 805 1081 conantur.
834 1038 865 1081 Ac

76 1124 101 1152 ne
113 1110 157 1166 quis
172 1110 288 1153 calrnnniari
302 1126 333 1152 nre
342 1111 446 1166 quicquam
458 1110 578 1161 arbitretur,
599 1110 704 1167 utriusque
716 1108 748 1152 hic
761 1108 865 1164 epistolam

75 1187 177 1231 attexam,
200 1178 269 1222 Basilii
288 1180 447 1232 scilicetunam,
470 1187 490 1221 et
505 1179 588 1234 Georgii
599 1178 726 1230 Laodiceae,
749 1193 863 1235 quaurcurn

76 1247 151 1291 Basilio
167 1255 188 1290 et
202 1248 262 1290 sociis
278 1248 369 1304 scripsit,
385 1249 477 1290 aiteram.
509 1247 567 1304 Quae
582 1256 629 1290 stunt
644 1248 751 1291 eiusmodi.

134 1316 268 1360 Sacrosaoeta
284 1318 384 1375 synodus,
407 1331 458 1373 quae
471 1316 567 1374 Arrcyrae
584 1318 642 1374 paolo
655 1325 701 1360 ante
711 1314 790 1359 Pascha
801 1316 969 1390 ‘'²¹‘l⁵¹j³‚¹;',{ff.‘,l}l

76 1400 102 1428 ex
119 1386 228 1442 provinciis
243 1387 325 1428 collecta
341 1394 384 1438 est,
408 1385 556 1428 venerabilibus
573 1386 671 1439 dominis,
693 1393 714 1427 et
730 1386 862 1427 concordibus
878 1378 961 1440 seiont

76 1455 164 1496 eiusdem
187 1455 292 1496 ministerii
309 1454 385 1505 sociis,
408 1453 450 1505 bis,
472 1453 506 1508 qui
528 1454 547 1495 in
563 1452 665 1496 Phoenice
683 1454 796 1509 ceterisque
812 1429 959 1496 locisfflnl‘iff'

77 1522 165 1563 eiusdem
181 1522 283 1564 nobiseum
299 1523 344 1563 lidei
360 1530 419 1573 sunt,
435 1523 456 1563 in
472 1523 551 1563 domino
567 1523 659 1564 salutem.
878 1501 919 1545 ὤμ’
930 1502 951 1536 Π·

134 1587 270 1631 Vehementer
283 1590 330 1631 illud
341 1589 419 1644 quidem
429 1589 554 1645 optabamus,
564 1597 586 1630 ut
595 1597 640 1645 post
650 1590 703 1630 illam
713 1588 864 1631 ecclesiastieae

76 1656 120 1697 lidei
138 1657 286 1711 probationem,
308 1670 359 1712 quae
372 1656 392 1697 in
405 1656 577 1710 persecutionibus
595 1656 634 1697 illis
645 1657 670 1697 ob
684 1656 801 1710 religionem
816 1671 864 1706 con-

75 1724 127 1766 flatis
139 1724 168 1767 sic
181 1732 273 1781 tanquam
285 1725 305 1766 in
318 1726 365 1780 igne
377 1724 482 1780 explorata
494 1725 559 1766 luerat
575 1732 595 1766 et
606 1731 650 1781 post
665 1739 751 1779 eaquae
763 1722 864 1767 Corrstan·

75 1793 157 1852 tinopoli
173 1793 198 1836 ob
211 1791 329 1836 Marcellum
340 1793 456 1836 acciderunt
471 1807 495 1836 ae
508 1800 553 1852 post
568 1792 714 1852 expositionem
730 1793 790 1846 fidei,
812 1807 863 1851 quae

74 1865 95 1908 in
107 1865 184 1923 synodo
197 1864 317 1908 Antiochiae
332 1872 412 1923 propter
423 1864 489 1923 templi
505 1864 649 1907 dedicationem
663 1864 746 1907 collecta
762 1865 863 1923 proposita

75 1943 117 1987 est,
133 1949 157 1978 ae
170 1935 263 1993 deinceps
275 1937 295 1978 in
308 1934 423 1978 Sardicensi
435 1936 527 1992 repetita,
544 1935 576 1992 qui
587 1936 637 1978 lides
648 1936 793 1993 quodammodo
804 1936 863 1978 rello·

75 2005 141 2047 ruisse
153 2005 243 2056 videtur,
260 2005 345 2060 denique
358 2012 403 2061 post
415 2019 437 2046 ea
449 2018 499 2060 qnae
510 2004 585 2061 Syrrnii
597 2013 678 2061 propter
688 2003 795 2047 Plautinum
806 2012 864 2061 gesta

75 2081 133 2132 sunt,
156 2073 191 2114 sed
208 2081 285 2130 etpost
301 2073 390 2114 rationes
403 2073 446 2114 illas
459 2086 508 2129 quas
522 2074 546 2114 de
561 2088 681 2129 unoquoque
699 2074 746 2115 fidei
761 2073 826 2128 capite
838 2074 862 2115 de

75 2140 192 2184 Sardicensi
212 2142 245 2184 illo
266 2140 424 2184 occidentalium
445 2142 469 2183 ab
486 2139 622 2183 Orientalibus
640 2142 723 2184 dissidio
743 2141 863 2197 interrogati

75 2224 139 2266 nrrper
156 2210 265 2261 edidimus,
288 2210 339 2266 quod
353 2209 450 2265 reliquum
464 2216 507 2260 est,
529 2210 549 2251 in
563 2210 629 2265 quiete
642 2211 723 2265 otioque
734 2212 824 2262 versari,
841 2219 862 2253 et

75 2280 112 2320 snb
132 2278 283 2333 religiosissimo
299 2278 373 2320 domini
385 2279 447 2319 nostri
460 2276 573 2320 Constantii
585 2280 680 2335 imperio,
702 2279 807 2321 conciliata
819 2279 862 2321 ubi-

74 2361 113 2402 que
124 2346 149 2387 ab
159 2354 204 2386 ortu
214 2348 238 2387 ad
249 2360 340 2387 oceasum
353 2346 447 2398 ecclesia,
464 2346 572 2401 eiectisque
583 2348 682 2389 searrrdalis
693 2362 760 2403 pacem
771 2348 862 2389 obtinere

74 2428 98 2455 ac
111 2414 183 2454 divinis
196 2413 297 2468 obsequiis
310 2414 412 2455 insistere.
444 2413 485 2455 Sed
499 2415 604 2469 quoniam,
621 2422 643 2455 ut
655 2416 746 2466 videtur,
762 2415 861 2467 diabotus,

75 2496 114 2536 quc
125 2481 202 2521 scilicet
213 2482 279 2521 canania
290 2482 332 2532 illa,
349 2495 398 2535 qnae
409 2495 419 2520 a
432 2481 512 2521 domino
523 2482 622 2536 praedicta
634 2489 688 2533 sunt,
705 2488 726 2521 el
735 2483 759 2523 ab
770 2484 862 2537 apostolo

74 2556 210 2591 eorrsentance
228 2549 252 2591 ad
272 2549 358 2591 lidelium
378 2548 490 2591 cautionem
509 2550 533 2590 de
550 2549 661 2591 delectione
681 2550 807 2606 praedicata,
836 2550 861 2593 ad

75 2618 151 2660 exitum
169 2618 264 2669 deducat,
287 2618 345 2659 aroris
361 2619 475 2675 quibusdam
493 2619 610 2660 commentis
627 2626 697 2660 contra
712 2620 861 2661 ecclesiasticae

76 2688 122 2732 lidci
135 2687 270 2731 sinceritatem
282 2687 378 2746 oppositis
390 2689 408 2731 id
420 2702 480 2745 agere
495 2688 599 2745 molirique
615 2703 655 2732 non
672 2689 754 2742 desinit,
777 2696 798 2733 ut
811 2705 861 2733 irora-

76 2760 135 2802 nullis
152 2758 219 2816 specie
231 2759 313 2815 quadam
331 2759 438 2801 ementitae
456 2759 536 2816 pietatis
551 2759 649 2802 adiunctis
662 2762 756 2815 profanus
769 2764 860 2815 perardum
870 2782 956 2818 mmm·

75 2844 140 2870 uocum
151 2833 255 2878 novitates,
276 2830 374 2870 adversus
386 2828 500 2884 religiosam
513 2829 608 2885 unigeniti
618 2830 649 2872 dei
662 2831 696 2872 lilii
708 2821 859 2886 germanitatem
886 2822 900 2858 '⁵’
909 2821 931 2850 ²⁰·

73 2969 138 3009 putauit
148 2968 229 3001 Petamus.
253 2969 288 3007 Epo
298 2969 369 3008 suspicor
381 2965 397 3001 εἰ
409 2965 440 3010 μή.
480 2970 515 3002 rins
525 2970 570 3002 verul
582 2968 694 3002 Constantine

97 3015 113 3044 ζ’.
129 3014 146 3045 lu
161 3016 226 3053 atroque
240 3014 286 3046 codd,
303 3023 335 3045 mss
365 3012 455 3047 Kmootou-
503 3015 518 3047 ‘d-
526 3011 573 3054 παρὰ
581 3017 671 3056 suspicatus
681 3018 703 3046 est
712 3017 791 3049 Petuuius.
803 3018 859 3051 Probo.

74 3057 119 3092 alnou
134 3059 173 3091 milo
188 3059 243 3091 videor
253 3060 307 3099 repere.
330 3059 383 3091 Etiam
396 3060 457 3091 Corac-
503 3058 519 3092 l.
532 3060 566 3093 rain
580 3070 611 3093 om.
624 3061 658 3093 eod.
670 3062 735 3101 aueum.
