<?xml version="1.0" encoding="UTF-8"?>
<!DOCTYPE html PUBLIC "-//W3C//DTD XHTML 1.0 Transitional//EN"
    "http://www.w3.org/TR/xhtml1/DTD/xhtml1-transitional.dtd">
<html xmlns="http://www.w3.org/1999/xhtml" xml:lang="en" lang="en">
 <head>
  <title>
</title>
<meta http-equiv="Content-Type" content="text/html;charset=utf-8" />
  <meta name='ocr-system' content='tesseract 3.04.00' />
  <meta name='ocr-capabilities' content='ocr_page ocr_carea ocr_par ocr_line ocrx_word'/>
</head>
<body>
  <div class='ocr_page' id='page_1' title='image "./MN41650ucmf_1/MN41650ucmf_1_0259.png"; bbox 0 0 1988 3392; ppageno 0'>
   <div class='ocr_carea' id='block_1_1' title="bbox 242 226 858 273">
    <p class='ocr_par' dir='ltr' id='par_1_1' title="bbox 242 226 858 273">
     <span class='ocr_line' id='line_1_1' title="bbox 242 226 858 273; baseline -0.006 -1"><span class='ocrx_word' id='word_1_1' title='bbox 242 238 337 272; x_wconf 73' lang='lat' dir='ltr'>canaan</span> <span class='ocrx_word' id='word_1_2' title='bbox 348 238 392 272; x_wconf 79' lang='lat' dir='ltr'>ore.</span> <span class='ocrx_word' id='word_1_3' title='bbox 401 238 431 272; x_wconf 93' lang='grc' dir='ltr'><strong>ιιι.</strong></span> <span class='ocrx_word' id='word_1_4' title='bbox 442 238 498 273; x_wconf 84' lang='grc' dir='ltr'><strong>ιοιι.</strong></span> <span class='ocrx_word' id='word_1_5' title='bbox 508 239 522 272; x_wconf 92' lang='grc' dir='ltr'>ι.</span> <span class='ocrx_word' id='word_1_6' title='bbox 533 236 693 271; x_wconf 72' lang='lat' dir='ltr'>nudamur.</span> <span class='ocrx_word' id='word_1_7' title='bbox 814 226 858 268; x_wconf 81' lang='lat'>237</span> 
     </span>
    </p>
   </div>
   <div class='ocr_carea' id='block_1_2' title="bbox 44 315 962 2991">
    <p class='ocr_par' dir='ltr' id='par_1_2' title="bbox 44 315 962 2509">
     <span class='ocr_line' id='line_1_2' title="bbox 73 315 857 374; baseline -0.003 -15"><span class='ocrx_word' id='word_1_8' title='bbox 73 318 154 360; x_wconf 90' lang='lat' dir='ltr'>minime</span> <span class='ocrx_word' id='word_1_9' title='bbox 173 317 277 370; x_wconf 90' lang='lat' dir='ltr'>tribuerit,</span> <span class='ocrx_word' id='word_1_10' title='bbox 302 333 341 360; x_wconf 92' lang='lat' dir='ltr'>non</span> <span class='ocrx_word' id='word_1_11' title='bbox 357 324 438 374; x_wconf 85' lang='lat' dir='ltr'>propter</span> <span class='ocrx_word' id='word_1_12' title='bbox 452 319 511 361; x_wconf 89' lang='lat' dir='ltr'>ullam</span> <span class='ocrx_word' id='word_1_13' title='bbox 527 324 610 361; x_wconf 88' lang='lat' dir='ltr'>naturae</span> <span class='ocrx_word' id='word_1_14' title='bbox 629 315 796 366; x_wconf 71' lang='lat' dir='ltr'>imbecillitatem,</span> <span class='ocrx_word' id='word_1_15' title='bbox 822 316 857 357; x_wconf 86' lang='lat' dir='ltr'>sed</span> 
     </span>
     <span class='ocr_line' id='line_1_3' title="bbox 74 384 857 443; baseline -0.004 -15"><span class='ocrx_word' id='word_1_16' title='bbox 74 387 125 442; x_wconf 82' lang='lat' dir='ltr'>qnod</span> <span class='ocrx_word' id='word_1_17' title='bbox 137 387 163 429; x_wconf 93' lang='lat' dir='ltr'>sit</span> <span class='ocrx_word' id='word_1_18' title='bbox 173 387 226 429; x_wconf 91' lang='lat' dir='ltr'>omni</span> <span class='ocrx_word' id='word_1_19' title='bbox 240 402 310 430; x_wconf 77' lang='lat' dir='ltr'>caussa</span> <span class='ocrx_word' id='word_1_20' title='bbox 322 387 421 443; x_wconf 79' lang='lat' dir='ltr'>superior,</span> <span class='ocrx_word' id='word_1_21' title='bbox 438 388 496 429; x_wconf 82' lang='lat' dir='ltr'>velim</span> <span class='ocrx_word' id='word_1_22' title='bbox 510 395 529 428; x_wconf 90' lang='lat' dir='ltr'>et</span> <span class='ocrx_word' id='word_1_23' title='bbox 541 388 583 443; x_wconf 92' lang='lat' dir='ltr'>ipse</span> <span class='ocrx_word' id='word_1_24' title='bbox 596 386 643 428; x_wconf 89' lang='lat' dir='ltr'>illud</span> <span class='ocrx_word' id='word_1_25' title='bbox 654 385 765 440; x_wconf 85' lang='lat' dir='ltr'>intelligas,</span> <span class='ocrx_word' id='word_1_26' title='bbox 782 399 821 426; x_wconf 94' lang='lat' dir='ltr'>non</span> <span class='ocrx_word' id='word_1_27' title='bbox 833 384 857 425; x_wconf 92' lang='lat' dir='ltr'>ad</span> 
     </span>
     <span class='ocr_line' id='line_1_4' title="bbox 72 454 857 511; baseline -0.003 -15"><span class='ocrx_word' id='word_1_28' title='bbox 72 454 227 498; x_wconf 75' lang='lat' dir='ltr'>imbecillitatem</span> <span class='ocrx_word' id='word_1_29' title='bbox 243 456 301 498; x_wconf 86' lang='lat' dir='ltr'>ullam</span> <span class='ocrx_word' id='word_1_30' title='bbox 316 457 351 498; x_wconf 85' lang='lat' dir='ltr'>lilii</span> <span class='ocrx_word' id='word_1_31' title='bbox 366 471 437 498; x_wconf 80' lang='lat' dir='ltr'>nonren</span> <span class='ocrx_word' id='word_1_32' title='bbox 454 456 566 511; x_wconf 90' lang='lat' dir='ltr'>pertinere,</span> <span class='ocrx_word' id='word_1_33' title='bbox 588 456 623 498; x_wconf 90' lang='lat' dir='ltr'>sed</span> <span class='ocrx_word' id='word_1_34' title='bbox 635 470 660 496; x_wconf 91' lang='lat' dir='ltr'>eo</span> <span class='ocrx_word' id='word_1_35' title='bbox 672 454 738 510; x_wconf 88' lang='lat' dir='ltr'>potius</span> <span class='ocrx_word' id='word_1_36' title='bbox 750 454 801 508; x_wconf 87' lang='lat' dir='ltr'>quod</span> <span class='ocrx_word' id='word_1_37' title='bbox 813 467 857 494; x_wconf 90' lang='lat' dir='ltr'>cnm</span> 
     </span>
     <span class='ocr_line' id='line_1_5' title="bbox 73 521 856 582; baseline -0.004 -17"><span class='ocrx_word' id='word_1_38' title='bbox 73 524 164 579; x_wconf 84' lang='lat' dir='ltr'>genitore</span> <span class='ocrx_word' id='word_1_39' title='bbox 186 525 261 582; x_wconf 88' lang='lat' dir='ltr'>pariter</span> <span class='ocrx_word' id='word_1_40' title='bbox 281 525 404 567; x_wconf 89' lang='lat' dir='ltr'>conveniens</span> <span class='ocrx_word' id='word_1_41' title='bbox 425 524 659 568; x_wconf 87' lang='lat' dir='ltr'>sibiconsubstantialis</span> <span class='ocrx_word' id='word_1_42' title='bbox 679 523 739 566; x_wconf 91' lang='lat' dir='ltr'>decus</span> <span class='ocrx_word' id='word_1_43' title='bbox 760 521 856 564; x_wconf 89' lang='lat' dir='ltr'>obtineat.</span> 
     </span>
     <span class='ocr_line' id='line_1_6' title="bbox 74 589 858 650; baseline -0.004 -16"><span class='ocrx_word' id='word_1_44' title='bbox 74 591 173 647; x_wconf 78' lang='lat' dir='ltr'>Quoniam</span> <span class='ocrx_word' id='word_1_45' title='bbox 185 594 237 635; x_wconf 89' lang='lat' dir='ltr'>sicut</span> <span class='ocrx_word' id='word_1_46' title='bbox 248 602 323 650; x_wconf 91' lang='lat' dir='ltr'>patrem</span> <span class='ocrx_word' id='word_1_47' title='bbox 335 594 424 650; x_wconf 78' lang='lat' dir='ltr'>inprimis</span> <span class='ocrx_word' id='word_1_48' title='bbox 436 595 494 636; x_wconf 89' lang='lat' dir='ltr'>decet</span> <span class='ocrx_word' id='word_1_49' title='bbox 507 608 597 647; x_wconf 78' lang='lat' dir='ltr'>caussam</span> <span class='ocrx_word' id='word_1_50' title='bbox 610 607 688 635; x_wconf 93' lang='lat' dir='ltr'>omnem</span> <span class='ocrx_word' id='word_1_51' title='bbox 700 591 813 642; x_wconf 83' lang='lat' dir='ltr'>excellere,</span> <span class='ocrx_word' id='word_1_52' title='bbox 829 589 858 632; x_wconf 93' lang='lat' dir='ltr'>ita</span> 
     </span>
     <span class='ocr_line' id='line_1_7' title="bbox 73 659 859 719; baseline -0.001 -17"><span class='ocrx_word' id='word_1_53' title='bbox 73 661 133 703; x_wconf 86' lang='lat' dir='ltr'>unico</span> <span class='ocrx_word' id='word_1_54' title='bbox 144 662 175 704; x_wconf 91' lang='lat' dir='ltr'>dei</span> <span class='ocrx_word' id='word_1_55' title='bbox 191 661 243 715; x_wconf 89' lang='lat' dir='ltr'>lilio,</span> <span class='ocrx_word' id='word_1_56' title='bbox 266 671 286 705; x_wconf 88' lang='lat' dir='ltr'>et</span> <span class='ocrx_word' id='word_1_57' title='bbox 301 663 325 705; x_wconf 91' lang='lat' dir='ltr'>ab</span> <span class='ocrx_word' id='word_1_58' title='bbox 343 679 382 705; x_wconf 89' lang='lat' dir='ltr'>uno</span> <span class='ocrx_word' id='word_1_59' title='bbox 393 672 448 719; x_wconf 90' lang='lat' dir='ltr'>patre</span> <span class='ocrx_word' id='word_1_60' title='bbox 460 678 504 705; x_wconf 92' lang='lat' dir='ltr'>cum</span> <span class='ocrx_word' id='word_1_61' title='bbox 517 678 556 704; x_wconf 93' lang='lat' dir='ltr'>uno</span> <span class='ocrx_word' id='word_1_62' title='bbox 574 663 645 719; x_wconf 90' lang='lat' dir='ltr'>spiritu</span> <span class='ocrx_word' id='word_1_63' title='bbox 660 670 729 704; x_wconf 90' lang='lat' dir='ltr'>sancto</span> <span class='ocrx_word' id='word_1_64' title='bbox 743 659 859 717; x_wconf 83' lang='lat' dir='ltr'>procedenti</span> 
     </span>
     <span class='ocr_line' id='line_1_8' title="bbox 73 728 856 788; baseline -0.005 -16"><span class='ocrx_word' id='word_1_65' title='bbox 73 745 112 772; x_wconf 91' lang='lat' dir='ltr'>una</span> <span class='ocrx_word' id='word_1_66' title='bbox 125 732 232 787; x_wconf 86' lang='lat' dir='ltr'>eademque</span> <span class='ocrx_word' id='word_1_67' title='bbox 241 732 334 774; x_wconf 86' lang='lat' dir='ltr'>divinitas</span> <span class='ocrx_word' id='word_1_68' title='bbox 346 733 451 785; x_wconf 88' lang='lat' dir='ltr'>convenit,</span> <span class='ocrx_word' id='word_1_69' title='bbox 462 746 518 788; x_wconf 70' lang='lat' dir='ltr'>⁴quac</span> <span class='ocrx_word' id='word_1_70' title='bbox 531 731 602 774; x_wconf 89' lang='lat' dir='ltr'>nullam</span> <span class='ocrx_word' id='word_1_71' title='bbox 613 731 644 773; x_wconf 93' lang='lat' dir='ltr'>sui</span> <span class='ocrx_word' id='word_1_72' title='bbox 655 745 747 773; x_wconf 86' lang='lat' dir='ltr'>caussam</span> <span class='ocrx_word' id='word_1_73' title='bbox 757 728 856 782; x_wconf 87' lang='lat' dir='ltr'>admittat,</span> 
     </span>
     <span class='ocr_line' id='line_1_9' title="bbox 73 797 857 857; baseline -0.003 -16"><span class='ocrx_word' id='word_1_74' title='bbox 73 814 113 842; x_wconf 89' lang='lat' dir='ltr'>non</span> <span class='ocrx_word' id='word_1_75' title='bbox 127 801 151 842; x_wconf 93' lang='lat' dir='ltr'>ob</span> <span class='ocrx_word' id='word_1_76' title='bbox 165 801 223 843; x_wconf 89' lang='lat' dir='ltr'>nllanr</span> <span class='ocrx_word' id='word_1_77' title='bbox 237 800 403 852; x_wconf 82' lang='lat' dir='ltr'>imbecillitatem,</span> <span class='ocrx_word' id='word_1_78' title='bbox 427 802 462 843; x_wconf 90' lang='lat' dir='ltr'>sed</span> <span class='ocrx_word' id='word_1_79' title='bbox 479 801 529 857; x_wconf 90' lang='lat' dir='ltr'>quod</span> <span class='ocrx_word' id='word_1_80' title='bbox 546 800 571 842; x_wconf 94' lang='lat' dir='ltr'>iis</span> <span class='ocrx_word' id='word_1_81' title='bbox 587 800 677 842; x_wconf 89' lang='lat' dir='ltr'>omnibus</span> <span class='ocrx_word' id='word_1_82' title='bbox 694 814 743 855; x_wconf 90' lang='lat' dir='ltr'>quae</span> <span class='ocrx_word' id='word_1_83' title='bbox 756 814 783 841; x_wconf 85' lang='lat' dir='ltr'>ex</span> <span class='ocrx_word' id='word_1_84' title='bbox 796 797 857 840; x_wconf 90' lang='lat' dir='ltr'>nibilo</span> 
     </span>
     <span class='ocr_line' id='line_1_10' title="bbox 73 868 858 926; baseline -0.001 -16"><span class='ocrx_word' id='word_1_85' title='bbox 73 869 126 911; x_wconf 86' lang='lat' dir='ltr'>facta</span> <span class='ocrx_word' id='word_1_86' title='bbox 141 877 187 911; x_wconf 88' lang='lat' dir='ltr'>sunt</span> <span class='ocrx_word' id='word_1_87' title='bbox 201 871 314 913; x_wconf 89' lang='lat' dir='ltr'>antecellat.</span> <span class='ocrx_word' id='word_1_88' title='bbox 350 869 450 912; x_wconf 88' lang='lat' dir='ltr'>Nimirum</span> <span class='ocrx_word' id='word_1_89' title='bbox 466 885 507 912; x_wconf 90' lang='lat' dir='ltr'>una</span> <span class='ocrx_word' id='word_1_90' title='bbox 523 869 615 911; x_wconf 86' lang='lat' dir='ltr'>divinitas</span> <span class='ocrx_word' id='word_1_91' title='bbox 633 877 675 922; x_wconf 85' lang='lat' dir='ltr'>est,</span> <span class='ocrx_word' id='word_1_92' title='bbox 698 884 748 926; x_wconf 88' lang='lat' dir='ltr'>quae</span> <span class='ocrx_word' id='word_1_93' title='bbox 765 868 801 910; x_wconf 87' lang='lat' dir='ltr'>snb</span> <span class='ocrx_word' id='word_1_94' title='bbox 819 882 858 909; x_wconf 91' lang='lat' dir='ltr'>una</span> 
     </span>
     <span class='ocr_line' id='line_1_11' title="bbox 74 938 857 996; baseline -0.001 -16"><span class='ocrx_word' id='word_1_95' title='bbox 74 938 169 982; x_wconf 83' lang='lat' dir='ltr'>trinitatis</span> <span class='ocrx_word' id='word_1_96' title='bbox 179 940 310 996; x_wconf 87' lang='lat' dir='ltr'>appellatione</span> <span class='ocrx_word' id='word_1_97' title='bbox 323 946 450 991; x_wconf 87' lang='lat' dir='ltr'>numeratur,</span> <span class='ocrx_word' id='word_1_98' title='bbox 467 946 487 980; x_wconf 87' lang='lat' dir='ltr'>et</span> <span class='ocrx_word' id='word_1_99' title='bbox 498 939 518 980; x_wconf 94' lang='lat' dir='ltr'>in</span> <span class='ocrx_word' id='word_1_100' title='bbox 532 938 604 994; x_wconf 88' lang='lat' dir='ltr'>patris,</span> <span class='ocrx_word' id='word_1_101' title='bbox 621 938 655 980; x_wconf 90' lang='lat' dir='ltr'>lilii</span> <span class='ocrx_word' id='word_1_102' title='bbox 667 953 689 980; x_wconf 87' lang='lat' dir='ltr'>ao</span> <span class='ocrx_word' id='word_1_103' title='bbox 700 939 781 995; x_wconf 91' lang='lat' dir='ltr'>spiritus</span> <span class='ocrx_word' id='word_1_104' title='bbox 793 938 857 979; x_wconf 85' lang='lat' dir='ltr'>saneti</span> 
     </span>
     <span class='ocr_line' id='line_1_12' title="bbox 73 1006 857 1065; baseline -0.003 -15"><span class='ocrx_word' id='word_1_105' title='bbox 73 1008 198 1060; x_wconf 89' lang='lat' dir='ltr'>nominibus,</span> <span class='ocrx_word' id='word_1_106' title='bbox 220 1009 291 1065; x_wconf 92' lang='lat' dir='ltr'>quibus</span> <span class='ocrx_word' id='word_1_107' title='bbox 307 1009 362 1050; x_wconf 88' lang='lat' dir='ltr'>velut</span> <span class='ocrx_word' id='word_1_108' title='bbox 378 1008 474 1063; x_wconf 82' lang='lat' dir='ltr'>singulari</span> <span class='ocrx_word' id='word_1_109' title='bbox 490 1008 555 1063; x_wconf 90' lang='lat' dir='ltr'>aliquo</span> <span class='ocrx_word' id='word_1_110' title='bbox 571 1008 636 1063; x_wconf 86' lang='lat' dir='ltr'>sigillo</span> <span class='ocrx_word' id='word_1_111' title='bbox 651 1008 761 1059; x_wconf 85' lang='lat' dir='ltr'>firmamur,</span> <span class='ocrx_word' id='word_1_112' title='bbox 783 1006 808 1048; x_wconf 92' lang='lat' dir='ltr'>iis</span> <span class='ocrx_word' id='word_1_113' title='bbox 824 1007 857 1062; x_wconf 87' lang='lat' dir='ltr'>qui</span> 
     </span>
     <span class='ocr_line' id='line_1_13' title="bbox 72 1076 857 1135; baseline -0.004 -16"><span class='ocrx_word' id='word_1_114' title='bbox 72 1077 170 1134; x_wconf 90' lang='lat' dir='ltr'>baptismo</span> <span class='ocrx_word' id='word_1_115' title='bbox 184 1078 288 1120; x_wconf 90' lang='lat' dir='ltr'>initiantur</span> <span class='ocrx_word' id='word_1_116' title='bbox 299 1077 408 1135; x_wconf 90' lang='lat' dir='ltr'>praedicari</span> <span class='ocrx_word' id='word_1_117' title='bbox 421 1078 484 1129; x_wconf 89' lang='lat' dir='ltr'>solet,</span> <span class='ocrx_word' id='word_1_118' title='bbox 501 1091 524 1118; x_wconf 86' lang='lat' dir='ltr'>ac</span> <span class='ocrx_word' id='word_1_119' title='bbox 537 1076 621 1133; x_wconf 88' lang='lat' dir='ltr'>denique</span> <span class='ocrx_word' id='word_1_120' title='bbox 633 1076 681 1118; x_wconf 90' lang='lat' dir='ltr'>nibil</span> <span class='ocrx_word' id='word_1_121' title='bbox 692 1090 704 1118; x_wconf 90' lang='lat' dir='ltr'>a</span> <span class='ocrx_word' id='word_1_122' title='bbox 714 1076 780 1133; x_wconf 88' lang='lat' dir='ltr'>seipsa</span> <span class='ocrx_word' id='word_1_123' title='bbox 792 1076 857 1117; x_wconf 87' lang='lat' dir='ltr'>diver-</span> 
     </span>
     <span class='ocr_line' id='line_1_14' title="bbox 73 1144 858 1203; baseline -0.004 -14"><span class='ocrx_word' id='word_1_124' title='bbox 73 1161 117 1189; x_wconf 89' lang='lat' dir='ltr'>sum</span> <span class='ocrx_word' id='word_1_125' title='bbox 128 1147 228 1199; x_wconf 74' lang='lat' dir='ltr'>coornet,</span> <span class='ocrx_word' id='word_1_126' title='bbox 242 1162 285 1189; x_wconf 88' lang='lat' dir='ltr'>oum</span> <span class='ocrx_word' id='word_1_127' title='bbox 296 1162 307 1189; x_wconf 91' lang='lat' dir='ltr'>a</span> <span class='ocrx_word' id='word_1_128' title='bbox 317 1147 402 1189; x_wconf 90' lang='lat' dir='ltr'>veritate</span> <span class='ocrx_word' id='word_1_129' title='bbox 414 1148 515 1203; x_wconf 78' lang='lat' dir='ltr'>protectae</span> <span class='ocrx_word' id='word_1_130' title='bbox 526 1146 572 1188; x_wconf 91' lang='lat' dir='ltr'>illae</span> <span class='ocrx_word' id='word_1_131' title='bbox 583 1160 644 1188; x_wconf 87' lang='lat' dir='ltr'>voces</span> <span class='ocrx_word' id='word_1_132' title='bbox 656 1144 727 1202; x_wconf 92' lang='lat' dir='ltr'>patris,</span> <span class='ocrx_word' id='word_1_133' title='bbox 740 1145 774 1187; x_wconf 91' lang='lat' dir='ltr'>lilii</span> <span class='ocrx_word' id='word_1_134' title='bbox 787 1152 807 1187; x_wconf 91' lang='lat' dir='ltr'>et</span> <span class='ocrx_word' id='word_1_135' title='bbox 818 1144 858 1200; x_wconf 89' lang='lat' dir='ltr'>spi·</span> 
     </span>
     <span class='ocr_line' id='line_1_15' title="bbox 74 1213 858 1272; baseline -0.001 -15"><span class='ocrx_word' id='word_1_136' title='bbox 74 1216 123 1257; x_wconf 90' lang='lat' dir='ltr'>ritus</span> <span class='ocrx_word' id='word_1_137' title='bbox 134 1216 198 1258; x_wconf 89' lang='lat' dir='ltr'>sancti</span> <span class='ocrx_word' id='word_1_138' title='bbox 210 1215 253 1257; x_wconf 90' lang='lat' dir='ltr'>eius</span> <span class='ocrx_word' id='word_1_139' title='bbox 264 1217 314 1271; x_wconf 92' lang='lat' dir='ltr'>quod</span> <span class='ocrx_word' id='word_1_140' title='bbox 329 1215 441 1272; x_wconf 80' lang='lat' dir='ltr'>significant</span> <span class='ocrx_word' id='word_1_141' title='bbox 452 1215 592 1272; x_wconf 87' lang='lat' dir='ltr'>aequalitatem</span> <span class='ocrx_word' id='word_1_142' title='bbox 602 1215 705 1271; x_wconf 75' lang='lat' dir='ltr'>impleant</span> <span class='ocrx_word' id='word_1_143' title='bbox 737 1213 796 1270; x_wconf 78' lang='lat' dir='ltr'>Quod</span> <span class='ocrx_word' id='word_1_144' title='bbox 809 1227 858 1257; x_wconf 87' lang='lat' dir='ltr'>vero</span> 
     </span>
     <span class='ocr_line' id='line_1_16' title="bbox 73 1284 858 1341; baseline -0.003 -15"><span class='ocrx_word' id='word_1_145' title='bbox 73 1284 167 1337; x_wconf 90' lang='lat' dir='ltr'>subiicis‚</span> <span class='ocrx_word' id='word_1_146' title='bbox 185 1284 235 1340; x_wconf 79' lang='lat' dir='ltr'>Quis</span> <span class='ocrx_word' id='word_1_147' title='bbox 246 1286 359 1341; x_wconf 88' lang='lat' dir='ltr'>productam</span> <span class='ocrx_word' id='word_1_148' title='bbox 371 1292 461 1326; x_wconf 87' lang='lat' dir='ltr'>naturam</span> <span class='ocrx_word' id='word_1_149' title='bbox 474 1285 498 1326; x_wconf 90' lang='lat' dir='ltr'>ab</span> <span class='ocrx_word' id='word_1_150' title='bbox 512 1298 534 1325; x_wconf 92' lang='lat' dir='ltr'>ea</span> <span class='ocrx_word' id='word_1_151' title='bbox 546 1298 596 1339; x_wconf 90' lang='lat' dir='ltr'>quae</span> <span class='ocrx_word' id='word_1_152' title='bbox 608 1284 725 1340; x_wconf 80' lang='lat' dir='ltr'>produxerit</span> <span class='ocrx_word' id='word_1_153' title='bbox 735 1284 782 1325; x_wconf 91' lang='lat' dir='ltr'>nibil</span> <span class='ocrx_word' id='word_1_154' title='bbox 794 1284 814 1325; x_wconf 88' lang='lat' dir='ltr'>iu</span> <span class='ocrx_word' id='word_1_155' title='bbox 826 1297 858 1324; x_wconf 90' lang='lat' dir='ltr'>es-</span> 
     </span>
     <span class='ocr_line' id='line_1_17' title="bbox 72 1352 858 1408; baseline -0.001 -14"><span class='ocrx_word' id='word_1_156' title='bbox 72 1353 137 1395; x_wconf 85' lang='lat' dir='ltr'>sentia</span> <span class='ocrx_word' id='word_1_157' title='bbox 147 1353 266 1396; x_wconf 86' lang='lat' dir='ltr'>discriminis</span> <span class='ocrx_word' id='word_1_158' title='bbox 279 1354 353 1396; x_wconf 86' lang='lat' dir='ltr'>babere</span> <span class='ocrx_word' id='word_1_159' title='bbox 367 1353 471 1405; x_wconf 84' lang='lat' dir='ltr'>fatebitur,</span> <span class='ocrx_word' id='word_1_160' title='bbox 488 1367 532 1394; x_wconf 86' lang='lat' dir='ltr'>cum</span> <span class='ocrx_word' id='word_1_161' title='bbox 543 1352 640 1395; x_wconf 88' lang='lat' dir='ltr'>eiusmodi</span> <span class='ocrx_word' id='word_1_162' title='bbox 652 1353 763 1395; x_wconf 87' lang='lat' dir='ltr'>substantia</span> <span class='ocrx_word' id='word_1_163' title='bbox 774 1366 858 1408; x_wconf 84' lang='lat' dir='ltr'>genera-</span> 
     </span>
     <span class='ocr_line' id='line_1_18' title="bbox 73 1420 859 1472; baseline -0.003 -8"><span class='ocrx_word' id='word_1_164' title='bbox 73 1422 147 1464; x_wconf 88' lang='lat' dir='ltr'>tionem</span> <span class='ocrx_word' id='word_1_165' title='bbox 159 1437 237 1464; x_wconf 91' lang='lat' dir='ltr'>omnem</span> <span class='ocrx_word' id='word_1_166' title='bbox 251 1423 359 1464; x_wconf 77' lang='lat' dir='ltr'>excludat?</span> <span class='ocrx_word' id='word_1_167' title='bbox 379 1436 419 1463; x_wconf 92' lang='lat' dir='ltr'>uon</span> <span class='ocrx_word' id='word_1_168' title='bbox 430 1422 477 1463; x_wconf 90' lang='lat' dir='ltr'>illud</span> <span class='ocrx_word' id='word_1_169' title='bbox 491 1420 644 1472; x_wconf 79' lang='lat' dir='ltr'>animadvertis,</span> <span class='ocrx_word' id='word_1_170' title='bbox 666 1436 678 1463; x_wconf 93' lang='lat' dir='ltr'>a</span> <span class='ocrx_word' id='word_1_171' title='bbox 692 1422 771 1464; x_wconf 87' lang='lat' dir='ltr'>divinae</span> <span class='ocrx_word' id='word_1_172' title='bbox 784 1421 859 1462; x_wconf 89' lang='lat' dir='ltr'>verita-</span> 
     </span>
     <span class='ocr_line' id='line_1_19' title="bbox 73 1490 858 1547; baseline -0.001 -15"><span class='ocrx_word' id='word_1_173' title='bbox 73 1491 99 1533; x_wconf 92' lang='lat' dir='ltr'>tis</span> <span class='ocrx_word' id='word_1_174' title='bbox 116 1491 230 1547; x_wconf 80' lang='lat' dir='ltr'>cognitione</span> <span class='ocrx_word' id='word_1_175' title='bbox 245 1498 279 1534; x_wconf 89' lang='lat' dir='ltr'>tua</span> <span class='ocrx_word' id='word_1_176' title='bbox 295 1498 313 1532; x_wconf 91' lang='lat' dir='ltr'>te</span> <span class='ocrx_word' id='word_1_177' title='bbox 328 1490 384 1547; x_wconf 89' lang='lat' dir='ltr'>culpa</span> <span class='ocrx_word' id='word_1_178' title='bbox 401 1491 520 1542; x_wconf 88' lang='lat' dir='ltr'>abalienari,</span> <span class='ocrx_word' id='word_1_179' title='bbox 542 1497 563 1531; x_wconf 91' lang='lat' dir='ltr'>nt</span> <span class='ocrx_word' id='word_1_180' title='bbox 579 1491 611 1546; x_wconf 90' lang='lat' dir='ltr'>qui</span> <span class='ocrx_word' id='word_1_181' title='bbox 629 1505 667 1531; x_wconf 92' lang='lat' dir='ltr'>non</span> <span class='ocrx_word' id='word_1_182' title='bbox 680 1505 691 1531; x_wconf 95' lang='lat' dir='ltr'>a</span> <span class='ocrx_word' id='word_1_183' title='bbox 704 1491 774 1547; x_wconf 89' lang='lat' dir='ltr'>spiritu</span> <span class='ocrx_word' id='word_1_184' title='bbox 789 1497 858 1532; x_wconf 90' lang='lat' dir='ltr'>sancto</span> 
     </span>
     <span class='ocr_line' id='line_1_20' title="bbox 73 1559 962 1616; baseline 0.001 -15"><span class='ocrx_word' id='word_1_185' title='bbox 73 1560 178 1601; x_wconf 87' lang='lat' dir='ltr'>veritatem</span> <span class='ocrx_word' id='word_1_186' title='bbox 190 1560 218 1601; x_wconf 91' lang='lat' dir='ltr'>sis</span> <span class='ocrx_word' id='word_1_187' title='bbox 229 1560 324 1611; x_wconf 83' lang='lat' dir='ltr'>edoctus,</span> <span class='ocrx_word' id='word_1_188' title='bbox 345 1560 381 1601; x_wconf 89' lang='lat' dir='ltr'>sed</span> <span class='ocrx_word' id='word_1_189' title='bbox 393 1560 459 1601; x_wconf 91' lang='lat' dir='ltr'>mundi</span> <span class='ocrx_word' id='word_1_190' title='bbox 471 1559 528 1601; x_wconf 89' lang='lat' dir='ltr'>buius</span> <span class='ocrx_word' id='word_1_191' title='bbox 541 1560 651 1616; x_wconf 87' lang='lat' dir='ltr'>sapientia,</span> <span class='ocrx_word' id='word_1_192' title='bbox 674 1574 724 1614; x_wconf 88' lang='lat' dir='ltr'>qnae</span> <span class='ocrx_word' id='word_1_193' title='bbox 732 1561 790 1614; x_wconf 79' lang='lat' dir='ltr'>satae</span> <span class='ocrx_word' id='word_1_194' title='bbox 801 1561 855 1599; x_wconf 79' lang='lat' dir='ltr'>stoli·</span> <span class='ocrx_word' id='word_1_195' title='bbox 866 1571 962 1610; x_wconf 59' lang='lat' dir='ltr'>eccetan</span> 
     </span>
     <span class='ocr_line' id='line_1_21' title="bbox 73 1626 856 1685; baseline 0.003 -17"><span class='ocrx_word' id='word_1_196' title='bbox 73 1631 134 1682; x_wconf 83' lang='lat' dir='ltr'>daque</span> <span class='ocrx_word' id='word_1_197' title='bbox 153 1631 229 1669; x_wconf 77' lang='lat' dir='ltr'>reddita</span> <span class='ocrx_word' id='word_1_198' title='bbox 248 1637 289 1678; x_wconf 83' lang='lat' dir='ltr'>est,</span> <span class='ocrx_word' id='word_1_199' title='bbox 314 1626 411 1669; x_wconf 84' lang='lat' dir='ltr'>subnixus</span> <span class='ocrx_word' id='word_1_200' title='bbox 431 1629 455 1669; x_wconf 93' lang='lat' dir='ltr'>ad</span> <span class='ocrx_word' id='word_1_201' title='bbox 478 1627 574 1669; x_wconf 90' lang='lat' dir='ltr'>coelestia</span> <span class='ocrx_word' id='word_1_202' title='bbox 595 1635 613 1670; x_wconf 90' lang='lat' dir='ltr'>te</span> <span class='ocrx_word' id='word_1_203' title='bbox 637 1627 749 1685; x_wconf 86' lang='lat' dir='ltr'>provehere</span> <span class='ocrx_word' id='word_1_204' title='bbox 769 1628 856 1670; x_wconf 87' lang='lat' dir='ltr'>conaris.</span> 
     </span>
     <span class='ocr_line' id='line_1_22' title="bbox 74 1695 936 1752; baseline 0.001 -14"><span class='ocrx_word' id='word_1_205' title='bbox 74 1695 141 1752; x_wconf 78' lang='lat' dir='ltr'>Quare</span> <span class='ocrx_word' id='word_1_206' title='bbox 153 1710 278 1752; x_wconf 88' lang='lat' dir='ltr'>consequens</span> <span class='ocrx_word' id='word_1_207' title='bbox 290 1704 321 1738; x_wconf 90' lang='lat' dir='ltr'>est</span> <span class='ocrx_word' id='word_1_208' title='bbox 333 1703 354 1738; x_wconf 91' lang='lat' dir='ltr'>ut</span> <span class='ocrx_word' id='word_1_209' title='bbox 365 1703 386 1737; x_wconf 90' lang='lat' dir='ltr'>et</span> <span class='ocrx_word' id='word_1_210' title='bbox 397 1696 444 1738; x_wconf 93' lang='lat' dir='ltr'>illud</span> <span class='ocrx_word' id='word_1_211' title='bbox 456 1696 533 1748; x_wconf 88' lang='lat' dir='ltr'>audias,</span> <span class='ocrx_word' id='word_1_212' title='bbox 550 1698 652 1739; x_wconf 84' lang='lat' dir='ltr'>frustrate</span> <span class='ocrx_word' id='word_1_213' title='bbox 665 1711 723 1739; x_wconf 86' lang='lat' dir='ltr'>esse:</span> <span class='ocrx_word' id='word_1_214' title='bbox 740 1700 800 1738; x_wconf 81' lang='lat' dir='ltr'>Novit</span> <span class='ocrx_word' id='word_1_215' title='bbox 810 1700 859 1738; x_wconf 73' lang='lat' dir='ltr'>enam</span> <span class='ocrx_word' id='word_1_216' title='bbox 879 1711 936 1739; x_wconf 73' lang='lat' dir='ltr'>esaim.</span> 
     </span>
     <span class='ocr_line' id='line_1_23' title="bbox 72 1746 938 1822; baseline 0 -15"><span class='ocrx_word' id='word_1_217' title='bbox 72 1769 119 1807; x_wconf 84' lang='lat' dir='ltr'>deus</span> <span class='ocrx_word' id='word_1_218' title='bbox 128 1769 233 1820; x_wconf 73' lang='lat' dir='ltr'>sapientum</span> <span class='ocrx_word' id='word_1_219' title='bbox 243 1769 380 1818; x_wconf 80' lang='lat' dir='ltr'>eogitcttbnes,</span> <span class='ocrx_word' id='word_1_220' title='bbox 397 1769 485 1819; x_wconf 72' lang='lat' dir='ltr'>pilonium</span> <span class='ocrx_word' id='word_1_221' title='bbox 496 1780 556 1806; x_wconf 79' lang='lat' dir='ltr'>cartae</span> <span class='ocrx_word' id='word_1_222' title='bbox 567 1774 619 1807; x_wconf 86' lang='lat' dir='ltr'>sunt.</span> <span class='ocrx_word' id='word_1_223' title='bbox 652 1765 753 1821; x_wconf 76' lang='lat' dir='ltr'>Quocirca</span> <span class='ocrx_word' id='word_1_224' title='bbox 765 1765 798 1822; x_wconf 88' lang='lat' dir='ltr'>qui</span> <span class='ocrx_word' id='word_1_225' title='bbox 812 1766 858 1807; x_wconf 91' lang='lat' dir='ltr'>snb·</span> <span class='ocrx_word' id='word_1_226' title='bbox 882 1746 906 1783; x_wconf 40' lang='grc' dir='ltr'><strong>ἢ</strong></span> <span class='ocrx_word' id='word_1_227' title='bbox 915 1746 938 1774; x_wconf 69' lang='lat' dir='ltr'>n‘</span> 
     </span>
     <span class='ocr_line' id='line_1_24' title="bbox 44 1834 859 1891; baseline -0.001 -15"><span class='ocrx_word' id='word_1_228' title='bbox 44 1862 46 1865; x_wconf 83' lang='lat'><em>.</em></span> <span class='ocrx_word' id='word_1_229' title='bbox 73 1835 147 1877; x_wconf 90' lang='lat' dir='ltr'>sistens</span> <span class='ocrx_word' id='word_1_230' title='bbox 160 1834 241 1877; x_wconf 90' lang='lat' dir='ltr'>verbum</span> <span class='ocrx_word' id='word_1_231' title='bbox 253 1834 334 1890; x_wconf 83' lang='lat' dir='ltr'>gennit,</span> <span class='ocrx_word' id='word_1_232' title='bbox 357 1834 409 1876; x_wconf 91' lang='lat' dir='ltr'>idem</span> <span class='ocrx_word' id='word_1_233' title='bbox 419 1835 501 1891; x_wconf 89' lang='lat' dir='ltr'>aequale</span> <span class='ocrx_word' id='word_1_234' title='bbox 516 1835 553 1876; x_wconf 93' lang='lat' dir='ltr'>sibi</span> <span class='ocrx_word' id='word_1_235' title='bbox 564 1835 643 1891; x_wconf 78' lang='lat' dir='ltr'>genuit,</span> <span class='ocrx_word' id='word_1_236' title='bbox 667 1835 859 1877; x_wconf 87' lang='lat' dir='ltr'>necasnadirini-</span> 
     </span>
     <span class='ocr_line' id='line_1_25' title="bbox 74 1903 859 1959; baseline -0.001 -14"><span class='ocrx_word' id='word_1_237' title='bbox 74 1911 115 1945; x_wconf 92' lang='lat' dir='ltr'>tate</span> <span class='ocrx_word' id='word_1_238' title='bbox 128 1904 239 1956; x_wconf 71' lang='lat' dir='ltr'>diversum,</span> <span class='ocrx_word' id='word_1_239' title='bbox 261 1918 298 1945; x_wconf 91' lang='lat' dir='ltr'>nec</span> <span class='ocrx_word' id='word_1_240' title='bbox 310 1904 349 1945; x_wconf 89' lang='lat' dir='ltr'>ulla</span> <span class='ocrx_word' id='word_1_241' title='bbox 362 1903 426 1945; x_wconf 89' lang='lat' dir='ltr'>estin</span> <span class='ocrx_word' id='word_1_242' title='bbox 439 1903 506 1959; x_wconf 83' lang='lat' dir='ltr'>genita</span> <span class='ocrx_word' id='word_1_243' title='bbox 521 1903 590 1946; x_wconf 89' lang='lat' dir='ltr'>sobole</span> <span class='ocrx_word' id='word_1_244' title='bbox 601 1903 701 1956; x_wconf 84' lang='lat' dir='ltr'>varietas,</span> <span class='ocrx_word' id='word_1_245' title='bbox 724 1918 767 1946; x_wconf 91' lang='lat' dir='ltr'>cnm</span> <span class='ocrx_word' id='word_1_246' title='bbox 779 1903 859 1945; x_wconf 89' lang='lat' dir='ltr'>minime</span> 
     </span>
     <span class='ocr_line' id='line_1_26' title="bbox 74 1971 860 2030; baseline 0 -16"><span class='ocrx_word' id='word_1_247' title='bbox 74 1986 124 2014; x_wconf 89' lang='lat' dir='ltr'>sane</span> <span class='ocrx_word' id='word_1_248' title='bbox 139 1974 208 2014; x_wconf 88' lang='lat' dir='ltr'>deccat</span> <span class='ocrx_word' id='word_1_249' title='bbox 222 1971 308 2014; x_wconf 91' lang='lat' dir='ltr'>utillum</span> <span class='ocrx_word' id='word_1_250' title='bbox 324 1978 414 2027; x_wconf 87' lang='lat' dir='ltr'>putemus</span> <span class='ocrx_word' id='word_1_251' title='bbox 429 1973 531 2027; x_wconf 82' lang='lat' dir='ltr'>indignum</span> <span class='ocrx_word' id='word_1_252' title='bbox 546 1973 624 2030; x_wconf 89' lang='lat' dir='ltr'>seipso,</span> <span class='ocrx_word' id='word_1_253' title='bbox 646 1979 666 2014; x_wconf 92' lang='lat' dir='ltr'>et</span> <span class='ocrx_word' id='word_1_254' title='bbox 681 1972 817 2029; x_wconf 88' lang='lat' dir='ltr'>inaequalem,</span> <span class='ocrx_word' id='word_1_255' title='bbox 840 1980 860 2014; x_wconf 92' lang='lat' dir='ltr'>et</span> 
     </span>
     <span class='ocr_line' id='line_1_27' title="bbox 73 2040 856 2096; baseline 0.001 -14"><span class='ocrx_word' id='word_1_256' title='bbox 73 2042 126 2083; x_wconf 82' lang='lat' dir='ltr'>intra</span> <span class='ocrx_word' id='word_1_257' title='bbox 137 2041 269 2083; x_wconf 86' lang='lat' dir='ltr'>conditionem</span> <span class='ocrx_word' id='word_1_258' title='bbox 281 2040 378 2094; x_wconf 85' lang='lat' dir='ltr'>genitoris</span> <span class='ocrx_word' id='word_1_259' title='bbox 394 2041 520 2082; x_wconf 88' lang='lat' dir='ltr'>amandatum</span> <span class='ocrx_word' id='word_1_260' title='bbox 533 2054 590 2082; x_wconf 89' lang='lat' dir='ltr'>suum</span> <span class='ocrx_word' id='word_1_261' title='bbox 607 2042 660 2082; x_wconf 91' lang='lat' dir='ltr'>illum</span> <span class='ocrx_word' id='word_1_262' title='bbox 677 2043 771 2096; x_wconf 86' lang='lat' dir='ltr'>genuisse</span> <span class='ocrx_word' id='word_1_263' title='bbox 788 2042 856 2083; x_wconf 89' lang='lat' dir='ltr'>lilium.</span> 
     </span>
     <span class='ocr_line' id='line_1_28' title="bbox 75 2107 859 2165; baseline -0.001 -14"><span class='ocrx_word' id='word_1_264' title='bbox 75 2107 139 2164; x_wconf 78' lang='lat' dir='ltr'>Quam</span> <span class='ocrx_word' id='word_1_265' title='bbox 151 2109 209 2151; x_wconf 91' lang='lat' dir='ltr'>etiam</span> <span class='ocrx_word' id='word_1_266' title='bbox 221 2109 246 2150; x_wconf 92' lang='lat' dir='ltr'>ob</span> <span class='ocrx_word' id='word_1_267' title='bbox 258 2123 347 2151; x_wconf 88' lang='lat' dir='ltr'>caussam</span> <span class='ocrx_word' id='word_1_268' title='bbox 357 2123 393 2165; x_wconf 88' lang='lat' dir='ltr'>per</span> <span class='ocrx_word' id='word_1_269' title='bbox 405 2109 465 2150; x_wconf 90' lang='lat' dir='ltr'>lilium</span> <span class='ocrx_word' id='word_1_270' title='bbox 478 2123 501 2150; x_wconf 91' lang='lat' dir='ltr'>ac</span> <span class='ocrx_word' id='word_1_271' title='bbox 513 2108 625 2151; x_wconf 86' lang='lat' dir='ltr'>subsistens</span> <span class='ocrx_word' id='word_1_272' title='bbox 635 2109 729 2162; x_wconf 89' lang='lat' dir='ltr'>verbum,</span> <span class='ocrx_word' id='word_1_273' title='bbox 746 2113 808 2151; x_wconf 76' lang='lat' dir='ltr'>onznia</span> <span class='ocrx_word' id='word_1_274' title='bbox 818 2125 859 2151; x_wconf 82' lang='lat' dir='ltr'>esse</span> 
     </span>
     <span class='ocr_line' id='line_1_29' title="bbox 68 2178 858 2234; baseline 0.004 -16"><span class='ocrx_word' id='word_1_275' title='bbox 68 2180 127 2234; x_wconf 82' lang='lat' dir='ltr'>sacto</span> <span class='ocrx_word' id='word_1_276' title='bbox 138 2185 222 2220; x_wconf 89' lang='lat' dir='ltr'>testatus</span> <span class='ocrx_word' id='word_1_277' title='bbox 232 2184 275 2228; x_wconf 91' lang='lat' dir='ltr'>est,</span> <span class='ocrx_word' id='word_1_278' title='bbox 298 2185 318 2220; x_wconf 94' lang='lat' dir='ltr'>nt</span> <span class='ocrx_word' id='word_1_279' title='bbox 330 2178 435 2234; x_wconf 87' lang='lat' dir='ltr'>ipsummet</span> <span class='ocrx_word' id='word_1_280' title='bbox 447 2178 471 2219; x_wconf 91' lang='lat' dir='ltr'>ab</span> <span class='ocrx_word' id='word_1_281' title='bbox 486 2179 580 2220; x_wconf 81' lang='lat' dir='ltr'>factarum</span> <span class='ocrx_word' id='word_1_282' title='bbox 592 2192 658 2219; x_wconf 89' lang='lat' dir='ltr'>rerum</span> <span class='ocrx_word' id='word_1_283' title='bbox 669 2192 752 2220; x_wconf 88' lang='lat' dir='ltr'>numero</span> <span class='ocrx_word' id='word_1_284' title='bbox 763 2193 858 2221; x_wconf 88' lang='lat' dir='ltr'>secerne-</span> 
     </span>
     <span class='ocr_line' id='line_1_30' title="bbox 74 2246 857 2304; baseline 0.001 -16"><span class='ocrx_word' id='word_1_285' title='bbox 74 2254 118 2298; x_wconf 88' lang='lat' dir='ltr'>ret,</span> <span class='ocrx_word' id='word_1_286' title='bbox 134 2248 255 2302; x_wconf 84' lang='lat' dir='ltr'>doceretque</span> <span class='ocrx_word' id='word_1_287' title='bbox 266 2246 286 2287; x_wconf 94' lang='lat' dir='ltr'>in</span> <span class='ocrx_word' id='word_1_288' title='bbox 299 2254 355 2302; x_wconf 91' lang='lat' dir='ltr'>patre</span> <span class='ocrx_word' id='word_1_289' title='bbox 367 2246 451 2288; x_wconf 91' lang='lat' dir='ltr'>similem</span> <span class='ocrx_word' id='word_1_290' title='bbox 465 2253 523 2302; x_wconf 89' lang='lat' dir='ltr'>atque</span> <span class='ocrx_word' id='word_1_291' title='bbox 536 2247 638 2302; x_wconf 88' lang='lat' dir='ltr'>aequalem</span> <span class='ocrx_word' id='word_1_292' title='bbox 651 2260 708 2300; x_wconf 91' lang='lat' dir='ltr'>esse,</span> <span class='ocrx_word' id='word_1_293' title='bbox 731 2248 782 2303; x_wconf 87' lang='lat' dir='ltr'>qnod</span> <span class='ocrx_word' id='word_1_294' title='bbox 793 2248 857 2304; x_wconf 90' lang='lat' dir='ltr'>ipsum</span> 
     </span>
     <span class='ocr_line' id='line_1_31' title="bbox 75 2314 858 2372; baseline 0.003 -15"><span class='ocrx_word' id='word_1_295' title='bbox 75 2315 137 2372; x_wconf 88' lang='lat' dir='ltr'>patris</span> <span class='ocrx_word' id='word_1_296' title='bbox 149 2314 274 2372; x_wconf 85' lang='lat' dir='ltr'>appellationi</span> <span class='ocrx_word' id='word_1_297' title='bbox 287 2322 442 2357; x_wconf 81' lang='lat' dir='ltr'>ccrrsentanernn</span> <span class='ocrx_word' id='word_1_298' title='bbox 454 2323 496 2366; x_wconf 89' lang='lat' dir='ltr'>est,</span> <span class='ocrx_word' id='word_1_299' title='bbox 513 2329 603 2372; x_wconf 87' lang='lat' dir='ltr'>semper,</span> <span class='ocrx_word' id='word_1_300' title='bbox 624 2316 716 2371; x_wconf 83' lang='lat' dir='ltr'>inquam,</span> <span class='ocrx_word' id='word_1_301' title='bbox 737 2316 858 2359; x_wconf 84' lang='lat' dir='ltr'>existentem</span> 
     </span>
     <span class='ocr_line' id='line_1_32' title="bbox 74 2383 859 2442; baseline 0.003 -16"><span class='ocrx_word' id='word_1_302' title='bbox 74 2384 95 2426; x_wconf 92' lang='lat' dir='ltr'>in</span> <span class='ocrx_word' id='word_1_303' title='bbox 107 2383 217 2426; x_wconf 88' lang='lat' dir='ltr'>substantia</span> <span class='ocrx_word' id='word_1_304' title='bbox 228 2397 273 2436; x_wconf 89' lang='lat' dir='ltr'>sna,</span> <span class='ocrx_word' id='word_1_305' title='bbox 290 2398 329 2425; x_wconf 93' lang='lat' dir='ltr'>non</span> <span class='ocrx_word' id='word_1_306' title='bbox 342 2383 480 2441; x_wconf 81' lang='lat' dir='ltr'>peregrinum,</span> <span class='ocrx_word' id='word_1_307' title='bbox 497 2384 532 2425; x_wconf 92' lang='lat' dir='ltr'>sed</span> <span class='ocrx_word' id='word_1_308' title='bbox 544 2398 672 2439; x_wconf 81' lang='lat' dir='ltr'>germanum,</span> <span class='ocrx_word' id='word_1_309' title='bbox 693 2392 760 2442; x_wconf 90' lang='lat' dir='ltr'>utpote</span> <span class='ocrx_word' id='word_1_310' title='bbox 773 2385 859 2428; x_wconf 92' lang='lat' dir='ltr'>consub-</span> 
     </span>
     <span class='ocr_line' id='line_1_33' title="bbox 74 2451 518 2509; baseline -0.002 -15"><span class='ocrx_word' id='word_1_311' title='bbox 74 2451 185 2494; x_wconf 90' lang='lat' dir='ltr'>stantialem</span> <span class='ocrx_word' id='word_1_312' title='bbox 202 2451 273 2504; x_wconf 90' lang='lat' dir='ltr'>lilium,</span> <span class='ocrx_word' id='word_1_313' title='bbox 290 2460 311 2494; x_wconf 92' lang='lat' dir='ltr'>et</span> <span class='ocrx_word' id='word_1_314' title='bbox 325 2467 336 2494; x_wconf 93' lang='lat' dir='ltr'>a</span> <span class='ocrx_word' id='word_1_315' title='bbox 351 2460 407 2509; x_wconf 92' lang='lat' dir='ltr'>patre</span> <span class='ocrx_word' id='word_1_316' title='bbox 422 2453 518 2508; x_wconf 87' lang='lat' dir='ltr'>genitum.</span> 
     </span>
    </p>

    <p class='ocr_par' dir='ltr' id='par_1_3' title="bbox 69 2517 858 2852">
     <span class='ocr_line' id='line_1_34' title="bbox 134 2517 858 2579; baseline 0.001 -15"><span class='ocrx_word' id='word_1_317' title='bbox 134 2520 188 2564; x_wconf 79' lang='lat' dir='ltr'>Aelii</span> <span class='ocrx_word' id='word_1_318' title='bbox 200 2517 265 2576; x_wconf 87' lang='lat' dir='ltr'>Caput</span> <span class='ocrx_word' id='word_1_319' title='bbox 279 2519 316 2562; x_wconf 90' lang='lat' dir='ltr'>lV.</span> <span class='ocrx_word' id='word_1_320' title='bbox 333 2519 356 2564; x_wconf 92' lang='lat' dir='ltr'>Si</span> <span class='ocrx_word' id='word_1_321' title='bbox 367 2529 470 2578; x_wconf 88' lang='lat' dir='ltr'>perpetuo,</span> <span class='ocrx_word' id='word_1_322' title='bbox 487 2536 510 2562; x_wconf 89' lang='lat' dir='ltr'>ao</span> <span class='ocrx_word' id='word_1_323' title='bbox 523 2520 566 2562; x_wconf 87' lang='lat' dir='ltr'>sine</span> <span class='ocrx_word' id='word_1_324' title='bbox 578 2521 618 2563; x_wconf 92' lang='lat' dir='ltr'>nllo</span> <span class='ocrx_word' id='word_1_325' title='bbox 631 2522 668 2563; x_wconf 87' lang='lat' dir='ltr'>fine</span> <span class='ocrx_word' id='word_1_326' title='bbox 678 2522 727 2565; x_wconf 91' lang='lat' dir='ltr'>dens</span> <span class='ocrx_word' id='word_1_327' title='bbox 737 2522 757 2564; x_wconf 95' lang='lat' dir='ltr'>in</span> <span class='ocrx_word' id='word_1_328' title='bbox 770 2522 858 2579; x_wconf 82' lang='lat' dir='ltr'>ingenita</span> 
     </span>
     <span class='ocr_line' id='line_1_35' title="bbox 75 2589 858 2648; baseline 0.003 -16"><span class='ocrx_word' id='word_1_329' title='bbox 75 2597 146 2632; x_wconf 87' lang='lat' dir='ltr'>natura</span> <span class='ocrx_word' id='word_1_330' title='bbox 157 2589 254 2646; x_wconf 88' lang='lat' dir='ltr'>persistit,</span> <span class='ocrx_word' id='word_1_331' title='bbox 271 2603 294 2631; x_wconf 88' lang='lat' dir='ltr'>ac</span> <span class='ocrx_word' id='word_1_332' title='bbox 304 2590 321 2631; x_wconf 88' lang='lat' dir='ltr'>si</span> <span class='ocrx_word' id='word_1_333' title='bbox 331 2592 398 2645; x_wconf 82' lang='lat' dir='ltr'>genita</span> <span class='ocrx_word' id='word_1_334' title='bbox 411 2591 491 2633; x_wconf 91' lang='lat' dir='ltr'>soboles</span> <span class='ocrx_word' id='word_1_335' title='bbox 503 2591 546 2632; x_wconf 90' lang='lat' dir='ltr'>sine</span> <span class='ocrx_word' id='word_1_336' title='bbox 558 2590 598 2632; x_wconf 94' lang='lat' dir='ltr'>ullo</span> <span class='ocrx_word' id='word_1_337' title='bbox 608 2590 648 2632; x_wconf 82' lang='lat' dir='ltr'>line</span> <span class='ocrx_word' id='word_1_338' title='bbox 660 2590 726 2646; x_wconf 83' lang='lat' dir='ltr'>genita</span> <span class='ocrx_word' id='word_1_339' title='bbox 737 2600 779 2644; x_wconf 89' lang='lat' dir='ltr'>est,</span> <span class='ocrx_word' id='word_1_340' title='bbox 797 2607 858 2648; x_wconf 89' lang='lat' dir='ltr'>prava</span> 
     </span>
     <span class='ocr_line' id='line_1_36' title="bbox 69 2656 858 2715; baseline 0.003 -15"><span class='ocrx_word' id='word_1_341' title='bbox 69 2658 110 2700; x_wconf 74' lang='lat' dir='ltr'>‘illa</span> <span class='ocrx_word' id='word_1_342' title='bbox 125 2660 149 2700; x_wconf 92' lang='lat' dir='ltr'>de</span> <span class='ocrx_word' id='word_1_343' title='bbox 163 2656 280 2700; x_wconf 88' lang='lat' dir='ltr'>homoousio</span> <span class='ocrx_word' id='word_1_344' title='bbox 298 2665 318 2700; x_wconf 88' lang='lat' dir='ltr'>ct</span> <span class='ocrx_word' id='word_1_345' title='bbox 335 2658 463 2701; x_wconf 88' lang='lat' dir='ltr'>bomoeousio</span> <span class='ocrx_word' id='word_1_346' title='bbox 474 2658 573 2701; x_wconf 87' lang='lat' dir='ltr'>sententia</span> <span class='ocrx_word' id='word_1_347' title='bbox 587 2659 735 2715; x_wconf 77' lang='lat' dir='ltr'>profligabitur3</span> <span class='ocrx_word' id='word_1_348' title='bbox 756 2675 800 2702; x_wconf 90' lang='lat' dir='ltr'>cum</span> <span class='ocrx_word' id='word_1_349' title='bbox 810 2661 858 2703; x_wconf 91' lang='lat' dir='ltr'>illud</span> 
     </span>
     <span class='ocr_line' id='line_1_37' title="bbox 75 2726 857 2785; baseline 0.004 -17"><span class='ocrx_word' id='word_1_350' title='bbox 75 2726 154 2768; x_wconf 90' lang='lat' dir='ltr'>interim</span> <span class='ocrx_word' id='word_1_351' title='bbox 171 2727 191 2768; x_wconf 93' lang='lat' dir='ltr'>in</span> <span class='ocrx_word' id='word_1_352' title='bbox 203 2726 305 2782; x_wconf 88' lang='lat' dir='ltr'>utriusque</span> <span class='ocrx_word' id='word_1_353' title='bbox 323 2734 405 2768; x_wconf 90' lang='lat' dir='ltr'>naturae</span> <span class='ocrx_word' id='word_1_354' title='bbox 421 2728 516 2783; x_wconf 85' lang='lat' dir='ltr'>dignitate</span> <span class='ocrx_word' id='word_1_355' title='bbox 533 2735 636 2769; x_wconf 88' lang='lat' dir='ltr'>remaneat</span> <span class='ocrx_word' id='word_1_356' title='bbox 651 2735 684 2780; x_wconf 89' lang='lat' dir='ltr'>ut,</span> <span class='ocrx_word' id='word_1_357' title='bbox 706 2729 758 2785; x_wconf 91' lang='lat' dir='ltr'>quod</span> <span class='ocrx_word' id='word_1_358' title='bbox 775 2731 799 2771; x_wconf 89' lang='lat' dir='ltr'>ad</span> <span class='ocrx_word' id='word_1_359' title='bbox 810 2729 857 2771; x_wconf 83' lang='lat' dir='ltr'>sub-</span> 
     </span>
     <span class='ocr_line' id='line_1_38' title="bbox 75 2795 615 2852; baseline 0 -14"><span class='ocrx_word' id='word_1_360' title='bbox 75 2795 168 2838; x_wconf 89' lang='lat' dir='ltr'>stantiam</span> <span class='ocrx_word' id='word_1_361' title='bbox 180 2795 262 2846; x_wconf 92' lang='lat' dir='ltr'>attinet,</span> <span class='ocrx_word' id='word_1_362' title='bbox 279 2795 456 2851; x_wconf 69' lang='lat' dir='ltr'>comparari‘inter</span> <span class='ocrx_word' id='word_1_363' title='bbox 471 2810 493 2837; x_wconf 92' lang='lat' dir='ltr'>se</span> <span class='ocrx_word' id='word_1_364' title='bbox 509 2804 615 2852; x_wconf 88' lang='lat' dir='ltr'>nequeant.</span> 
     </span>
    </p>

    <p class='ocr_par' dir='ltr' id='par_1_4' title="bbox 76 2863 856 2991">
     <span class='ocr_line' id='line_1_39' title="bbox 135 2863 856 2920; baseline 0.003 -14"><span class='ocrx_word' id='word_1_365' title='bbox 135 2863 218 2907; x_wconf 86' lang='lat' dir='ltr'>Conlut.</span> <span class='ocrx_word' id='word_1_366' title='bbox 232 2863 270 2906; x_wconf 90' lang='lat' dir='ltr'>lV.</span> <span class='ocrx_word' id='word_1_367' title='bbox 302 2863 324 2906; x_wconf 87' lang='lat' dir='ltr'>si</span> <span class='ocrx_word' id='word_1_368' title='bbox 338 2870 444 2920; x_wconf 87' lang='lat' dir='ltr'>perpetuo,</span> <span class='ocrx_word' id='word_1_369' title='bbox 466 2864 646 2907; x_wconf 83' lang='lat' dir='ltr'>acsinculloline</span> <span class='ocrx_word' id='word_1_370' title='bbox 661 2866 720 2919; x_wconf 90' lang='lat' dir='ltr'>deus,</span> <span class='ocrx_word' id='word_1_371' title='bbox 741 2873 763 2907; x_wconf 89' lang='lat' dir='ltr'>nt</span> <span class='ocrx_word' id='word_1_372' title='bbox 773 2866 856 2920; x_wconf 87' lang='lat' dir='ltr'>asseris,</span> 
     </span>
     <span class='ocr_line' id='line_1_40' title="bbox 76 2932 855 2991; baseline 0.004 -17"><span class='ocrx_word' id='word_1_373' title='bbox 76 2933 97 2975; x_wconf 94' lang='lat' dir='ltr'>in</span> <span class='ocrx_word' id='word_1_374' title='bbox 107 2932 194 2989; x_wconf 86' lang='lat' dir='ltr'>ingenita</span> <span class='ocrx_word' id='word_1_375' title='bbox 209 2940 279 2975; x_wconf 91' lang='lat' dir='ltr'>natura</span> <span class='ocrx_word' id='word_1_376' title='bbox 296 2939 408 2990; x_wconf 89' lang='lat' dir='ltr'>permanet,</span> <span class='ocrx_word' id='word_1_377' title='bbox 430 2940 499 2989; x_wconf 88' lang='lat' dir='ltr'>estque</span> <span class='ocrx_word' id='word_1_378' title='bbox 514 2934 635 2990; x_wconf 86' lang='lat' dir='ltr'>sempiterna</span> <span class='ocrx_word' id='word_1_379' title='bbox 653 2934 684 2976; x_wconf 91' lang='lat' dir='ltr'>dei</span> <span class='ocrx_word' id='word_1_380' title='bbox 699 2944 782 2987; x_wconf 90' lang='lat' dir='ltr'>natura,</span> <span class='ocrx_word' id='word_1_381' title='bbox 804 2950 855 2991; x_wconf 90' lang='lat' dir='ltr'>quae</span> 
     </span>
    </p>
   </div>
   <div class='ocr_carea' id='block_1_3' title="bbox 76 3045 859 3139">
    <p class='ocr_par' dir='ltr' id='par_1_5' title="bbox 76 3045 859 3139">
     <span class='ocr_line' id='line_1_41' title="bbox 100 3045 755 3093; baseline 0.005 -12"><span class='ocrx_word' id='word_1_382' title='bbox 100 3046 115 3081; x_wconf 87' lang='lat'>1.</span> <span class='ocrx_word' id='word_1_383' title='bbox 127 3048 189 3089; x_wconf 73' lang='lat' dir='ltr'>nepote</span> <span class='ocrx_word' id='word_1_384' title='bbox 198 3045 305 3091; x_wconf 76' lang='lat' dir='ltr'>dpotouoloo,</span> <span class='ocrx_word' id='word_1_385' title='bbox 316 3049 334 3081; x_wconf 79' lang='lat' dir='ltr'>ic</span> <span class='ocrx_word' id='word_1_386' title='bbox 343 3048 385 3090; x_wconf 81' lang='lat' dir='ltr'>quod</span> <span class='ocrx_word' id='word_1_387' title='bbox 395 3051 455 3081; x_wconf 83' lang='lat' dir='ltr'>senten·</span> <span class='ocrx_word' id='word_1_388' title='bbox 500 3048 517 3082; x_wconf 73' lang='lat'>2.</span> <span class='ocrx_word' id='word_1_389' title='bbox 530 3049 584 3089; x_wconf 82' lang='lat' dir='ltr'>Supra</span> <span class='ocrx_word' id='word_1_390' title='bbox 595 3047 755 3093; x_wconf 63' lang='lat' dir='ltr'>napupbupn&#39;csrau</span> 
     </span>
     <span class='ocr_line' id='line_1_42' title="bbox 76 3090 859 3139; baseline 0.006 -12"><span class='ocrx_word' id='word_1_391' title='bbox 76 3095 99 3127; x_wconf 84' lang='lat' dir='ltr'>tiu</span> <span class='ocrx_word' id='word_1_392' title='bbox 111 3094 184 3136; x_wconf 68' lang='lat' dir='ltr'>depilet,</span> <span class='ocrx_word' id='word_1_393' title='bbox 195 3095 337 3135; x_wconf 75' lang='lat' dir='ltr'>exsuperioribus.</span> <span class='ocrx_word' id='word_1_394' title='bbox 501 3094 516 3129; x_wconf 84' lang='lat'>3.</span> <span class='ocrx_word' id='word_1_395' title='bbox 529 3095 591 3136; x_wconf 76' lang='lat' dir='ltr'>nepum</span> <span class='ocrx_word' id='word_1_396' title='bbox 601 3090 702 3139; x_wconf 77' lang='grc' dir='ltr'>ἀσύγκριτον</span> <span class='ocrx_word' id='word_1_397' title='bbox 714 3106 734 3129; x_wconf 78' lang='lat' dir='ltr'>ea</span> <span class='ocrx_word' id='word_1_398' title='bbox 745 3098 859 3138; x_wconf 68' lang='lat' dir='ltr'>superiectas.</span> 
     </span>
    </p>
   </div>
   <div class='ocr_carea' id='block_1_4' title="bbox 0 0 1000 3392">
    <p class='ocr_par' dir='ltr' id='par_1_6' title="bbox 0 0 1000 3392">
     <span class='ocr_line' id='line_1_43' title="bbox 0 0 1000 3392; baseline 0 0"><span class='ocrx_word' id='word_1_399' title='bbox 0 0 1000 3392; x_wconf 95' lang='lat' dir='ltr'> </span> 
     </span>
    </p>
   </div>
  </div>
 </body>
</html>
