1988 3392
160 178 188 219 24
449 184 533 219 SANCTI
544 184 660 219 EPIPHANH

162 263 190 316 οἷς
202 266 255 309 ἔστιν
266 266 288 308 ἒν
302 263 351 325 δόξη
364 263 501 323 άκαταλῆπτῳ.
531 264 573 306 Καὶ
585 269 649 307 ταῦτα
661 263 697 318 μέν
710 262 781 315 καθείς
793 265 907 320 ἐχωροῦμεν
919 264 947 315 εἷς

163 337 280 391 δοξολογίαν
292 339 345 377 θεοῦ
359 333 442 389 στόματι
454 331 579 392 α’νθρωπίνιγι
591 332 702 390 εἰρήκαμεν.
734 333 764 377 Οίι
774 332 814 390 γάρ
825 334 896 389 έχομεν
908 334 946 376 έτέ·

130 451 136 455 ,
163 422 200 461 ρας
211 408 305 459 φθογγῆς
317 408 387 457 χρῆσιν
397 401 447 459 όπέρ
459 400 495 456 τῆν
506 403 528 444 ἐκ
539 406 591 444 θεοῦ
601 400 650 456 ῆμῖν
660 403 681 445 ἒν
694 402 759 461 μέτρῳ
769 405 872 453 δοθεῖσαν,
887 403 948 445 εἶκαὶ

163 476 192 530 τῷ
208 475 236 530 νῷ
254 470 395 527 περισσότερον
409 472 453 525 περὶ
471 473 523 512 θεοῦ
540 467 715 524 άπολαμβόνομεν.
741 468 792 512 Ἀλλ’
808 467 844 525 οόχ
859 467 949 513 όκόσαό

164 544 213 590 νοῦς
225 541 274 594 έχει,
293 545 379 582 τοσαῦτα
391 539 474 580 δάναται
485 536 507 579 τό
518 536 583 591 στόμα
595 539 668 594 λέγειν,
688 539 752 596 μέτρῳ
763 537 948 592 άποκεκλεισμένον,

163 609 198 649 καλ
208 607 339 661 συνεχόμενον
348 612 390 654 τοῖς
401 611 520 658 σωματικοῖς
530 603 629 660 όργάνοις.
659 603 697 647 Διό
709 607 743 647 καὶ
753 612 891 660 συγγνωμονεῖ
899 604 949 655 θεός

164 672 211 728 παρ’
224 672 282 727 ῆμολν
294 673 440 727 ἀποδεχόμενος
451 671 487 725 τῆν
497 672 543 725 περὶ
554 670 616 713 αὐτοῦ
627 672 703 724 εἴδησιν
713 673 748 713 καὶ
760 673 883 727 δοξολογίαν,
898 670 948 727 όπέρ

164 740 200 794 τῆν
216 739 274 794 ἡμῶν
288 740 372 792 δύναμιν
389 741 561 793 ε’πεκτεινομένην,
587 737 633 792 οόχλ
649 741 691 795 θεῷ
707 740 828 793 χαρίσασθαί
844 756 874 791 τι,
900 736 949 781 ολλλολ

165 811 277 864 δοξολυγεῖν
287 807 309 849 τό
321 814 378 849 θεῖον
389 806 440 848 κατά
451 807 547 861 δύναμιν,
563 808 590 857 εἰς
602 805 624 849 τό
636 805 739 860 7εὐσεβῶς
750 810 861 861 φρονῆσαι,
876 808 910 849 καλ
922 805 949 861 μῆ

166 878 256 920 ἐκπεσεῖν
271 880 307 929 τῆς
320 874 383 918 αὐτοῦ
396 875 476 931 χάριτος
487 876 522 919 καλ
534 874 635 930 όληθείας.
668 879 735 917 Ταῦτα
746 875 768 918 δέ
780 875 825 932 περὶ
837 880 874 919 τοῦ
885 874 950 919 αὐτοῦ

165 943 246 989 Αόδίου
260 947 295 988 καὶ
309 950 349 989 τῶν
364 943 474 989 Αόδιανοῖν
491 945 659 1002 διαλαμβάνοντες
677 946 778 1000 έξείπομεν
792 943 817 988 τά
833 943 868 988 ὑπ’
883 945 951 989 αὐτῶν

166 1015 271 1072 λεγόμενα,
291 1014 323 1067 οἷς
335 1016 386 1059 κατά
401 1015 423 1060 τό
437 1015 537 1060 ἰδιωτικόν
549 1018 584 1059 καλ
593 1015 652 1058 αὐτοὶ
663 1014 799 1072 διηγούμενοι,
819 1016 853 1059 καλ
864 1013 915 1060 κατολ
928 1013 950 1060 τό

168 1085 281 1139 φιλόνεικον
296 1087 317 1129 έν
332 1085 410 1137 τούτοις
419 1084 542 1141 άντέχονται,
557 1076 653 1142 άπρεπιός
665 1083 835 1142 διισχυριζόμενοι.

75 1366 121 1412 Κεφ.
132 1366 154 1403 θ’.
220 1358 305 1413 Ἔχουσι
320 1359 342 1401 δέ
356 1361 390 1402 καλ
405 1356 454 1402 όίλλα
468 1357 522 1411 τινά,
544 1357 569 1402 δι’
585 1358 635 1414 άπερ
650 1358 734 1414 μάλιστα
754 1362 844 1402 ἰ’στανται
862 1361 953 1415 περισσό-

167 1444 225 1482 τερον
244 1425 281 1481 τῆν
299 1430 395 1482 διαίρεσιν
410 1426 542 1481 ποιησάμενοι
561 1432 597 1481 τῆς
612 1429 726 1480 ἐκκλησίας,
749 1425 775 1469 δι’
792 1422 818 1481 ἧς
832 1429 867 1470 καλ
882 1426 953 1477 άλλους

168 1495 278 1546 πτάραντες
293 1496 388 1544 πολλάκις
402 1494 537 1537 ἀνθέλκουσιν
551 1493 593 1536 imi
610 1499 644 1547 τῆς
659 1496 772 1547 ἐκκλησίας,
795 1494 953 1550 παρελκόσαντες

170 1560 245 1616 όίνδρας
259 1578 279 1603 τε
293 1563 327 1603 καλ
342 1567 444 1616 γυναῖκας,
474 1559 534 1603 Μετά
549 1560 586 1617 γάρ
600 1558 704 1603 Ἰουδαίων
719 1561 825 1614 βοάλονται
839 1560 862 1603 τό
880 1561 952 1614 Πάσχα

169 1629 274 1680 ἐπιτελεῖν,
295 1623 427 1687 τουτέστινγλ
446 1632 510 1686 καιρῷ
523 1630 546 1671 ὀἱ
558 1626 654 1671 Ἰουδαῖοι
673 1632 754 1670 ποιοῦσι
774 1627 799 1670 τά
819 1626 866 1686 παρ’
884 1628 959 1679 αὐτοῖς,

162 1693 247 1750 ’Ἇζυμω
259 1696 302 1740 τότε
316 1695 374 1740 αὐτοὶ
385 1702 522 1750 φιλονεικοῦσι
533 1694 555 1739 τό
567 1696 638 1751 Πάσχα
649 1694 713 1752 άγειν
726 1699 762 1739 καλ
773 1699 836 1751 δῆθεν
847 1697 877 1740 ὅτι
889 1696 954 1747 οὕτως

87 1780 123 1811 pag.
132 1773 163 1804 8²1⁴
171 1759 197 1820 ῆν
207 1763 221 1821 ῆ
233 1767 325 1821 ἐκκλησία
336 1767 442 1823 φερομένη,
473 1768 503 1810 Ei
512 1783 533 1823 χε
546 1766 580 1809 καλ
591 1764 652 1823 λόγον
666 1766 864 1822 σεσυκοφαντημένοι
876 1765 954 1811 δεικνύ-

171 1851 216 1879 ουσι
224 1842 266 1887 τοῖς
276 1838 451 1893 ἐκκλησιαστικαῖς,
461 1834 512 1880 κατά
523 1840 581 1880 τοῦτο
593 1834 615 1879 τό
626 1836 693 1893 μέρος,
705 1835 817 1890 φάσκοντες
827 1835 867 1881 άπό
883 1842 953 1882 1Καιν-

171 1910 277 1950 σιαντίνου
289 1906 323 1950 διά
335 1906 371 1962 τῆν
382 1906 433 1963 πρός
445 1904 479 1949 τόν
490 1907 581 1962 βασιλέα,
597 1906 657 1960 φησλ,
672 1910 845 1962 προςωποληψίαν
858 1912 952 1950 ἳκαταλε-

170 1979 251 2019 λοίπατε
261 1974 297 2030 τῆν
309 1981 349 2019 τῶν
360 1977 451 2032 πατέρων
462 1976 508 2032 περὶ
518 1980 555 2018 τοῦ
564 1974 636 2030 Πάσχα
647 1976 718 2030 ἑορτῆς
731 1974 861 2027 άκολουθίαν,
871 1978 906 2019 καλ
916 1975 953 2031 τῆν

170 2042 247 2101 ῆμέραν
260 2044 389 2099 μετηλλάξατε
405 2047 433 2094 εἰς
449 2043 471 2087 τό
489 2049 583 2099 καθῆκον
597 2048 635 2087 τοῦ
651 2045 752 2098 βασιλέως.
785 2045 840 2095 Τινὲς
856 2046 877 2088 δὲ
894 2043 955 2088 πάλιν

171 2111 222 2154 κατά
238 2111 260 2155 τό
276 2115 328 2156 ἴδιον
340 2112 454 2166 φιλόνεικον
469 2110 565 2169 όρίζονται
580 2110 620 2165 δ’τι,
635 2111 684 2154 Ὅτε
697 2112 722 2155 τά
738 2115 830 2170 γενέθλια
843 2118 881 2156 τοῦ
897 2118 954 2156 Κων-

171 2184 283 2234 σταυτίνου,
297 2181 341 2224 τότε
352 2180 516 2235 μετεποιῆσασθε,
532 2182 589 2234 φησὶ,
605 2178 627 2223 τό
641 2181 717 2234 Πάσχα.
740 2182 780 2223 Καὶ
793 2183 812 2223 εἰ
821 2181 856 2234 μέν
866 2186 891 2240 τῆ
903 2182 956 2241 αὐτῆ

171 2247 236 2306 ῆμέργι
253 2248 275 2291 τό
289 2248 360 2302 Πάσχα
373 2247 431 2303 ῆγετο
442 2246 484 2290 κατ’
505 2249 559 2299 έτος,
580 2248 615 2289 καλ
629 2253 653 2306 τῆ
664 2248 716 2307 αιἰτῆ
727 2247 805 2304 ολρίσθη
817 2254 876 2291 τοῦτο
889 2256 956 2292 ποιεῖν

174 2318 224 2357 3ε’πὶ
235 2321 271 2369 τῆς
281 2317 314 2358 ἐπὶ
326 2319 479 2358 Κωνσταντίνου
492 2317 624 2369 συναχθείσης
636 2314 724 2358 συνόδου
735 2314 825 2358 πιθανόν
839 2311 864 2369 ἦν
874 2314 897 2359 τό
909 2315 956 2373 παρ’

172 2382 242 2432 αὐτοῖς
251 2382 367 2439 λεγόμενον·
382 2381 443 2426 όπότε
454 2383 476 2425 δέ
487 2380 536 2425 καθ’
547 2383 630 2425 ἕκαστον
642 2381 735 2425 ἐνιαυτόν
744 2383 769 2425 οίι
779 2382 863 2426 δάναιαι
875 2386 956 2438 έχεσθαι

171 2454 207 2502 τῆς
217 2449 279 2502 αὐτῆς
291 2451 365 2503 ψήφου
375 2448 388 2504 ἡ
398 2448 517 2502 άκολουθία,
533 2451 622 2492 διέπεσεν
634 2447 647 2492 ό
657 2449 725 2492 αὐτῶν
736 2451 800 2506 λόγος.
832 2450 862 2493 Οίι
874 2450 911 2508 γάρ
922 2451 956 2494 διά

171 2515 194 2559 τό
204 2518 309 2574 γενέθλιον
319 2515 331 2560 ό
340 2516 432 2571 βασιλεός
444 2518 587 2573 ἕπεμελῆσατο,
609 2516 657 2560 ἄλλά
669 2516 704 2561 διά
715 2516 751 2573 τῆν
761 2519 832 2562 ἕνωσιν
842 2524 877 2574 τῆς
888 2521 956 2575 ε’κκλη-

171 2589 222 2635 σίας.
255 2590 288 2644 Τῷ
304 2584 396 2642 γάρ-όντι
412 2587 449 2629 δύο
468 2589 548 2644 μέγιστα
561 2584 610 2640 ῆμῐν
626 2585 762 2641 κατώρθωσεν
778 2585 853 2639 όθεός
869 2587 903 2632 διά
919 2593 956 2633 τοῦ

172 2655 320 2713 προειρημένου
333 2658 485 2699 Κωνσταντίυου
502 2660 540 2699 τοῦ
556 2653 715 2710 θεοφιλεστάτου
728 2658 763 2700 καλ
776 2656 806 2701 άελ
822 2663 955 2715 μακαριστοῦ,

171 2724 193 2769 τό
205 2726 289 2779 συνάξαι
301 2724 443 2781 οίκουμενικῆν
455 2726 552 2780 σόνοδον,
572 2727 607 2770 καλ
618 2727 716 2769 ἐκθέσθαι
728 2725 765 2782 τῆν
777 2728 798 2772 έν
812 2731 888 2787 Νικαίγ
905 2731 955 2773 4ἒκ-
978 2720 985 2730 ’

171 2803 264 2839 τεθεῖσαν
273 2799 347 2849 πίστιν,
362 2797 396 2839 καὶ
408 2794 567 2854 όμολογηθεῐσαν
579 2792 625 2851 μεθ’
636 2793 757 2853 ὑπογραφῆς
766 2802 806 2840 τῶν
817 2796 957 2842 συνελθόντων

194 2888 210 2924 7.
226 2886 297 2935 εὐσεβὲς
306 2892 341 2925 οοδ.
353 2892 419 2933 Βλιδίμ.
596 2889 613 2924 2.
628 2890 760 2926 καταλελοίπατε
773 2893 877 2925 emendarunt
898 2894 958 2925 corna-

195 2934 235 2967 (λιν.
247 2936 279 2968 ΙΧ.
290 2955 313 2962 -
336 2938 350 2970 l.
363 2938 390 2971 Sin
402 2939 488 2971 θοικοικυε
496 2941 510 2971 ιι
521 2940 551 2971 Pe·
573 2938 608 2969 rius
619 2936 641 2978 (is
650 2939 691 2969 enim
702 2939 748 2969 υιιλίι
756 2936 846 2981 reliquistis
857 2937 900 2970 circa
911 2938 957 2971 ceie-

171 2982 225 3013 cavius
241 2983 350 3016 emendarunt,
376 2985 395 3017 Ικ
412 2985 457 3017 libris
473 2987 514 3017 enim
531 2986 554 3016 est
574 2981 654 3014 britatem
665 2982 748 3015 Paschatis
759 2982 958 3026 ordinemjetPetavius.

171 3025 296 3061 Κωισταντίον.
576 3029 593 3064 λιι
605 3029 649 3060 libris
660 3032 683 3061 est
694 3024 829 3064 καταλελοιπότι,
