1988 3392
336 218 410 265 runrrx
421 231 507 265 annun.
770 223 810 264 751

30 311 91 348 Christi
102 320 142 343 crux
152 308 233 342 adversus
248 308 409 342 haereticorumvi—
433 309 494 343 Christi
512 309 591 343 divinitas
609 310 692 356 passionis
709 316 735 342 est
753 319 814 352 expers

51 380 79 402 rus
92 377 150 400 verum
161 365 253 398 remedium
266 367 305 399 101.

457 369 495 399 748.

30 425 104 461 Christus
114 422 180 456 sanavit
194 422 272 455 homines
285 422 307 455 ab
319 422 410 456 infirmita·
435 422 509 457 Christus
521 436 551 457 cnr
564 423 615 457 luerit
627 423 733 457 circumcisus
746 423 785 455 153.

51 483 96 515 tibus
107 492 141 513 non
154 479 228 524 pecudes
238 481 277 512 650.

434 480 509 513 Christus
521 493 550 513 rex
562 489 580 513 et
591 480 670 524 sacerdos
681 483 721 512 119.

31 536 408 583 Christusquandoinnurndnmuenerit663.
434 529 508 570 Christus
527 539 612 582 quomodo
632 537 722 570 redemerit
742 544 760 570 et
781 546 815 568 nou

32 596 92 634 Christi
104 594 173 641 triginta
195 594 235 628 anui
258 594 306 628 fastis
323 595 409 629 consulum

52 656 111 692 ordine
124 665 155 688 suo
167 653 222 687 notati
231 655 272 687 445.

31 714 105 750 Christus
121 724 150 747 cur
171 710 294 757 primogenitus
315 711 338 745 sit
355 711 410 746 dictus

52 774 103 807 1053.

456 596 526 636 emerit,
539 603 556 629 et
567 609 601 642 quo
613 595 669 642 pretio
680 597 718 629 699.

434 652 509 688 Christus
518 660 554 688 tam
564 667 585 688 er
595 655 647 689 verbo
658 654 752 694 incarnato,
764 665 815 698 quarn

456 724 476 745 ex
487 712 556 747 homine
568 713 658 747 diuinitate
667 712 730 748 affecto
740 713 815 748 subsistit

456 772 495 804 765.

31 831 106 867 Christus
116 840 136 862 re
148 840 188 861 vera
198 827 272 861 humana
283 826 340 861 omnia
351 838 409 862 susce-
434 827 509 861 Christus
518 839 568 872 quam
579 829 601 862 ob
616 840 691 863 caussam
701 829 773 864 iudicari
782 841 816 864 vo-

52 889 79 934 pit
90 889 141 920 1029.

456 885 506 919 luerit
518 888 557 921 774,

32 945 106 980 Christus
121 943 178 977 curin
190 954 247 987 regem
262 942 338 975 noluerit
352 941 410 985 inungi
435 942 496 976 Christi
507 943 581 976 adventu
592 944 620 977 lex
633 944 699 988 soluta,
716 956 748 978 nec
760 944 816 989 potuit

54 1001 138 1046 cumipse
148 1012 158 1032 e
167 1000 213 1044 regia
224 998 293 1033 navidis
303 999 355 1044 stirpe
367 1006 411 1032 esset

457 1000 527 1043 anrplius
538 1000 605 1044 impleri
617 1004 656 1034 123.

53 1058 133 1092 oriundus
150 1059 189 1090 117.
202 1076 224 1081 -
253 1067 285 1088 nec
299 1063 355 1089 tamen
370 1066 412 1101 pro-
436 1055 520 1088 Ghristnm
532 1068 589 1089 rerum
599 1057 685 1090 homiuem
695 1058 757 1100 fuisse,
771 1057 816 1090 etin

53 1116 116 1161 phetae
128 1115 145 1147 in
158 1125 179 1147 eo
192 1113 235 1158 lapsi
247 1116 286 1145 118.

33 1172 94 1206 Christi
107 1171 189 1205 adrentus
201 1169 266 1203 ludaeis
277 1181 307 1214 per
320 1170 412 1214 prophetas

54 1228 160 1273 praedicatus
173 1229 199 1259 18.

33 1285 108 1318 Christus
121 1283 210 1329 prophetis
226 1283 314 1328 apparuit,
332 1294 413 1327 suumque

55 1341 145 1374 adventum
157 1340 240 1373 nuntiavit
250 1343 289 1373 518.
303 1358 323 1364 —-
347 1351 376 1373 cur
385 1338 413 1371 tli-

56 1405 102 1430 catur
114 1399 128 1432 A
140 1404 159 1429 et
171 1395 190 1430 Ω
202 1399 241 1432 519.

34 1454 108 1488 Christus
127 1465 157 1487 cur
170 1455 230 1487 loanni
244 1460 314 1487 matrem
326 1463 413 1486 commen-

55 1511 121 1544 daverit
132 1513 192 1544 1042.-

34 1568 108 1603 Christus
127 1568 187 1602 clausis
205 1569 271 1602 foribus
288 1568 373 1612 ingressus
388 1573 415 1600 est

56 1629 106 1661 1023.
119 1646 141 1653 ·-
164 1626 255 1660 humanam
269 1633 345 1659 mentem
356 1624 415 1659 habuit

459 1111 528 1156 virginis
545 1119 593 1147 utero
609 1114 690 1147 coaluisse
706 1122 767 1159 postea
782 1114 816 1148 cir·

459 1167 550 1202 cumcisum
562 1176 595 1203 eto.
608 1173 646 1204 152.

437 1227 521 1261 Christum
541 1226 585 1259 diem
606 1227 664 1260 iudicii
683 1238 718 1261 nou
738 1228 817 1272 ignorare

460 1287 499 1317 766.
513 1303 534 1309 -
557 1290 575 1315 et
587 1282 673 1328 quomodo
686 1283 751 1317 dicatur
765 1283 817 1317 etiam

458 1341 507 1373 illum
517 1340 595 1383 ignorare
606 1343 644 1373 767.
658 1360 680 1365 -
698 1341 773 1385 cognitio
786 1353 815 1373 ra-

459 1397 488 1430 riis
497 1396 557 1437 modis,
569 1404 588 1429 nt
598 1404 616 1430 et
625 1397 719 1440 ignorantia
729 1403 818 1440 usurpatur

460 1458 499 1488 768.
512 1474 533 1479 -
558 1461 576 1486 et
593 1466 623 1487 our
637 1460 686 1497 pater
699 1454 745 1488 solus
760 1453 819 1486 indicii

460 1513 505 1545 diem
517 1522 568 1544 nosse
585 1510 650 1543 dioettur
667 1512 705 1544 769.
716 1531 740 1537 -
763 1510 819 1555 angeli

460 1582 501 1604 vero
519 1568 564 1602 diem
581 1567 640 1601 iudicii
655 1579 725 1613 prorsus
740 1568 819 1613 ignorant

462 1631 499 1661 770.

56 1687 105 1719 1024,
121 1704 141 1710 -
165 1683 187 1717 de
201 1684 262 1718 Christi
271 1691 328 1718 mente
340 1683 414 1718 obiectio
439 1686 513 1721 Christus
531 1684 620 1731 parabolas
636 1696 674 1718 suas
694 1691 712 1718 ut
730 1683 819 1730 plurimum

56 1743 123 1788 eiusque
132 1742 215 1776 refutatio
225 1744 276 1776 1025.

460 1743 553 1789 explicarit
565 1746 604 1776 206.

35 1800 109 1834 Christus
121 1800 207 1846 quomodo
221 1800 244 1833 sit
258 1812 317 1845 passus
327 1803 379 1833 1026.
391 1818 414 1824 ·-
439 1802 513 1835 Christus
525 1813 555 1835 cur
566 1808 633 1845 patrem
644 1800 681 1845 ipse
693 1800 767 1833 oraverit
781 1802 819 1832 753.

57 1858 152 1892 declaratur
159 1858 284 1902 proprietatum
290 1858 376 1903 utriusque
384 1868 414 1889 na·
439 1860 522 1893 Christum
538 1859 602 1891 nudum
611 1857 699 1892 hominem
714 1869 748 1890 non
762 1857 819 1897 fuisse,

56 1922 104 1950 turae
116 1916 133 1949 in
146 1915 214 1949 Christo
226 1915 322 1950 communio
334 1918 385 1949 1027.

36 1973 97 2006 Christi
108 1985 156 2007 meus
167 1985 209 2018 qnae
222 1973 287 2018 dicatur
299 1976 350 2006 1028.

461 1916 491 1950 sed
515 1916 584 1950 verbum
610 1915 690 1949 vestitum
714 1914 820 1948 humanitate

462 1977 500 2008 763.

36 2030 110 2065 Christus
127 2043 156 2065 cur
172 2031 235 2076 nuptiis
246 2031 319 2064 voluerit
334 2032 415 2064 interesse
440 2032 574 2066 Christianismus
589 2032 661 2076 primum
672 2030 771 2064 Antiochiae
786 2041 819 2063 vo·

57 2090 97 2120 452.

462 2090 496 2123 cari
507 2095 577 2133 coeptus
589 2091 617 2122 51.

37 2143 110 2177 Christus
120 2145 205 2190 quomodo
213 2152 231 2177 et
241 2144 308 2190 quando
318 2145 351 2178 fuit
361 2142 416 2178 aMa-
441 2145 530 2180 Christiani
544 2152 584 2189 post
601 2144 760 2189 Hierosolymorum
772 2144 819 2176 exci-

57 2200 82 2244 gis
94 2201 173 2234 adoratus
185 2204 226 2235 431.

462 2203 527 2236 sionem
538 2202 602 2234 Pellam
612 2200 712 2234 habitabant
723 2203 762 2233 123.

37 2254 98 2289 Christi
106 2257 200 2291 incarnatio
212 2270 262 2298 vera,
274 2265 292 2291 et
303 2258 364 2291 divinis
376 2269 416 2291 ora·
441 2259 573 2293 Christianorum
582 2270 603 2291 ac
613 2256 724 2302 professionis
737 2255 819 2289 Christia-

58 2313 98 2345 culis
109 2315 228 2358 praenuntiata
239 2318 267 2348 51.

462 2328 507 2356 uae,
523 2321 586 2358 quanta
602 2314 624 2347 sit
638 2313 723 2358 perfectio
740 2313 759 2346 in
773 2312 820 2345 omni

38 2367 112 2403 Christus
129 2380 162 2414 quo
177 2377 254 2416 tempore
267 2377 285 2404 et
300 2382 345 2403 antro
357 2369 416 2403 aetatis
462 2373 497 2406 rita
509 2374 548 2405 499.

58 2436 116 2469 passus
127 2429 167 2461 446.
180 2447 200 2452 „
224 2429 248 2461 ita
264 2434 282 2459 ut
291 2427 324 2460 tria
335 2427 416 2460 Paschatn
441 2428 530 2462 Christiani
542 2428 587 2461 unde
599 2426 640 2460 dicti
653 2426 726 2459 lessaeni
737 2429 777 2460 120.

58 2481 155 2527 impleverit
164 2483 204 2517 ibid.
216 2504 239 2510 -
257 2496 290 2529 quo
301 2490 416 2517 mensenatns
441 2485 529 2519 Christiani
546 2484 629 2518 Nazaraei
642 2483 684 2516 dicti
700 2487 739 2517 117.
751 2503 774 2510 -
803 2491 820 2517 et

60 2547 85 2572 cst
97 2540 137 2574 ibid.
150 2559 173 2566 —
196 2541 231 2575 eins
247 2552 299 2574 annus
310 2540 417 2586 acceptabilis
462 2543 534 2588 primum
551 2541 651 2574 Antiochiae
668 2540 710 2574 dicti
730 2540 820 2575 Christiani

60 2599 99 2631 447.
115 2619 133 2624 ψ
158 2606 224 2644 tempus
236 2598 318 2644 passionis
332 2598 367 2632 eins
377 2600 416 2631 448.
462 2600 536 2633 ibiu—
560 2599 601 2632 item
613 2605 631 2632 et
643 2598 704 2632 lessaei
713 2598 755 2633 ibid.

38 2652 99 2690 Christi
118 2657 190 2691 infantia
210 2670 245 2692 nou
265 2656 301 2691 sine
319 2656 417 2703 quibusdam
441 2658 574 2692 Christianorum
587 2656 700 2691 sacerdotium
711 2660 751 2691 470.

59 2713 142 2750 miraculis
154 2723 192 2750 acta
198 2719 238 2750 442.
251 2734 272 2741 -
285 2715 359 2749 eiusdem
371 2714 417 2748 nati-
442 2716 549 2750 Christianis
560 2716 624 2750 Gothia
637 2715 680 2760 pulsi
696 2728 707 2749 a
720 2727 760 2761 rege
775 2726 820 2761 quo·

60 2771 117 2806 sitatis
128 2781 195 2819 tempus
210 2773 302 2808 accuratius
317 2773 417 2819 expenditur
462 2774 501 2808 (lam
513 2774 572 2819 gentili
584 2777 624 2808 828.

60 2831 100 2863 444.
442 2832 573 2866 Christianorum
594 2831 709 2866 controversia
729 2832 773 2865 circa
791 2843 820 2865 eos

40 2883 113 2921 Christus
129 2889 192 2933 regiam
202 2889 302 2934 dignitatem
311 2888 418 2934 pontificibus

61 2945 145 2978 concessit
157 2948 196 2979 119.

464 2890 492 2934 qui
507 2889 588 2923 sacrificia
608 2888 693 2922 idolorum
709 2888 787 2922 obierant
803 2896 821 2922 et

463 2953 523 2991 postea
537 2946 655 2991 poenituerunt
665 2947 704 2977 717.
715 2964 739 2971 -
761 2944 821 2979 diver-

463 3015 491 3037 sae
509 3003 553 3037 circa
572 3003 615 3036 illnrl
634 3001 703 3035 dubium
725 3003 820 3037 sententiae

463 3060 540 3101 Melani,
561 3059 618 3102 Pelei,
640 3065 659 3092 et
674 3059 747 3095 aliorum
762 3067 822 3095 contra

40 2995 114 3034 Christus
125 3014 157 3048 qua
167 3004 234 3037 ratione
243 3003 322 3049 pontifex
333 3010 350 3037 et
360 3014 417 3037 sacer-

61 3056 92 3091 dos
104 3058 170 3094 dicatur
182 3063 221 3094 762.
