1988 3392
267 229 362 263 aauanu
374 230 418 263 ere.
427 231 458 264 ru.
469 232 526 265 Tou.
535 231 556 264 u.
567 229 636 264 naun.
644 229 736 263 uxxvu.
851 220 892 262 391

67 319 69 322 '
108 308 185 364 quidem
199 312 252 360 vox,
265 312 357 356 Misisti,
381 322 424 349 eum
436 309 461 350 de
471 310 553 351 coelesti
570 310 604 351 illa
616 309 712 350 missione
728 303 843 363 arripienda
858 308 892 359 sit,

107 378 257 427 absolonem
280 376 330 431 quod
345 374 490 428 l‘etrusdixit‚
511 376 731 433 separarinondebet:
752 379 814 416 Iesum
825 378 990 421 Noae-attam.

107 459 184 489 suerrum
195 447 256 486 uimine
267 445 369 500 protorum
380 447 400 486 in
412 445 465 486 uobi's
472 448 569 500 prodigiis
581 461 604 487 oe
617 449 693 500 signin
714 458 769 499 quein
781 448 839 485 rrom't
847 447 894 485 deus

106 519 176 572 spirito
189 523 268 565 saneto,
285 529 308 557 ae
323 515 399 572 reliqua
415 515 434 558 it
449 529 520 572 genus.
723 572 725 575 Ι

164 583 205 628 Sed
218 599 255 627 nee
266 585 300 627 bis
309 584 387 642 quidem
399 592 491 627 contenta
505 586 618 628 suavissimi
628 586 656 628 illi
669 587 742 628 fratres
754 584 830 636 nostri,
847 599 891 626 eum
900 582 981 664 XQH

106 656 153 697 illud
168 653 205 696 sihi
222 655 283 695 semel
297 655 450 710 proposuerint,
473 662 494 696 ut
508 655 529 696 in
545 654 636 696 omnibus
653 654 823 710 opiniosissimnm
836 667 892 695 suam
983 652 987 661 “

107 723 163 764 nohis
174 722 305 777 pervicaciam
320 729 430 777 opponant,
453 722 512 763 etiam
526 723 650 764 divinitatem
663 721 739 764 Christi
753 735 832 778 passam
846 735 892 763 esse

106 803 181 831 sunrma
191 803 234 830 eum
246 789 329 830 audacia
346 789 469 844 praedicant.
499 789 531 830 Ad
542 791 593 844 quod
611 790 651 830 illis
667 790 751 844 apostoli
764 789 832 831 verbis
844 789 893 830 abu·

106 865 185 900 luatur:
207 859 288 897 Sienim
303 860 447 913 cognovissent,
469 871 565 910 nunquam
580 860 675 897 tomiano
686 859 762 910 glomite
779 859 991 910 crucifixis-teones.

105 935 154 969 sent.
185 926 216 970 Ao
227 941 270 969 mea
282 926 360 984 quidem
375 925 473 968 sententia
486 925 546 983 aliqui
556 925 679 984 Apollinaris
690 925 793 983 discipuli,
810 924 842 982 qui
855 925 892 967 mi-

105 1012 142 1041 nus
152 998 204 1041 istud
217 997 363 1053 intelligerem,
381 1011 424 1038 oum
439 996 483 1038 aliis
495 995 597 1039 erroribus
610 997 662 1038 huno
673 997 737 1053 ipsum
746 1002 889 1054 proponemus,

105 1066 190 1123 argutuli
202 1067 272 1108 volunt
283 1066 355 1108 videri.
386 1064 452 1107 Miror
462 1065 513 1106 enim
526 1066 544 1107 si
555 1066 652 1108 eiusmodi
665 1066 762 1122 quiopiam
776 1065 801 1107 ab
811 1079 836 1107 eo
848 1066 891 1107 lue-

105 1136 131 1177 rit
148 1143 254 1177 assertum.
291 1134 364 1191 Neque
382 1148 430 1176 vero
447 1133 583 1176 admirandum
601 1142 632 1176 est
649 1135 700 1189 quod
718 1133 817 1189 scriptura
828 1147 892 1176 >saera

105 1202 204 1244 dominum
221 1203 298 1257 gloriae
316 1203 432 1244 eruoilixum
448 1215 493 1242 esse
510 1202 590 1243 dixerit.
623 1201 725 1257 Siquidem
737 1209 758 1243 et
769 1209 891 1257 assumptam

105 1269 190 1310 hominis
204 1277 294 1310 naturam
309 1270 386 1323 gloriae
399 1268 499 1309 dominnm
512 1270 648 1324 appellamus;
671 1269 742 1324 qnippe
759 1283 810 1323 quae
824 1269 850 1310 ab
862 1269 891 1310 di-

104 1337 187 1379 vinitate
201 1337 282 1378 minime
298 1344 389 1392 separata
400 1336 434 1378 sil.
464 1335 510 1378 Nee
522 1337 582 1378 ullum
594 1335 614 1378 in
627 1350 651 1378 eo
662 1350 738 1392 genere
751 1351 800 1392 opus
812 1343 846 1378 aut
858 1351 891 1378 ar·

104 1412 218 1465 gumeulunr
230 1413 261 1449 εει
272 1407 323 1464 quod
336 1420 375 1449 uou
387 1405 490 1448 commode
501 1404 564 1463 possit
573 1404 669 1462 intelligi,
687 1405 777 1462 adeoque
787 1412 850 1448 totum
859 1404 891 1447 in-

104 1477 226 1520 carnationis
243 1478 342 1533 negotium
360 1476 383 1518 ad
400 1491 459 1519 unam
477 1477 600 1533 eandemque
616 1476 806 1520 administrationem
823 1477 890 1534 perle-

103 1548 229 1603 etiouemque
247 1546 356 1602 conspirat.
388 1544 457 1601 ltaque
469 1545 569 1602 patibilem
586 1560 622 1587 uos
637 1543 739 1588 Christum
752 1545 889 1602 praedivamus

103 1631 126 1657 ao
138 1616 249 1666 eredimus3
272 1629 312 1655 non
325 1615 376 1669 quod
389 1628 424 1668 per
438 1628 484 1655 sese
497 1609 523 1655 sit
534 1628 616 1670 passus:
638 1628 702 1670 neque
714 1616 766 1670 quod
779 1614 830 1655 alius
840 1615 866 1656 sit
877 1629 890 1656 a

103 1683 191 1739 patiente
202 1683 306 1732 domiuus,
328 1696 393 1737 neque
409 1682 461 1735 quod
475 1681 543 1722 diviua
557 1689 628 1723 natura
646 1696 705 1738 passa
719 1681 757 1723 sit:
779 1696 849 1725 verum
861 1682 889 1723 ita

103 1751 194 1792 domiuus
206 1756 276 1790 noster
288 1747 346 1788 lesus
358 1747 452 1789 Christus
468 1763 539 1803 passus
556 1757 587 1789 est
604 1756 625 1789 ut
637 1751 700 1804 ipsius
716 1749 810 1790 diviuitas
826 1757 889 1791 muta-

103 1817 163 1858 tionis
175 1815 239 1858 omnis
251 1821 271 1857 et
284 1814 382 1871 passionis
397 1828 471 1870 expers
487 1815 615 1856 nihilominus
626 1815 647 1856 in
661 1830 720 1857 eruce
733 1824 846 1870 pateretur,
869 1823 890 1857 et

102 1885 144 1944 ipsa
162 1884 235 1928 nullam
253 1884 273 1927 in
289 1897 336 1928 sese
352 1883 464 1940 passionem
483 1883 618 1941 experiretur.
650 1883 709 1941 Quod
726 1884 778 1926 enim
793 1882 888 1926 Christus

103 1964 172 2000 nostra
187 1970 259 1999 oaussa
276 1962 366 1998 mortuus
383 1962 425 2007 est,
447 1969 535 2011 vereque
550 1961 652 2010 mortuus,
674 1954 747 1998 nonin
764 1954 888 1999 divinitatem

103 2041 157 2068 mors
169 2026 203 2068 illa
215 2025 297 2077 aedidit,
321 2025 355 2066 sed
372 2025 391 2066 iu
410 2038 470 2066 earne
486 2031 576 2066 mortuus
592 2032 635 2076 est3
657 2026 821 2081 quemadmodum
838 2026 888 2067 seri·

102 2102 156 2151 ptum
169 2101 212 2145 est,
223 2095 360 2146 auertiſsent-us
373 2097 442 2142 corbe,
459 2095 567 2147 viuffioutos
578 2102 640 2134 eutem
653 2098 736 2147 spirito:
753 2095 813 2146 item,
831 2097 992 2163 Cbrzlffgqissqlq·

101 2163 311 2216 stopassopronobis
325 2165 344 2203 in
358 2176 423 2202 outae.
457 2158 591 2215 Quamobrem
608 2162 703 2217 singulari
718 2163 802 2217 quadam
821 2170 842 2203 et
853 2163 888 2204 atl-
947 2153 993 2170 Ψ

102 2230 187 2271 mirabili
200 2231 277 2270 ratione
294 2242 343 2270 vere
355 2243 435 2284 passum
447 2230 502 2270 illum
518 2243 564 2271 esse
577 2230 706 2280 eonfitemur,
729 2237 749 2271 et
762 2230 846 2271 eundem
857 2238 888 2271 tn-

102 2311 148 2336 meu
163 2309 212 2337 vere
230 2296 329 2350 passionis
347 2304 463 2350 expertem,
487 2297 538 2350 quod
558 2297 605 2337 uibil
622 2296 716 2338 diviuitas
733 2297 776 2351 ipsa
793 2298 886 2351 patiatur,

102 2363 195 2418 quoniam
206 2363 231 2405 ab
243 2363 297 2405 omui
309 2363 447 2405 vicissitudine
458 2370 479 2404 et
489 2363 582 2419 passione
593 2362 687 2405 immunis
700 2371 743 2417 est,
760 2363 888 2419 eiusdemque

102 2447 147 2476 rum
158 2440 214 2491 patre
226 2432 357 2476 substantiae.
389 2429 419 2474 lta
432 2446 492 2490 porro
505 2445 582 2489 passam
595 2445 641 2474 esse
653 2446 734 2475 earnem
745 2433 855 2476 asserimus
868 2440 889 2476 ut

101 2502 122 2546 iu
135 2503 177 2561 ipsa
190 2504 319 2561 perpessione
330 2503 423 2546 diviuitas
436 2517 560 2561 nequaquam
571 2503 595 2545 ab
605 2512 707 2563 assumpto
719 2504 804 2547 hominis
817 2511 888 2547 natura

101 2573 192 2615 seiunota
209 2573 243 2614 sit.
275 2572 334 2614 ‘Tum
350 2573 403 2614 enim
419 2574 512 2615 divinitas
531 2588 574 2615 eum
591 2573 677 2616 humana
693 2582 764 2616 natura
781 2576 888 2617 eoniuuota

102 2641 152 2692 luit,
168 2642 247 2697 quaudo
259 2638 352 2683 Christus
363 2642 383 2682 in
396 2656 456 2683 eruce
467 2644 550 2684 suffixus
566 2656 627 2684 earne
638 2658 709 2699 passus
720 2651 763 2693 est,
784 2643 832 2685 nihil
844 2644 888 2700 ipsa

102 2708 206 2750 divinitate
218 2709 317 2763 patieute3
334 2723 373 2763 quo
383 2709 496 2751 iustihcatio
506 2718 574 2752 nostra
584 2725 623 2751 non
636 2712 720 2767 amplius
733 2712 754 2753 iu
764 2713 806 2753 sola
817 2726 886 2763 earne,

102 2777 137 2816 sed
149 2777 210 2826 etiam
223 2775 357 2816 indivinitate
374 2777 506 2829 consisteret,
529 2786 588 2833 atque
599 2786 620 2819 ut
631 2793 642 2820 a
654 2780 758 2821 divinitate
774 2780 845 2831 simul,
867 2787 888 2821 et

103 2854 163 2882 earrre
183 2843 238 2883 salus
253 2849 322 2882 nostra
339 2842 509 2896 proficisceretur.
540 2844 619 2885 Etenim
637 2843 730 2886 Christus
746 2860 786 2886 non
802 2847 888 2901 simplex

102 2910 201 2952 arandus
214 2910 272 2951 homo
285 2908 332 2960 luit,
354 2910 483 2953 sedverhum
498 2910 621 2964 subsistens,
643 2912 780 2963 incarnatum,
802 2926 825 2954 ae
838 2915 888 2955 deus

102 2978 161 3022 bomo
172 2993 243 3023 revera
259 2980 335 3033 laetus,
357 2986 378 3022 ut
391 2993 446 3038 spem
460 2988 547 3025 nostram
560 2996 599 3024 uon
613 2982 696 3041 anrplius
706 2982 726 3024 in
738 2982 829 3037 homine,
850 2983 887 3026 sed

102 3049 122 3091 iu
135 3050 238 3093 divinitate
249 3052 382 3104 oolloeemus,
398 3066 463 3108 neque
478 3053 584 3109 patientem
596 3053 667 3106 deum,
685 3054 719 3096 sed
731 3069 743 3097 a
756 3053 886 3112 perpessione
