1988 3392
191 249 380 285 planabuntur.
396 250 451 283 Tott.
463 252 484 284 ll.
500 249 633 284 Expostulo.
645 246 741 282 GATHOL.
816 236 856 279 491

76 332 146 391 quibus
163 331 248 387 prudeus
263 330 310 372 illud
327 329 410 384 quisque
428 329 485 371 lavile
503 337 567 386 potest
580 328 739 371 arrimadvertere
756 334 817 368 etex
833 340 857 367 ea

76 399 191 459 quaestione
200 397 297 450 indicare,
313 405 390 453 tempus
401 412 460 438 eume
469 397 489 439 iu
498 396 549 439 LXl
553 396 560 439 l
570 396 712 454 generationes
723 396 746 437 ad
756 393 858 438 Christum

76 481 138 524 usque
148 467 251 508 rodanum
265 465 338 516 luisse,
360 474 465 521 propterea
479 467 529 520 quod
541 459 634 521 deinceps
646 471 691 521 post
703 461 815 515 Christum,
837 470 860 503 nt

76 535 138 579 exiis
151 547 202 589 quae
213 533 311 588 disputata
323 540 369 574 sunt
383 533 476 588 apparet,
496 533 563 573 mundi
574 540 662 588 tempora
676 546 715 573 nou
727 532 811 586 amplius
824 544 860 585 per

76 600 204 658 genealogias
220 592 297 654 digesta
310 607 364 642 suut.
396 599 435 655 Qui
448 600 525 654 quidem
538 601 621 641 mundns
633 601 652 641 iu
665 614 705 641 uua
715 599 749 640 illa
762 612 858 639 annorum

76 669 194 712 collectione
207 667 350 724 perlectionem
362 668 444 723 adeptus
455 675 494 721 est,
510 683 568 723 quam
579 667 707 710 immutabilis
718 682 741 709 ae
753 666 816 708 solida
828 666 859 707 dei

76 740 168 782 veluntas
177 736 297 793 obsignavit.
325 735 394 794 Quare
404 737 428 779 ab
439 736 475 780 bae
486 737 554 780 eadem
565 737 647 795 abrupta
658 737 804 794 terminalique
814 749 860 778 sae-

76 810 114 853 euli
126 807 282 860 consummatio,
300 814 319 849 et
331 808 354 850 ad
366 822 437 850 aevum
451 808 537 850 laturum
549 815 570 850 ut
581 808 687 865 impleatur
699 808 795 850 traducta.
828 804 860 850 Ob

75 881 94 922 id
106 879 189 930 dieitur,
208 880 248 919 nna
260 885 291 919 est
299 879 386 919 columba
398 892 449 926 meu,
464 880 551 932 perfectu
562 892 614 927 men5
635 878 692 934 quasi
704 876 725 918 in
738 878 801 934 ipsam
815 876 859 917 nni-

75 961 134 991 versa
145 946 247 997 desinant,
265 954 354 1002 tempora
365 946 469 997 videlieet,
492 946 538 987 anni
549 960 571 987 ae
583 946 734 1001 generationum
745 946 858 997 intervalla,

76 1016 118 1059 siue
138 1029 173 1072 per
187 1029 259 1071 reges,
281 1015 325 1058 sive
337 1028 372 1070 per
384 1014 489 1067 eonsules,
511 1014 555 1056 sive
566 1029 602 1070 per
614 1011 742 1070 Olympiadas
753 1021 787 1055 aut
798 1014 860 1069 magi·
871 1023 956 1058 canuae.

75 1091 149 1127 stratus
160 1091 271 1139 temporum
282 1084 344 1139 spatia
361 1090 497 1124 numerentur.
530 1080 638 1138 Octoginta
650 1096 709 1138 porro
721 1081 801 1137 pellices
814 1089 860 1123 sunt
900 1114 902 1116 v

75 1152 128 1193 inter
139 1151 220 1205 reginas
230 1150 359 1201 interiectae,
376 1151 434 1192 etiam
448 1148 536 1202 Christi,
553 1165 591 1206 qua
604 1149 663 1191 bomo
674 1157 715 1198 est,
732 1163 794 1204 regno
808 1149 860 1203 prio·

75 1233 116 1270 res,
133 1218 171 1259 boo
181 1225 212 1259 est
220 1218 257 1259 lide
269 1219 350 1273 ipsaque
360 1232 434 1274 sponsa
444 1219 519 1274 pariter
527 1232 550 1258 ac
559 1217 636 1273 virgine
645 1225 665 1259 et
673 1217 750 1259 illibata
760 1216 859 1267 columba,

76 1300 125 1343 quae
142 1284 199 1327 uniea
214 1286 272 1327 matri
288 1293 320 1327 est
334 1292 394 1341 atque
409 1286 509 1340 genitrici.

132 1352 234 1410 Siquidem
247 1353 332 1395 ecelesia
346 1355 370 1395 ab
382 1368 420 1395 una
433 1354 470 1395 lide
481 1354 559 1410 genita,
580 1368 603 1395 ao
615 1352 754 1410 perspiritum
770 1359 859 1395 sanetum
873 1356 913 1401 cap.
921 1355 951 1388 Vl·

75 1423 171 1467 inlunem
188 1422 252 1476 edita,
274 1422 333 1466 unica
349 1430 382 1466 est
396 1425 429 1466 nni
445 1424 577 1481 genitrieique
591 1438 647 1466 suae.
679 1422 732 1465 Tum
743 1436 792 1465 vero
804 1431 861 1480 quot·

75 1509 158 1551 cumque
170 1494 286 1550 postillam,
303 1494 335 1536 vel
345 1501 391 1536 aute
402 1494 526 1551 prodierunt,
543 1494 623 1551 pellioes
634 1492 768 1536 nominantur.
800 1491 858 1549 Quae

75 1563 142 1605 lieeta
155 1570 287 1614 testamento,
308 1571 328 1605 et
346 1563 455 1605 hereditate
474 1578 514 1605 non
526 1560 608 1620 prorsus
621 1563 698 1605 alienae
714 1562 799 1614 luerint,
816 1562 859 1603 uul-

76 1633 113 1674 lam
126 1639 192 1674 tamen
203 1647 214 1674 a
226 1632 288 1673 verbo
302 1632 369 1674 dotem
378 1632 518 1684 obtinuerunt,
535 1647 572 1674 nee
586 1633 721 1674 infundentem
733 1645 755 1673 se
770 1631 861 1687 spiritum

76 1706 166 1741 sanetum
178 1701 198 1741 iu
214 1701 286 1755 seipsis
300 1707 434 1755 exceperunt,
456 1701 491 1742 sed
503 1701 566 1742 solam
577 1715 621 1742 eum
632 1700 694 1741 verbo
705 1700 726 1740 in
738 1699 861 1741 conscientia

76 1780 112 1808 sua
123 1768 291 1809 necessitudinem
306 1767 425 1809 babuerunt.
456 1767 564 1810 Praeclare
577 1768 629 1809 enim
641 1768 691 1823 apud
705 1766 810 1809 Hebraeos
818 1770 869 1820 pel-f

76 1837 118 1875 licis
134 1835 240 1891 appellatio
257 1835 380 1890 coneipitur,
402 1851 446 1877 cnm
462 1838 607 1888 Pbelegesestbu
623 1836 702 1876 dieitur.
740 1835 778 1876 Est
794 1842 859 1876 autem

75 1905 146 1955 Pbeleg
159 1903 221 1944 latine
235 1905 344 1951 deturbatum
366 1905 420 1943 estha
431 1903 533 1944 mulierem
549 1903 659 1958 signifieat,
682 1910 703 1944 ut
718 1903 770 1944 idem
781 1903 807 1943 sit
820 1903 862 1958 pel-

76 1969 121 2021 lex,
138 1985 161 2012 ae
172 1970 273 2012 dimidiata
284 1971 363 2012 mulier.
393 1970 447 2012 Nam
459 1971 510 2026 quod
524 1971 547 2012 ad
559 1972 658 2012 domiuum
671 1978 759 2028 spectat,
781 1971 862 2012 nniver-

76 2052 109 2081 sos
120 2039 153 2082 ille
162 2039 244 2082 liberam
256 2039 280 2082 ud
291 2040 354 2083 lucem
366 2040 458 2092 voravit,
475 2039 505 2082 bis
516 2040 595 2094 verbis,
615 2044 664 2099 Dum
681 2044 741 2082 lucem
753 2042 827 2083 babenb
842 2044 862 2083 iu
884 2051 938 2100 lpanp.

77 2112 140 2160 nobas,
156 2111 258 2152 ambulate.
291 2107 330 2153 Cui
343 2110 473 2168 adstipulatur
483 2111 597 2167 apostolus,
615 2115 663 2168 Vos,
680 2111 751 2167 inquit,
767 2115 808 2153 daei
816 2116 862 2153 estis
874 2088 949 2168 didit.

71 2181 125 2231 fite,
141 2189 161 2221 et
171 2182 221 2221 loeis
230 2182 280 2233 filil.
312 2178 362 2222 ltem
376 2180 415 2222 alio
424 2181 445 2222 in
457 2180 567 2236 seripturae
577 2181 633 2233 loen,
650 2183 689 2233 Qui
696 2183 745 2222 mule
755 2185 804 2234 ugit,
821 2159 967 2229 pertualdum.

77 2250 143 2298 lacem,
160 2264 195 2290 nee
205 2252 281 2290 aceedit
292 2252 318 2289 ud
328 2251 395 2289 lucem.
428 2247 463 2290 Sin
472 2249 533 2305 igitur
543 2250 624 2305 pellices
638 2264 677 2291 non
687 2250 751 2306 palam
763 2251 862 2306 perfeeto-

77 2332 126 2371 qne,
144 2332 181 2360 nee
193 2318 273 2359 dotatae
284 2318 383 2359 ducuntur
394 2331 405 2357 a
419 2317 481 2368 viris,
498 2331 521 2358 ae
533 2318 613 2359 tametsi
625 2319 738 2359 nonnullam
752 2333 795 2359 enm
808 2319 862 2360 viro-

76 2398 119 2426 rum
130 2385 246 2440 eorpnribus
261 2385 429 2426 necessitudinem
442 2385 574 2435 contrabant,
595 2385 670 2426 liberae
684 2386 812 2428 nibilominus
826 2387 862 2427 bo-

77 2465 125 2493 nore
138 2453 228 2507 coniugis
240 2459 260 2493 et
271 2452 417 2507 appellatione,
434 2465 457 2491 ac
470 2452 575 2503 firmitate,
592 2452 650 2505 dote,
673 2454 793 2509 nuptialibus
805 2455 862 2495 donis

77 2532 100 2560 ae
109 2519 233 2570 muneribus,
249 2520 338 2574 legitima
347 2519 432 2574 denique
443 2520 583 2560 coniunctione
595 2528 671 2562 earent.
703 2520 807 2562 Eiusmodi
816 2529 864 2563 sunt

76 2588 176 2643 octoginta
186 2588 232 2629 illae
244 2587 358 2642 singillatim
371 2602 382 2629 a
394 2601 426 2628 me
439 2587 562 2643 percensitae
574 2587 677 2630 haereses.
708 2587 730 2629 ln
743 2590 814 2645 quibus
827 2591 863 2631 mi-

76 2668 120 2698 rum
131 2656 178 2700 illud
190 2657 253 2700 videri
266 2656 338 2700 nemini
351 2656 417 2708 debet,
433 2656 450 2699 si
461 2657 482 2699 in
491 2670 609 2714 unaquaque
621 2658 704 2715 regione
717 2658 807 2716 singulae
818 2660 862 2703 aliis

76 2726 192 2782 quibusdam
205 2727 317 2771 nominibus
335 2728 384 2770 allioi
397 2728 483 2770 soleant.
516 2726 569 2784 Quin
586 2735 606 2770 et
618 2728 665 2771 illud
680 2729 821 2773 observatione
834 2732 863 2773 di·

76 2810 137 2850 gnum
148 2805 191 2849 est,
212 2812 356 2855 saepenumero
369 2797 476 2853 quamlibet
488 2812 523 2853 per
535 2811 580 2840 sese
596 2797 689 2841 haeresin
704 2800 787 2841 scissam
799 2814 822 2841 ae
833 2801 862 2841 di-

77 2864 140 2907 visam
153 2867 219 2910 varias
230 2868 250 2909 in
261 2874 328 2923 partes
341 2873 361 2907 et
371 2866 469 2908 voeabula
480 2866 570 2909 distrahi.
601 2864 671 2921 Quod,
693 2869 778 2920 audiri,
800 2869 862 2910 admi-

77 2934 116 2975 rari
134 2950 174 2977 rien
190 2944 281 2993 oportet;
304 2950 327 2977 ae
343 2936 400 2991 plane
413 2935 441 2977 ita
453 2949 499 2977 sese
515 2950 547 2977 res
559 2935 626 2977 babet.
657 2935 753 2979 Ceterum
764 2935 862 2979 LXXXI

76 3046 119 3086 dite,
137 3052 155 3080 ut
169 3051 218 3090 solet,
235 3053 337 3090 exponentem
349 3051 367 3081 V.
381 3050 404 3081 et.
416 3051 458 3082 Hose
481 3052 544 3090 Bonn,
562 3051 589 3081 nbi
600 3051 649 3083 etium
661 3051 702 3085 duur
712 3052 767 3084 ettuutt
778 3052 860 3093 Epaphum

79 3092 95 3123 in
106 3093 164 3126 Leonis
175 3096 221 3128 ltine.
233 3096 272 3128 Htst.
288 3105 327 3137 pop.
336 3091 371 3128 lan
381 3103 404 3135 sq.
410 3118 416 3135 ‚
433 3096 457 3127 ed.
482 3097 537 3129 torum.
