1988 3392
221 221 317 278 canaan
325 244 368 277 nin.
378 243 408 277 nr.
420 245 477 279 non.
485 245 499 278 1.
511 244 579 278 naun.
588 244 670 278 nxxnr.
799 236 840 279 113

52 338 104 369 arus:
121 321 222 379 Scriptum
235 337 247 364 a
259 322 316 366 nobis
327 330 359 366 est
370 323 455 366 similem
466 338 511 367 esse
523 325 626 368 voluntate
638 324 712 376 lilium,
728 324 841 367 substantia

53 392 181 445 dissimilem
202 392 254 433 unte
265 392 313 434 illud
324 398 394 434 contra
409 392 537 449 scripsimus,
561 408 601 436 non
614 392 658 435 sola
668 392 783 447 volumtate,
805 393 842 436 sed

53 469 73 503 et
84 461 195 504 substantia
206 460 291 501 similem
302 474 356 502 esse.
387 457 487 514 Quoniam
502 462 564 518 igitur
580 462 638 519 primi
650 461 774 503 substantiae
786 476 841 503 mea-

53 530 127 572 tionem
140 528 227 580 lecistis,
243 542 287 570 cum
298 528 413 571 dissimilem
425 539 471 572 esse
481 530 592 573 substantia
602 530 708 582 dixeritis,
726 537 786 586 atque
796 530 842 572 ideo

38 588 40 592 ⁷
53 597 176 642 substantiae
187 611 259 639 nomen
271 610 282 638 e
295 598 360 639 medio
372 597 443 640 tollere
457 599 566 652 studeatis,
589 614 628 655 quo
644 599 687 641 sola
701 598 804 641 voluntate
816 598 844 640 si—

23 684 24 688 *
54 666 120 709 milem
138 680 184 708 esse
200 665 311 708 defendatis
328 666 400 718 lilium,
423 666 442 709 si
451 681 480 709 ex
489 667 550 709 animi
564 668 627 710 vestri
643 667 744 709 sententia
757 667 843 709 similem

53 736 75 778 in
86 735 177 778 omuibus
187 749 233 778 csse
244 735 294 791 patri
307 735 367 777 lilium
383 736 487 789 statuatis,
509 737 600 778 damnate
615 737 661 779 illos
673 736 800 778 anathemate
810 735 844 792 qui

54 804 188 847 similitudinis
199 803 313 846 discrimine
324 811 447 860 agnoscunt,
468 811 527 859 atque
538 804 565 846 ita
574 805 689 847 scribitote:
712 803 735 847 Si
746 806 791 861 quis
803 819 844 847 non

54 872 75 915 in
88 873 179 915 omnibus
196 872 280 916 similem
297 886 343 914 esse
360 872 411 928 patri
426 872 487 914 lilium
504 872 589 924 dixerit,
613 873 777 929 quemadmodum
792 872 845 930 patri

55 942 126 984 similis
138 949 170 984 est
179 941 243 993 lilius,
265 941 301 983 sed
316 940 419 983 voluntate
433 939 528 993 similem,
549 941 661 984 substantia
670 941 785 984 dissimilem
798 955 845 985 esse

56 1011 142 1063 dixerit,
165 1009 271 1053 anathema
284 1009 319 1052 sit.
349 1006 459 1052 Praeterea
470 1009 488 1050 si
498 1009 622 1052 substantiae
635 1024 708 1053 nomen
725 1024 846 1052 commemo-

56 1093 101 1122 rare
114 1079 188 1131 velint,
211 1093 235 1120 ac
250 1078 292 1120 suis
304 1077 393 1134 ipsorum
408 1077 588 1134 subscriptionibus
604 1078 715 1135 refragari,
738 1080 790 1121 lacta
803 1078 846 1121 ubi·

56 1163 95 1206 que
108 1147 233 1192 substantiae
250 1147 352 1190 mentione
367 1146 393 1190 iis
405 1160 455 1203 quae
467 1154 534 1204 patres
547 1148 632 1205 professi
643 1156 691 1191 sunt
701 1149 845 1200 assentiantur,
886 1140 888 1144 ἱ

57 1234 97 1261 non
114 1218 217 1261 voluntate
233 1218 305 1269 modo,
327 1217 362 1259 sed
377 1224 397 1259 et
409 1217 460 1273 quod
473 1218 497 1259 ad
510 1231 556 1260 esse
568 1217 633 1275 ipsum
644 1218 726 1270 attinet,
748 1232 772 1260 ac
782 1218 847 1260 subsi-

57 1286 163 1339 stentiam,
185 1294 204 1330 ct
219 1285 361 1338 existentiam,
385 1292 444 1342 atque
457 1286 477 1329 in
491 1286 582 1330 omnibus
597 1287 683 1344 denique
698 1286 783 1330 similem
800 1301 847 1330 esse

57 1358 108 1414 patri
118 1358 178 1400 filium
189 1363 292 1409 asserant,
307 1356 471 1412 quemadmodum
483 1355 553 1398 similis
564 1364 595 1399 est
606 1357 657 1413 patri
669 1356 733 1410 lilius,
750 1357 777 1399 ati
789 1371 847 1399 sacra

57 1426 128 1470 literae
143 1431 250 1468 testantur.

116 1492 211 1538 Ceterum
228 1493 341 1550 propositae
354 1493 382 1536 illi
397 1493 442 1535 fidei
453 1494 589 1548 confessioni,
610 1509 648 1551 qua
660 1495 712 1537 lilius
723 1495 744 1537 in
755 1495 848 1538 omnibus

59 1564 110 1622 patri
126 1563 196 1607 similis
213 1577 258 1606 esse
276 1563 380 1616 delinitur,
401 1562 429 1605 ita
444 1562 614 1620 subscripserunt.
645 1562 727 1607 Marcus
743 1565 849 1621 episeopus

60 1633 183 1676 Aretltusiae
194 1633 222 1674 ita
233 1632 293 1674 credo
306 1639 326 1674 et
336 1631 402 1675 seatio
414 1639 434 1674 ut
447 1645 507 1689 supra
518 1632 613 1689 scriptum
626 1640 666 1676 est.
697 1632 775 1676 Eodem
790 1632 849 1675 modo

60 1710 81 1745 et
93 1702 126 1759 qui
137 1702 220 1744 aderant
237 1700 406 1758 subscripserunt.
437 1700 466 1743 Aa
476 1699 553 1743 Valens
564 1701 616 1744 bunc
628 1702 649 1744 in
660 1703 751 1745 modum:
774 1700 850 1757 Quem-

60 1771 165 1814 admodum
181 1785 205 1813 ea
220 1777 279 1812 nocte
297 1785 354 1826 quam
372 1771 415 1813 dies
430 1768 566 1812 Pentecostes'
578 1777 704 1824 secataest,
725 1770 849 1828 superiorem

61 1839 113 1882 lianc
124 1838 290 1896 subscriptionem
302 1839 435 1891 ediderimus,
457 1847 531 1881 norunt
549 1840 634 1895 quitum
650 1847 768 1897 praesentes
784 1846 849 1891 erant,

62 1923 86 1952 ac
97 1909 140 1967 pius
150 1907 241 1965 inprimis
251 1907 371 1965 imperator,
393 1909 443 1965 apud
454 1922 512 1964 quem
525 1915 544 1950 et
554 1908 598 1950 sine
606 1909 681 1966 scripto
691 1924 734 1952 sam
744 1915 765 1951 et
776 1908 851 1966 scripto

62 1984 194 2021 contestatus.
225 1976 274 2020 Post
289 1978 338 2019 baec
348 1992 392 2019 cum
406 1976 481 2020 Valens
492 1991 530 2019 suo
543 1991 599 2020 more
608 1978 772 2035 subscripsisset,
794 1977 851 2020 etad

63 2046 229 2104 subscriptionem
240 2045 359 2098 addidisset,
381 2045 464 2088 similem
478 2059 524 2088 esse
539 2046 678 2102 palmatium,
701 2046 851 2103 praetermissis

63 2115 94 2158 bis
107 2114 202 2169 vocibus,
223 2116 356 2164 Incmne'bos,
379 2128 533 2171 cumqueeare
546 2115 680 2168 declarasset,
704 2117 851 2172 quemiuseu-

64 2199 108 2227 sum
118 2199 143 2227 ea
153 2199 204 2240 quae
216 2183 290 2240 scripta
301 2184 380 2226 fuerant
391 2182 533 2240 approbasset,
555 2198 579 2226 ae
590 2184 753 2239 quemadmodum
765 2183 851 2227 consub-

64 2253 163 2296 stantialis
176 2268 246 2296 vocem
258 2252 391 2309 intelligeret,
415 2251 458 2309 pius
471 2252 508 2294 boc
522 2252 631 2309 imperator
642 2253 769 2305 observavit,
791 2262 812 2295 et
821 2260 851 2305 ut,

64 2323 197 2372 Inomnt'dus,
220 2321 317 2365 adiiceret
332 2321 410 2377 coegit,
433 2321 492 2376 idque
509 2328 532 2363 nt
546 2321 613 2364 iussus
628 2329 672 2365 erat
687 2322 794 2378 praestitit.
824 2321 854 2364 At

64 2389 153 2434 Basilius
166 2391 279 2448 suspicatus
296 2404 356 2433 voees
372 2390 430 2442 illas,
452 2393 475 2431 In
492 2391 588 2441 omnibus,
610 2404 638 2433 ex
654 2391 733 2447 propria
747 2398 815 2433 mente
830 2405 853 2432 ac

65 2474 127 2504 sensu
137 2460 162 2503 ad
175 2460 279 2502 formulam
292 2459 394 2511 adiectas,
417 2473 461 2501 cum
473 2459 586 2517 exemplum
598 2459 731 2516 professionis
744 2460 797 2502 illius
812 2458 854 2502 Va-

65 2529 109 2571 lens
121 2543 165 2571 cum
178 2528 221 2571 suis
233 2528 306 2571 babere
318 2528 390 2580 vellet,
412 2527 464 2583 quod
480 2542 549 2570 secum
561 2529 585 2570 ad
595 2527 745 2570 Ariminensem
755 2529 854 2585 synodum

66 2597 167 2650 deferret,
191 2597 228 2639 boc
240 2597 298 2639 modo
309 2595 438 2652 subscripsit:
461 2595 549 2639 Basilius
560 2596 665 2653 episcopus
679 2598 774 2654 Ancyrae
785 2599 855 2650 credo,

67 2673 88 2709 ct
98 2665 199 2709 assentior
211 2665 237 2708 iis
253 2678 304 2721 quae
320 2664 466 2723 suprascripta
479 2672 536 2718 suut,
559 2664 644 2708 similem
657 2665 678 2707 iu
690 2665 782 2708 omuibus
795 2665 856 2708 conli-

68 2741 113 2778 tens
125 2734 187 2792 patris
203 2748 249 2777 esse
261 2734 329 2777 lilium.
359 2737 383 2776 ln
396 2735 483 2775 omnibus
495 2748 545 2777 vero
560 2748 605 2776 uum
621 2734 678 2788 dico,
700 2749 740 2777 non
754 2734 856 2777 voluntate

67 2804 132 2847 solum
141 2803 245 2859 intelligo,
268 2803 303 2845 scd
316 2811 337 2845 et
347 2802 477 2845 subsistentia
487 2810 508 2845 et
520 2802 641 2856 existentia,
662 2804 752 2860 adeoque
768 2802 857 2865 essentia

68 2872 124 2929 ipsa,
141 2878 209 2928 utpote
222 2872 294 2925 lilium,
312 2871 363 2928 quod
374 2886 445 2914 sacrae
458 2871 529 2915 literae
540 2872 670 2925 confirmant,
691 2871 781 2929 spiritum
793 2867 857 2928 espi-

68 2940 121 2994 ritu‚
137 2940 198 2984 vitam
212 2939 286 2994 evita,
303 2941 368 2984 lumen
380 2955 391 2983 e
403 2940 485 2994 lumine,
502 2941 560 2983 deum
572 2954 600 2983 ex
611 2941 661 2993 deo,
678 2955 748 2983 verum
760 2939 821 2981 lilium
830 2953 858 2981 ex

91 3032 109 3067 8.
121 3033 225 3067 Scribendnm
240 3036 279 3074 puto
291 3028 316 3073 ὠς
327 3031 349 3068 rol
360 3032 390 3067 tce
405 3031 450 3075 darc,
473 3035 502 3066 bus
512 3034 619 3074 concinentia,
630 3042 729 3075 quamquam
739 3040 776 3064 eam
786 3032 860 3065 vocabuli

69 3083 84 3112 et
99 3081 192 3120 interpretor
207 3075 229 3113 ml
243 3078 274 3114 tce
290 3080 384 3121 opopruptru
402 3080 451 3120 {idem
473 3080 603 3121 stpntltcattonern
612 3079 860 3121 quaprotemautfirmemnan

70 3125 155 3158 audomari
164 3126 257 3166 aequantia,
268 3134 334 3166 cumque
344 3134 361 3158 cc
370 3126 387 3157 ta
398 3127 449 3158 omui·
472 3126 527 3158 babeo.

106 3177 321 3220 corpmflaeresecl.1ta.
706 3185 719 3226 g
