1988 3392
126 219 168 258 422
415 226 499 260 SANGTI
507 226 625 260 EPIPHANII

127 304 158 348 ότι
173 302 278 354 ἀθάνατος
290 305 375 358 ἔμεινεν·
397 302 437 345 ἀλλ’
449 302 495 346 οίίτε
506 306 660 359 διαβεβαιοῦμαι
671 304 690 346 εί
700 304 803 359 τέθνηκεν.
830 303 911 363 ’Τπτρέ-
929 315 931 318 ’

35 378 119 415 nug-1⁰⁴⁴·
130 375 178 428 βαλε
188 370 226 428 γάρ
238 369 252 427 ῆ
263 371 332 429 γραφῆ
349 371 384 415 τόν
394 376 445 415 νοῦν
455 370 491 414 τόν
503 371 645 429 ἀνθρώπινον,
665 374 699 416 καλ
714 374 735 416 ἐν
745 371 837 431 μετεοίρφ
852 375 910 426 είαστ,

128 439 162 483 διά
174 439 196 483 τό
210 445 283 490 σκεῦος
298 439 320 483 τό
333 443 399 495 τίμιον
410 441 445 483 καὶ
461 440 592 496 ἒξοχιίτατον,
612 443 646 485 ἰ’να
659 440 686 497 μῆ
698 459 728 492 τις
739 443 760 485 ἐν
769 439 857 501 όπονοίηι
869 443 912 500 γέν·

127 527 186 565 υηται
198 511 245 567 περὶ
258 509 320 564 αὐτῆς
333 514 434 566 σαρκικῶν
445 509 573 567 πραγμάτων.
604 509 649 555 Κάν
663 527 684 554 τε
694 505 732 555 οὖν
744 511 851 566 τέθνηκεν,
874 510 912 556 οάκ

125 580 223 640 ἔγνωμεν.
254 579 294 622 Καὶ
306 580 325 623 εί
333 580 444 637 τέθαπται,
459 579 484 623 ού
495 584 593 636 συνῆπται
604 583 672 638 σαρκί·
688 579 716 637 μῆ
726 582 810 638 γένοιτο.
843 583 878 632 Τίς
890 582 912 626 δέ

129 648 287 707 φρενοβλάβειαν
303 650 368 708 ἑαυτῷ
386 647 504 707 συναγαγών
519 649 600 704 θελήσει
615 651 714 706 ἐνσκῆψαι
731 648 850 706 βλάσφημόν
867 669 912 695 τινα

129 717 239 770 ἀπόνοιαν,
260 719 293 761 καί
306 721 397 774 ίέπᾶραι
407 718 482 774 στόμα,
503 718 586 774 χαλάσαι
595 737 615 763 τε
626 725 725 778 γλῶτταν,
745 722 816 764 διελεῖν
827 720 849 763 δέ
859 723 912 775 χείλη

130 790 152 832 έκ
163 791 253 837 διανοίας
268 792 343 842 κακῆς,
364 793 438 842 μᾶλλον
453 786 620 843 δέάντὶύμνοιν,
642 790 677 832 καὶ
689 789 760 845 δόξης,
779 787 913 845 ύβρειςτινάς

130 858 228 909 ἐπινοεῖν,
247 858 282 900 καὶ
298 859 426 913 ἒμπαροινεῖν
442 859 470 908 εἰς
481 855 518 912 τῆν
533 855 592 915 δγίαν
603 858 717 916 παρθένον,
736 859 770 901 καὶ
783 856 811 913 μῆ
822 861 881 913 τιμᾶν
890 856 912 901 τό

129 927 259 981 τετιμημένον
273 930 350 975 σκεῦος.

39 1142 85 1188 Κεφ.
94 1140 122 1190 ιβ’.
190 1134 220 1175 Ei
235 1132 306 1175 δὲκαὶ
323 1131 365 1175 ἀπό
381 1130 440 1186 άλλης
456 1130 510 1183 τινός
525 1135 614 1189 θεαρίας
627 1131 665 1188 χρῆ
681 1135 749 1188 λαβεῖν
762 1131 786 1175 τά
800 1130 915 1189 πράγματα,

132 1200 286 1257 ψηλαφῆσωμεν
298 1202 332 1243 καὶ
344 1206 478 1257 φοσιολογιοῖν
490 1202 569 1256 σχέσεις.
600 1203 653 1244 Φασὶ
667 1199 705 1256 τῆν
714 1202 794 1244 λέαιναν
804 1200 831 1256 μῆ
843 1204 915 1245 τίκτειν

131 1270 183 1325 πλῆν
195 1274 243 1324 μιᾶς
253 1268 338 1325 γαστρός
349 1268 423 1323 μόνης,
444 1271 495 1324 ἔχειν
508 1270 529 1312 δὲ
540 1268 577 1324 τῆν
587 1271 651 1313 αἰτίαν
659 1270 744 1313 τοιάνδε.
776 1269 804 1312 Τό
817 1274 867 1321 ζῶον
879 1270 915 1324 μέν

129 1341 173 1398 ε’στι
186 1337 333 1394 1τραγότατον,
348 1336 443 1394 χαροιπόν
455 1337 476 1379 δὲ
486 1341 514 1396 τῷ
525 1339 573 1380 εἴδει
577 1372 583 1389 ,
604 1338 760 1394 έμβριθέστατον
769 1342 794 1397 τῆ
805 1337 866 1396 ἀλκῇ,
888 1334 916 1387 τίς

132 1410 205 1459 εἰπεῖν,
220 1404 374 1461 βασιλικώτατον
384 1406 442 1462 γένος
453 1407 486 1448 έπλ
497 1403 521 1447 τά
533 1403 581 1447 ἀλλα
591 1409 636 1457 ζῶα.
659 1404 727 1460 ’Ἐχειυ
739 1406 761 1448 δὲ
772 1404 807 1460 τῆν
817 1405 916 1460 σύλληψιν

132 1477 153 1527 έξ
166 1473 212 1524 ένός
225 1472 323 1530 συζύγου,
343 1478 404 1516 τελεῖν
417 1474 439 1516 δέ
449 1471 471 1516 τό
484 1473 657 1527 καταβαλλόμενον
668 1474 746 1529 σπέρμα
758 1474 841 1525 εἰκοσιέξ
852 1479 916 1529 μῆνας

133 1545 154 1588 έν
165 1548 190 1601 τῆ
200 1541 272 1597 νηδύϊ,
288 1540 336 1591 όίςτε
347 1540 382 1584 τόν
393 1540 482 1595 σκύμνον
493 1543 552 1584 ένδον
562 1543 596 1584 έπλ
606 1540 717 1596 τελειότητα
727 1542 825 1598 φέρεσθαι
836 1540 869 1585 διά
881 1541 916 1585 τόν

132 1611 216 1667 χρόνον,
237 1611 265 1658 εἷς
275 1608 298 1651 τό
311 1610 364 1652 2καὶ
375 1608 422 1659 τούς
438 1608 514 1659 πάντας
529 1608 615 1659 ὀδόντας
630 1610 680 1663 ἔχειν
691 1608 743 1664 ῆδη,
765 1610 812 1666 πρὶν
822 1609 836 1665 ῆ
847 1612 869 1653 έκ
880 1614 916 1665 τῆς

133 1677 217 1736 γαστρός
226 1678 335 1732 προέλθοι,
355 1678 389 1718 καὶ
401 1677 448 1726 τούς
459 1675 532 1731 όνυχας
545 1677 567 1719 έν
579 1675 647 1735 ῆλικίμ
659 1680 758 1735 στασίμῳ,
777 1678 825 1727 τούς
834 1694 854 1720 τε
866 1691 915 1720 πασ-

134 1750 239 1795 σαλίσκους
249 1745 397 1799 καλουμένους,
417 1745 452 1787 καὶ
462 1743 596 1797 κυνόδοντας,
612 1743 648 1794 τάς
658 1762 678 1787 τε
690 1744 766 1799 μόλοις,
780 1747 814 1788 καλ
825 1743 850 1788 τά
860 1744 915 1797 ἀλλα,

134 1814 172 1859 όσα
188 1817 274 1871 περίεστι
289 1816 317 1872 τῷ
329 1812 378 1869 ζσόῳ.
406 1811 439 1856 Ἐν
453 1816 482 1872 τῷ
498 1807 535 1856 ούν
552 1810 603 1856 εἶναι
617 1811 680 1856 αύτόν
695 1815 716 1857 ἒν
727 1818 753 1874 τῆ
764 1816 829 1872 κοιλίᾳ
844 1815 918 1864 ένταῖς

133 1882 257 1941 σκιρτήσεσι,
273 1881 362 1936 ιιιυῆσεσί
373 1899 393 1924 τε
403 1883 438 1924 καὶ
447 1887 490 1932 τοῖς
499 1879 564 1932 ἀλλοις
575 1880 658 1939 τρόποις
669 1881 703 1925 διά
716 1887 757 1925 τῶν
768 1880 847 1938 όνύηων
856 1900 916 1926 κατα-

133 1958 199 2006 σπᾶν,
219 1953 270 2004 ξέειν
279 1968 300 1994 τε
310 1951 346 2002 τάς
357 1949 489 2009 έγκυμονικάς
501 1951 578 2010 μήτρας
590 1968 611 1995 τε
623 1953 658 1995 καί
673 1948 763 2009 δστέράς.
791 1949 825 1995 Ἐν
836 1955 865 2012 τῷ
880 1945 918 1996 σύν

80 2022 82 2024 ’
134 2024 167 2067 ἐπὶ
186 2021 223 2067 3τό
240 2024 312 2066 τίκτειν
329 2020 365 2078 τῆν
380 2022 455 2080 μητέρα
466 2020 534 2077 ῆκειν,
556 2018 599 2065 κατ’
612 2023 689 2078 ἐκείνην
704 2021 741 2079 τῆν
756 2020 833 2080 ἡμέραν
843 2020 919 2073 παντός

134 2093 234 2151 ἀργαλέου
246 2097 371 2149 κυοφορικῆς
382 2091 463 2146 φύσεως
475 2091 579 2149 ἀλλοτρίαν
590 2090 627 2148 τῆν
638 2092 722 2150 γαστέρα
729 2094 827 2150 γίνεσθαι.
858 2090 918 2135 Μετά

134 2163 172 2220 γάρ
187 2168 224 2206 τοῦ
243 2167 325 2206 τοκετοῦ
339 2164 374 2206 καλ
388 2160 424 2212 τάς
437 2159 521 2218 ύστέρας
536 2162 572 2204 καὶ
587 2160 624 2212 τάς
638 2161 715 2218 μήτρας
731 2163 859 2218 έκιιρίνεσθαι
877 2160 919 2216 άμα

135 2233 198 2286 φασίν
209 2234 230 2275 οἱ
241 2230 369 2289 φυσιολόγοι,
390 2230 438 2282 δι’ςτε
454 2232 523 2286 μηκέτι
537 2228 574 2285 τῆν
588 2229 673 2286 θῆλειαν
684 2229 802 2288 ὀρέγεσθαι,
822 2232 841 2275 εί
850 2230 878 2287 μῆ
889 2249 919 2282 τις

134 2300 175 2360 άρα
188 2305 223 2357 βία
233 2302 321 2358 γένοιτο,
337 2301 385 2355 μήτε
396 2301 442 2356 μέν,
458 2300 520 2343 εἶκαὶ
531 2297 586 2355 τύχοι
597 2303 696 2358 συναφείρι
706 2301 744 2344 τινί
755 2300 918 2356 ἀναγκασθῆναι,

135 2373 164 2414 έτι
181 2370 283 2413 δύνασθαι
300 2372 399 2422 κυΐσκειν,
422 2368 449 2424 μῆ
467 2368 534 2412 ούσῶν
553 2373 592 2412 τοῖν
609 2373 701 2426 μητρῶν,
722 2367 756 2411 εἴτ’
772 2363 809 2412 ούν
825 2366 918 2427 ύστερῶν.

132 2434 184 2496 ἶλρα
197 2443 248 2496 γοῦν
265 2440 351 2482 δέδωκεν
366 2435 415 2494 ῆμῖν
429 2440 464 2481 καὶ
479 2437 530 2493 αάτη
546 2435 560 2492 ῆ
570 2437 684 2481 ἀκολουθία
700 2441 823 2494 πορίσασθαι
839 2440 868 2488 είς
882 2436 919 2492 τῆν

138 2509 295 2562 ἐπιζητουμένην
315 2509 451 2565 πραγματείαν
468 2505 549 2549 έννοιάν
564 2523 608 2549 τινα
624 2507 707 2562 σχέσεως
723 2508 756 2550 ἐπὶ
775 2505 797 2550 τό
816 2507 920 2562 συμφέρον

137 2575 277 2631 μάλλονῆέπὶ
288 2576 311 2620 τό
323 2576 417 2632 βλάπτον.
447 2577 477 2616 Εί
489 2573 539 2631 γάρ,
561 2574 674 2629 4Σκύμνος
687 2576 766 2625 λέοντος
779 2574 868 2626 Ἰούδας,
889 2576 919 2618 αί-

136 2649 221 2689 νίττεται
233 2644 308 2700 Ἰακτόβ
324 2647 385 2703 λέγων
401 2643 436 2688 τόν
455 2642 552 2700 Χριστόν,
576 2645 626 2687 5ιιαλ
644 2643 692 2693 τούς
707 2645 729 2687 έν
744 2648 768 2703 τῇ
781 2643 920 2697 Ἀποκαλύψει

46 2742 81 2771 pag.
90 2733 128 2763 1⁰45.
137 2714 247 2767 Ἰωάννου,
261 2712 329 2766 Ἰδού,
345 2716 434 2770 ἐνίκησεν
446 2711 458 2756 ό
469 2713 529 2765 λέων,
544 2714 605 2767 φησὶ,
621 2711 634 2756 ό
644 2714 666 2756 ἐκ
676 2716 741 2767 φυλῆς
751 2710 833 2765 Ἰούδα,
851 2713 887 2755 καὶ
898 2713 920 2755 ἐκ

136 2786 250 2841 σπέρματος
262 2785 328 2837 Δαβλδ
335 2817 340 2834 ,
361 2783 425 2826 λέοντι
436 2780 475 2837 ἀρα
488 2782 648 2838 παρεικασμένον
659 2786 697 2824 τοῦ
709 2783 792 2838 κυρίου,
813 2778 920 2843 ούχλκατά

159 2898 175 2933 6.
193 2898 255 2942 ἐπᾶραι
271 2901 381 2939 υστνίμιαιλιιαι
396 2908 428 2931 esse
444 2898 517 2936 viderunt
563 2897 651 2929 Gaaxn.
664 2914 686 2921 —-
711 2896 727 2929 1.
743 2894 921 2939 δαίθταδιιιηηοργό-

137 2947 224 2978 Carnarius
239 2945 308 2987 (vertens
319 2950 336 2975 et
348 2955 366 2976 os
381 2942 447 2979 tollere)
461 2945 476 2975 ιλ
486 2943 517 2974 Ρι-
539 2952 599 2983 τατοο,
609 2942 627 2974 id
637 2943 679 2983 quod
689 2943 746 2981 ιιιοεμο
756 2942 824 2982 exempli
834 2942 921 2974 Schottiam'

137 2993 195 3022 ιοαὶαε,
218 2991 262 3021 Libri
279 2991 326 3029 υυλμο
344 2986 410 3029 ἐπάραι.
433 2990 487 3020 Etiam
500 2990 517 3019 τίι
541 2988 589 3030 (τίμια
601 2988 621 3018 M.
634 2986 697 3026 addito]
710 2987 772 3017 suadet.

137 3044 187 3076 marg.
200 3036 267 3075 exempli
279 3035 366 3066 schottiani
376 3034 433 3075 λεμιλαν
443 3032 517 3065 emenda·
563 3033 579 3064 2.
593 3029 654 3069 κετούς
665 3032 701 3064 cod.
712 3031 779 3072 Rhedi9.

136 3084 170 3113 λκιο
182 3078 254 3122 ἐπᾶραι,
266 3080 321 3111 addito
332 3080 372 3120 εἰρλο
383 3080 405 3111 Μ,
563 3075 579 3109 3.
597 3087 622 3110 τω
638 3077 673 3109 cod.
685 3077 716 3108 len.
739 3076 765 3121 τῷ
779 3077 814 3110 cod.
827 3077 892 3119 λλλιδίμ.
907 3078 921 3108 ελ
