1988 3392
189 246 376 281 romannorum.
393 247 448 282 ron.
457 249 479 281 n.
496 247 575 282 oxeos.
587 246 632 280 ero.
646 245 742 280 cernon.
815 236 857 279 493

76 341 178 373 numerum
194 327 315 370 invenimus.
347 326 413 370 Unum
430 328 500 384 quibus
515 335 596 386 propter
612 341 671 369 unam
687 327 739 368 illam
752 342 763 369 a
776 325 858 382 reliquis
875 353 877 356 -

75 397 184 452 divulsam,
206 404 227 437 et
239 398 271 438 uni
288 410 362 452 sponso
378 396 483 448 tributam,
505 399 529 439 de
545 412 583 452 qua
600 395 712 439 istiusmodi
727 396 858 451 appellatione

75 464 204 513 testificatur,
223 467 264 504 Uno
273 472 302 505 est
311 466 398 505 colomba
408 479 456 513 meo,
474 472 493 505 et
503 480 585 516 rursus,
601 466 689 516 Perfecta
700 478 748 504 meo.
780 463 858 518 Quibus

74 532 146 575 indioat
158 530 239 585 pellices
252 546 322 573 omues
334 532 432 586 ignobiles
443 536 465 572 et
476 533 570 574 obseuras
582 547 636 584 esse,
654 546 691 572 nee
701 532 814 572 innooeutia
824 538 859 572 aut

75 599 167 641 castitate
182 612 205 638 ao
216 594 298 639 lenitate
314 600 401 639 eenseri.
433 598 459 639 Et
475 599 552 653 quidem
566 600 590 639 ab
602 600 659 640 initio
671 600 695 639 ad
707 597 857 639 Barbarismum

74 681 97 708 ae
113 663 248 722 Scytbismum
263 665 286 706 ad
303 674 414 721 postremos
432 680 494 722 usque
512 664 647 707 Massalianos
662 664 748 706 LXXV
764 665 858 706 haeresos

74 735 185 791 adscriptae
201 741 255 775 sunt.
286 735 317 776 Ad
335 749 384 791 quas
397 734 533 789 Hellenismo,
553 736 605 777 uude
618 735 720 791 gentilium
736 741 817 786 sectae,
839 741 859 774 et

75 804 186 857 ludaismo,
203 818 214 846 a
226 819 265 861 quo
278 801 370 848 lodaieae
381 803 591 863 Samaritanorumque
603 806 701 858 laotiooe,
722 806 775 849 uude
787 801 858 848 Sama-

75 876 144 919 ritieae
164 883 282 928 manarunt,
305 876 456 929 accedentibus,
479 877 516 919 hoe
533 884 563 918 est
579 877 642 918 tribus
657 876 738 918 omniuo
753 877 814 919 sectis
833 876 857 917 ad

74 942 179 988 LXXVll
192 946 314 1001 superiores,
331 943 418 987 LXXX
429 960 523 987 numerus
534 946 624 987 efficitur.
656 942 754 1000 Superest
764 945 858 997 una,⁴ui-

74 1015 144 1057 mirum
155 1020 224 1056 saneta
234 1021 254 1055 et
265 1014 372 1066 catholiea,
389 1014 485 1066 eeclesia,
502 1028 553 1070 quae
564 1028 613 1056 vere
624 1011 738 1056 Christiana
749 1015 819 1069 religio
829 1015 858 1056 di-

75 1084 138 1134 eitur,
160 1096 249 1138 quaeque
260 1084 299 1125 iam
311 1090 352 1124 tum
366 1083 423 1134 olim,
445 1091 521 1125 etoum
536 1082 627 1134 Adamo,
648 1083 689 1123 imo
701 1090 748 1124 ante
759 1083 857 1124 Adamum

73 1152 148 1206 ipsum,
171 1150 261 1205 adeoque
277 1157 323 1192 ante
335 1152 401 1193 omnia
411 1152 491 1192 saeoula
508 1165 552 1192 oum
564 1148 646 1192 Christo
657 1150 734 1203 lloruit,
756 1152 780 1192 de
797 1152 858 1206 patris

75 1232 97 1259 ae
109 1218 143 1258 lilii
156 1224 177 1257 et
188 1218 269 1271 spiritus
284 1219 348 1259 saneti
363 1220 474 1259 voluntate.
505 1216 543 1259 Cui
557 1218 635 1272 quidem
647 1232 717 1258 eorum
727 1220 813 1259 omnium
825 1219 858 1273 qui

74 1285 94 1325 io
115 1284 202 1338 qualibet
218 1284 348 1338 generatione
366 1286 403 1326 deo
424 1286 539 1340 placuerunt
558 1293 647 1339 tempore
669 1285 718 1325 fides
740 1293 771 1326 est
792 1285 858 1325 habita

75 1359 94 1393 et
109 1350 228 1393 adveniente
245 1351 264 1393 in
282 1351 333 1393 buno
348 1353 441 1394 mundum
455 1349 536 1394 Christo
552 1351 632 1393 domino
643 1352 748 1394 manifeste
761 1359 792 1394 est
803 1359 858 1409 pate-

75 1422 138 1474 laota,
161 1434 213 1462 nuuo
230 1428 295 1464 autem
310 1428 354 1477 post
366 1422 480 1480 superiores
493 1435 563 1465 omues
580 1421 686 1474 haereses,
709 1421 753 1465 sive
766 1421 856 1480 pellioes,

74 1492 164 1535 oratione
176 1498 244 1534 nostra
257 1491 401 1550 praedicanda,
423 1493 586 1550 quemadmodum
601 1492 686 1536 instituti
698 1491 796 1535 sermonis
809 1493 857 1535 ordo

74 1563 166 1618 postulat.

131 1630 209 1688 Quippe
221 1632 303 1674 verbum
314 1631 377 1688 ipsum
390 1633 409 1674 in
426 1630 516 1675 Cantieis
530 1631 567 1673 boe
579 1632 638 1674 modo
651 1633 775 1675 numeravit:
795 1634 858 1673 Serra-
870 1637 953 1684 Capru.

73 1705 130 1754 goieto
139 1704 229 1753 reginos,
246 1709 266 1741 et
275 1704 372 1754 octoginta
382 1704 468 1755 pellices,
486 1710 505 1742 et
516 1704 668 1742 adolescentulas
677 1716 757 1754 pitaram
768 1717 858 1743 terratenus
899 1746 901 1748 ,

74 1778 162 1810 nonest:
179 1783 217 1809 naa
227 1778 268 1819 est,
285 1769 356 1824 inquit,
373 1772 459 1810 colomba
469 1786 517 1820 rnen,
531 1772 619 1823 perfeeto
630 1785 678 1819 meo,
696 1774 752 1811 artico
762 1779 793 1811 est
800 1775 860 1811 matri

73 1852 131 1886 aare,
152 1839 212 1878 eleeto
220 1840 314 1890 genitrici
323 1853 377 1878 sane.
409 1837 463 1879 Tum
481 1840 527 1880 illud
543 1839 678 1890 demonstrat,
694 1839 857 1893 quemadmodum

73 1905 157 1960 reperiri
174 1905 198 1945 ab
215 1905 306 1945 omnibus
323 1906 397 1959 possit,
420 1913 487 1960 utpote
507 1919 558 1960 quiae
577 1905 669 1946 omnibus
686 1905 803 1946 honoratior
821 1907 856 1957 sit,

73 1971 157 2027 imperet
173 1972 276 2022 omnibus,
299 1978 358 2026 atque
373 1972 411 2027 ipsi
426 1973 468 2013 sola
481 1973 535 2013 velut
547 1972 621 2012 eximia
635 1973 662 2013 sit
673 1979 692 2012 et
705 1972 779 2024 eleeto,
801 1973 857 2014 euius

73 2039 108 2081 lilii
120 2053 179 2096 reges
191 2039 274 2081 heredes
292 2047 339 2081 sunt
351 2055 373 2082 ao
385 2040 482 2095 legitimi,
505 2040 542 2082 boe
554 2047 584 2081 est
593 2042 726 2093 promontoriis
736 2042 803 2090 liberi,
819 2057 857 2082 aon
868 2049 921 2078 flat-t·
930 2049 952 2079 ³1.

74 2112 166 2161 ancillae,
188 2108 350 2169 nequepellieis,
371 2118 521 2164 ceterorumve,
543 2110 658 2167 quoeuullo
671 2125 754 2154 numero
767 2126 858 2170 eompre-

74 2180 195 2224 ltenduntur.
220 2179 317 2236 Quamvis
328 2181 381 2224 enim
392 2196 418 2224 ex
430 2179 528 2224 Chettura
539 2181 647 2224 concubina
659 2195 696 2223 sua
705 2182 779 2224 liberos
791 2180 858 2225 Abra-

74 2249 142 2293 bamus
156 2254 280 2307 susceperit,
296 2251 369 2293 nullam
381 2259 451 2302 tamen,
457 2252 489 2293 isti
502 2266 546 2293 euru
560 2249 629 2293 lsaaoo
645 2252 664 2293 io
677 2251 789 2307 patrimonii
802 2266 856 2294 eom·
865 2259 952 2298 Genese.

74 2321 187 2361 munionem
200 2323 294 2370 veniunt,
315 2321 350 2361 sed
367 2334 450 2362 munera
469 2321 578 2371 duntaxat,
598 2321 655 2375 quasi
669 2321 735 2375 legata
750 2322 855 2376 quaedam,

75 2387 186 2444 aecipiuut3
207 2396 229 2430 ut
241 2388 317 2430 altioris
331 2403 368 2430 uos
381 2402 453 2430 sensus
468 2389 531 2443 figura
546 2389 590 2444 ipsa
602 2396 726 2430 commoneat
737 2403 762 2431 ne
773 2389 817 2444 quis
832 2390 856 2431 de

75 2452 151 2497 Christi
167 2457 272 2498 vocatione
286 2457 384 2512 desperet.
416 2455 470 2497 Nam
485 2457 518 2497 illa
531 2457 595 2508 dona,
617 2470 668 2512 quae
680 2454 760 2498 ismaeli
773 2454 857 2499 Chettu-

75 2535 148 2578 raeque
166 2523 212 2564 liliis
228 2523 355 2565 Abrabamus
374 2524 487 2574 distribuit,
511 2525 622 2565 luturorum
641 2526 737 2565 bonorum
748 2526 856 2580 imaginem

75 2589 229 2641 adumbrabant,
252 2604 301 2644 quae
320 2591 423 2632 conversis
439 2592 463 2631 ad
479 2592 536 2645 tidem
553 2597 574 2631 et
590 2592 695 2632 veritatem
713 2592 784 2633 animis
799 2600 858 2633 eraut

75 2656 193 2699 obventura.
225 2656 304 2699 Etenim
317 2658 374 2713 Agar
387 2659 483 2711 ancillae,
506 2673 563 2714 quam
573 2659 699 2701 Abrabamus
715 2659 785 2712 eiecit,
806 2675 857 2716 quae
870 2670 961 2706 nauata

75 2733 106 2768 est
120 2726 221 2771 interioris
233 2725 358 2770 Hierusalem
371 2728 434 2786 figura
445 2743 489 2771 eum
505 2728 573 2772 liberis
583 2729 626 2772 suis
638 2744 677 2773 una
693 2730 811 2784 servientis,
833 2733 856 2775 de

76 2811 113 2852 qua
124 2797 217 2855 seriptum
229 2806 272 2852 est,
288 2800 360 2840 Adzeei
371 2808 449 2841 matrem
460 2809 551 2849 oestrum,
567 2800 626 2853 item,
643 2804 694 2842 Dedi
704 2803 788 2843 libellam
797 2817 854 2856 repa-
877 2813 913 2841 ose.
922 2812 937 2843 a.

76 2869 133 2909 diiin
143 2883 211 2909 meaos
221 2870 280 2909 illios.
313 2866 365 2909 Huie
375 2869 454 2924 iuquam
467 2870 525 2925 Agar
534 2869 624 2922 ancillae,
641 2872 666 2912 ad
675 2885 729 2927 spem
741 2873 856 2913 couversio—

75 2934 281 2990 nisadumbranda1o‚
298 2943 342 2978 uter
353 2950 416 2993 aquae
428 2938 484 2980 datus
496 2946 539 2990 est,
560 2953 599 2994 quo
613 2939 686 2983 lavaori
698 2939 856 2995 regenerationis

75 3038 111 3069 edit.
123 3040 179 3072 Petov.
193 3042 246 3074 Coton.
258 3045 306 3082 repet.
477 3044 525 3074 etiam
535 3042 626 3074 comanos.

98 3080 322 3127 ‘La’vabdveod-Rbedtp.
345 3081 453 3129 ipaaoteoa.
500 3082 680 3128 adnotationes.
703 3085 754 3130 ἡμῶν
766 3089 804 3121 editi
815 3090 855 3121 libai.

76 3126 107 3160 len.
119 3132 134 3161 et
145 3130 195 3171 editt;
211 3130 305 3164 futurorum
315 3131 398 3163 bonorum
409 3133 456 3164 vertit
