1988 3392
247 211 340 247 ruusau
351 212 394 247 nro.
401 212 431 246 ur.
443 209 692 248 nominaremur.
822 199 862 242 103

78 307 143 349 nequo
160 291 224 346 lilius,
247 293 282 336 sed
295 292 377 348 spiritus
387 300 480 345 sanctus,
503 305 561 349 quem
578 305 615 349 per
627 290 689 332 lilium
702 296 760 346 pater
770 287 864 330 fidelibus

78 361 169 416 largitur.
200 360 269 418 Quare
286 362 357 403 merito
376 361 504 404 subsistentis
521 357 667 416 existentisq'ue
683 358 746 416 patris
762 372 786 400 ao
798 357 834 399 lilii
845 364 866 400 et

78 431 160 488 spiritus
175 430 239 473 sancti
254 430 400 488 proprietates,
422 437 444 472 ut
453 429 551 482 diximus,
567 428 719 473 subsistentium
733 440 864 483 personarum

78 499 196 557 hypostases
208 497 323 543 Orientales
336 499 450 552 nominant,
470 513 513 541 non
532 507 554 541 ut
567 507 610 542 tres
625 499 669 541 illas
685 498 804 554 hypostases
826 495 866 538 tria

78 569 185 626 principia,
202 576 270 611 tresve
283 568 332 622 deos
344 582 389 611 esse
402 568 476 611 dir-ant.
507 567 559 610 Nam
578 583 613 611 eos
629 567 756 610 anathemate
770 565 866 607 damnant

78 637 112 694 qni
120 645 162 680 tres
172 639 220 680 deos
232 646 333 680 asserunt.
357 636 430 694 Neque
441 651 491 680 vero
501 645 577 695 patrem
590 638 683 680 etlilium
695 636 746 677 duos
758 648 804 677 esse
816 635 865 676 deos

78 707 153 749 dicunt.
183 705 228 749 Hoc
240 707 292 750 enirn
304 709 402 760 latentur,
418 721 477 749 unam
489 721 535 749 esse
546 707 677 759 divinitatem,
694 718 746 762 quae
756 718 793 761 per
802 704 865 746 utinm

78 776 97 818 iu
107 775 177 833 spiritu
188 783 258 819 sancto
268 777 371 819 contineat
382 776 487 828 univcrsa3
499 791 557 819 unam
568 777 648 833 iuquam
658 775 791 826 divinitatem,
803 787 865 816 unum

77 859 173 900 regnum,
194 853 253 901 atque
270 860 330 887 uuum
346 844 452 902 imperinm
469 859 515 887 esse
531 847 661 888 confutentur.
691 845 718 888 Er
735 842 865 887 nibilominus

77 928 174 971 personas
190 913 210 956 in
226 914 362 971 hypostaseon
379 927 459 956 suarum
476 913 630 971 proprietatibus
640 915 671 971 pie
685 914 813 965 discernunt,
829 925 864 968 pa-

77 990 127 1024 trem
145 982 237 1025 videlicet
252 984 273 1024 in
289 990 371 1039 paterna
387 982 492 1024 maiestate
509 982 663 1036 subsistentem3
685 983 747 1024 filium
759 996 809 1024 vero
823 995 864 1022 non

76 1058 151 1109 partem
167 1065 213 1094 esse
225 1051 287 1108 patris
298 1051 422 1106 intelligunt,
443 1051 478 1093 sed
494 1066 505 1093 a
517 1052 607 1108 perlecto
619 1059 675 1109 patre
686 1051 795 1108 perlectum
807 1049 864 1105 geni-

77 1128 118 1162 tum
130 1126 156 1162 'ae
176 1119 318 1162 subsistentem
340 1127 460 1175 agnoscunt.
495 1121 527 1162 Ac
548 1120 633 1176 denique
653 1120 743 1178 spiritum
763 1125 862 1169 sanctum,

76 1202 134 1245 quem
147 1189 244 1245 scriptura
256 1202 314 1231 saera
326 1186 453 1240 Paracletum
466 1196 534 1240 vocat,
551 1203 562 1230 a
574 1196 630 1246 patre
642 1203 678 1246 per
691 1189 753 1231 lilium
765 1188 864 1245 prodeun-

76 1265 116 1300 teru
128 1272 151 1300 ac
162 1258 303 1300 subsistentem
322 1257 428 1299 deliniunt.
460 1257 631 1313 Quemadmodum
649 1258 762 1315 paracletus
776 1257 810 1299 ille
828 1269 864 1298 ve-

76 1326 140 1369 ritatis
155 1326 236 1382 spiritus
252 1325 357 1368 veritatem
375 1327 437 1384 ipsam
450 1340 487 1369 nos
503 1328 573 1380 docet,
594 1334 693 1383 quaeest
709 1326 771 1368 lilius.
801 1328 967 1367 Nomou-cunum

75 1399 124 1437 enim
133 1399 190 1445 decri,
215 1398 382 1448 comitialem,
399 1398 439 1436 nisi
447 1399 467 1436 in
478 1398 550 1448 spalato
559 1404 633 1437 saneto.
666 1393 701 1438 Sic
715 1402 735 1437 et
748 1396 813 1448 lilius,
829 1394 863 1450 qui

76 1465 151 1507 veritas
161 1472 204 1517 est,
221 1465 278 1505 deum
288 1477 358 1505 verum
371 1455 446 1519 patient
458 1478 515 1506 suum
527 1478 572 1506 esse
584 1465 616 1520 pie
629 1478 666 1507 nos
680 1464 767 1516 edocuit,
784 1464 861 1515 dicens,

76 1537 115 1587 Qui
123 1537 174 1575 uidet
185 1548 214 1574 me
224 1535 275 1573 veliet
285 1540 306 1573 et
313 1540 398 1587 patrem,
428 1530 491 1589 lgitur
503 1533 565 1575 lilium
578 1533 600 1575 in
613 1533 683 1590 spiritu
698 1540 779 1586 saneto,
796 1541 817 1575 ut
827 1547 863 1590 par
869 1538 966 1577 tom-rao.

18 1654 19 1658 Ἰ
76 1610 119 1654 est,
139 1601 279 1658 intelligimus,
300 1601 498 1657 inunigenitovero
511 1602 572 1643 filium
586 1602 630 1659 pie,
651 1608 672 1644 et
684 1609 706 1644 ot
717 1616 754 1659 par
766 1608 808 1656 est,
828 1615 863 1659 pa-

76 1678 125 1713 trem
137 1684 183 1713 esse
193 1684 307 1713 censemus.
338 1669 383 1712 Hoc
393 1677 424 1711 est
437 1671 484 1712 lidei
494 1671 550 1712 velut
562 1670 661 1728 sigillum,
682 1672 703 1714 in
714 1686 753 1728 qno
764 1671 863 1728 baptizari

75 1754 112 1782 nos
124 1740 214 1782 salvator
226 1754 250 1781 ao
261 1738 352 1782 dominus
363 1736 422 1781 Iesus
433 1736 526 1782 Christus
539 1739 645 1796 aliqnando
655 1740 723 1793 iussit,
739 1740 771 1783 bis
784 1740 861 1792 verbis,

75 1811 148 1850 Euntes
157 1811 222 1850 docete
231 1823 295 1849 omnes
304 1816 384 1861 gentes,
402 1809 523 1862 baptizantes
533 1823 566 1849 eus
575 1811 595 1849 in
608 1812 683 1850 rtomz'ne
694 1813 770 1864 patris,
787 1817 807 1850 et
810 1811 861 1864 filii,
880 1802 939 1875 22³²&

74 1892 98 1918 oe
112 1881 193 1931 miretur
206 1881 276 1918 sorieo'.

133 2012 229 2058 Ceterum
246 2029 290 2057 cum
306 2014 330 2056 de
347 2015 436 2071 perfecta
448 2013 484 2055 lilii
496 2029 540 2057 oum
557 2022 612 2071 patre
624 2015 753 2058 similitudine
764 2015 804 2058 alio
817 2015 862 2057 loco
896 2018 936 2062 Gap·

76 2083 139 2127 fusius
158 2082 337 2140 disputaverimus,
360 2082 391 2124 bic
407 2089 473 2124 tameu
489 2083 579 2125 breviter
593 2084 702 2126 observare
719 2098 759 2126 non
777 2083 861 2140 pigebit,
885 2064 942 2098 xm

75 2152 198 2209 apostolum,
215 2151 247 2207 qui
260 2152 291 2192 dei
304 2166 345 2193 uon
354 2150 481 2208 aspectabilis
493 2151 579 2207 imagine
591 2152 653 2194 lilium
665 2166 710 2194 esse
721 2152 780 2204 dixit,
797 2166 861 2207 eoque

59 2209 62 2214 ¹
75 2221 133 2263 modo
143 2220 205 2278 patris
217 2234 263 2263 esse
274 2219 358 2262 similem
372 2220 446 2273 docuit,
463 2220 503 2262 alio
514 2221 598 2276 quodam
610 2221 630 2263 in
642 2221 687 2264 loeo
697 2221 861 2278 quemadmodum

75 2291 102 2333 sit
113 2289 254 2344 intelligendus
272 2289 325 2330 fitius
338 2290 449 2345 aperuisse.
480 2288 534 2332 Nam
551 2292 571 2332 in
584 2290 669 2347 epistola
681 2305 740 2347 quam
752 2291 776 2333 ad
786 2288 862 2347 Pbilip-

76 2372 148 2415 peuses
163 2358 243 2414 scripsit
253 2357 281 2399 ita
292 2357 390 2413 loquitur:
411 2360 451 2410 Qui
460 2373 503 2399 eum
516 2363 536 2400 in
546 2361 609 2413 fhrmo
620 2363 653 2401 dei
663 2368 714 2401 esset
722 2375 761 2401 non
771 2363 859 2413 rapinam
867 2370 926 2409 uuita,
935 2372 950 2400 a.

75 2429 183 2468 arbitratos
194 2434 224 2467 est
237 2441 279 2467 esse
291 2441 312 2466 se
323 2429 420 2479 requietem
432 2430 477 2477 deo,
499 2431 534 2469 sed
548 2432 667 2483 semetipsum
684 2431 800 2486 carbonum,
819 2430 862 2483 serr-

38 2504 39 2507 ’
75 2511 124 2537 mom
138 2498 192 2536 serui
204 2498 310 2547 accubueris,
334 2497 505 2537 ubstim'lituclrbem
517 2499 612 2538 uomitum
624 2500 699 2544 metues:
721 2498 745 2538 ad
757 2496 862 2539 Romanos

75 2579 125 2606 vero
138 2562 240 2605 scribens:
265 2565 319 2616 Quod
329 2565 378 2603 errata
389 2572 432 2604 erat
443 2566 558 2618 zinposoibile
570 2569 620 2619 legi,
641 2570 661 2608 ιἰι
675 2582 712 2621 quo
727 2567 863 2620 zbfirmobotur
871 2577 958 2615 mumma,

73 2648 109 2687 per
125 2646 212 2681 cernent,
233 2634 280 2671 ιίιιιι
289 2633 356 2685 filiam
373 2647 429 2673 suum
445 2636 522 2675 mittens
538 2637 557 2674 in
572 2637 697 2676 seinilitudz'ne
711 2637 787 2684 cornio,
810 2636 863 2675 etde

72 2709 153 2755 peceato
163 2703 294 2742 condemnavit
301 2708 401 2753 peceatum
413 2704 433 2742 ιἰι
446 2716 511 2743 corne.
544 2701 579 2744 Sic
593 2702 655 2759 igitur
669 2703 707 2746 hoo
719 2702 792 2760 duplici
806 2702 863 2744 testi-

75 2770 143 2811 monio
160 2783 188 2810 ex
200 2768 294 2811 ambabus
308 2768 398 2823 epistolis
411 2770 527 2827 deprompto
542 2770 566 2812 ab
577 2786 674 2827 corporea
688 2778 759 2814 natura
772 2770 864 2812 similitu-

76 2838 127 2879 dinis
143 2837 244 2879 notionem
260 2837 280 2879 iu
291 2836 410 2892 incorporeo
427 2845 482 2894 patre
495 2839 574 2895 filioque
586 2840 727 2896 perdiscimus.
759 2837 862 2895 Siquidem

75 2931 106 2963 rob
121 2927 217 2972 πνεύματος
231 2929 261 2963 τοῦ
276 2926 329 2972 ἁγίου.
354 2930 457 2971 Vutpomten
481 2933 527 2964 codtl.
545 2941 583 2965 mss.
599 2935 614 2965 et
626 2934 650 2965 ed.
665 2935 717 2973 princ.
729 2933 826 2976 μαρτυριῶν
838 2932 862 2965 ed.

75 2977 119 3007 cetat
128 2971 236 3019 ὑπάρχοντος,
249 2973 280 3008 καὶ
290 2973 320 3008 τοῦ
330 2985 356 3007 uu.
368 2975 398 3009 τοῦ
408 2972 458 3019 ἁγίου
481 2977 537 3010 Petet).

75 3019 107 3058 τὰς
119 3018 206 3062 ἰδιὸτητας
216 3023 250 3053 cett.
503 3022 520 3055 2.
532 3019 564 3065 τήν
573 3019 606 3058 ἀπὸ
616 3025 706 3064 suspicatus
716 3027 739 3057 est
750 3025 832 3058 Petcuius.

100 3064 203 3099 Cunxvlt.
216 3085 236 3091 -
263 3066 277 3099 l.
290 3063 386 3109 μαρτυρίων
401 3067 459 3101 babent
503 3065 695 3106 bdruorouuoenbulmn
705 3071 862 3110 cammerano,
