<?xml version="1.0" encoding="UTF-8"?>
<!DOCTYPE html PUBLIC "-//W3C//DTD XHTML 1.0 Transitional//EN"
    "http://www.w3.org/TR/xhtml1/DTD/xhtml1-transitional.dtd">
<html xmlns="http://www.w3.org/1999/xhtml" xml:lang="en" lang="en">
 <head>
  <title>
</title>
<meta http-equiv="Content-Type" content="text/html;charset=utf-8" />
  <meta name='ocr-system' content='tesseract 3.04.00' />
  <meta name='ocr-capabilities' content='ocr_page ocr_carea ocr_par ocr_line ocrx_word'/>
</head>
<body>
  <div class='ocr_page' id='page_1' title='image "./MN41650ucmf_1/MN41650ucmf_1_0768.png"; bbox 0 0 1988 3392; ppageno 0'>
   <div class='ocr_carea' id='block_1_1' title="bbox 136 212 177 254">
    <p class='ocr_par' dir='ltr' id='par_1_1' title="bbox 136 212 177 254">
     <span class='ocr_line' id='line_1_1' title="bbox 136 212 177 254; baseline 0.073 -3"><span class='ocrx_word' id='word_1_1' title='bbox 136 212 177 254; x_wconf 86' lang='grc'>746</span> 
     </span>
    </p>
   </div>
   <div class='ocr_carea' id='block_1_2' title="bbox 134 298 513 391">
    <p class='ocr_par' dir='ltr' id='par_1_2' title="bbox 134 298 513 391">
     <span class='ocr_line' id='line_1_2' title="bbox 134 298 513 336; baseline 0.013 -5"><span class='ocrx_word' id='word_1_2' title='bbox 134 299 226 333; x_wconf 82' lang='lat' dir='ltr'>Anomoios</span> <span class='ocrx_word' id='word_1_3' title='bbox 239 310 275 332; x_wconf 89' lang='lat' dir='ltr'>esse</span> <span class='ocrx_word' id='word_1_4' title='bbox 287 298 385 333; x_wconf 78' lang='lat' dir='ltr'>idololatras</span> <span class='ocrx_word' id='word_1_5' title='bbox 397 307 415 333; x_wconf 88' lang='lat' dir='ltr'>et</span> <span class='ocrx_word' id='word_1_6' title='bbox 426 301 480 335; x_wconf 86' lang='lat' dir='ltr'>solem</span> <span class='ocrx_word' id='word_1_7' title='bbox 493 315 513 336; x_wconf 86' lang='lat' dir='ltr'>ac</span> 
     </span>
     <span class='ocr_line' id='line_1_3' title="bbox 157 357 448 391; baseline 0 -2"><span class='ocrx_word' id='word_1_8' title='bbox 157 363 220 389; x_wconf 83' lang='lat' dir='ltr'>ceteras</span> <span class='ocrx_word' id='word_1_9' title='bbox 232 364 316 389; x_wconf 86' lang='lat' dir='ltr'>creaturas</span> <span class='ocrx_word' id='word_1_10' title='bbox 327 357 398 391; x_wconf 89' lang='lat' dir='ltr'>adorare</span> <span class='ocrx_word' id='word_1_11' title='bbox 410 358 448 391; x_wconf 73' lang='lat'>985.</span> 
     </span>
    </p>
   </div>
   <div class='ocr_carea' id='block_1_3' title="bbox 134 422 512 514">
    <p class='ocr_par' dir='ltr' id='par_1_3' title="bbox 134 422 512 514">
     <span class='ocr_line' id='line_1_4' title="bbox 134 422 512 472; baseline 0.011 -15"><span class='ocrx_word' id='word_1_12' title='bbox 134 422 254 457; x_wconf 85' lang='lat' dir='ltr'>Anomoiorum</span> <span class='ocrx_word' id='word_1_13' title='bbox 266 424 314 470; x_wconf 81' lang='lat' dir='ltr'>origo</span> <span class='ocrx_word' id='word_1_14' title='bbox 331 431 348 458; x_wconf 87' lang='lat' dir='ltr'>et</span> <span class='ocrx_word' id='word_1_15' title='bbox 359 437 369 459; x_wconf 87' lang='lat' dir='ltr'>a</span> <span class='ocrx_word' id='word_1_16' title='bbox 382 436 415 470; x_wconf 89' lang='lat' dir='ltr'>quo</span> <span class='ocrx_word' id='word_1_17' title='bbox 427 426 512 472; x_wconf 80' lang='lat' dir='ltr'>produxe-</span> 
     </span>
     <span class='ocr_line' id='line_1_5' title="bbox 155 481 238 514; baseline 0 0"><span class='ocrx_word' id='word_1_18' title='bbox 155 481 190 514; x_wconf 88' lang='lat' dir='ltr'>rint</span> <span class='ocrx_word' id='word_1_19' title='bbox 199 484 238 514; x_wconf 74' lang='lat'>886.</span> 
     </span>
    </p>
   </div>
   <div class='ocr_carea' id='block_1_4' title="bbox 133 538 510 575">
    <p class='ocr_par' dir='ltr' id='par_1_4' title="bbox 133 538 510 575">
     <span class='ocr_line' id='line_1_6' title="bbox 133 538 510 575; baseline 0.011 -4"><span class='ocrx_word' id='word_1_20' title='bbox 133 538 212 572; x_wconf 90' lang='lat' dir='ltr'>Anomoii</span> <span class='ocrx_word' id='word_1_21' title='bbox 220 550 258 572; x_wconf 87' lang='lat' dir='ltr'>cnm</span> <span class='ocrx_word' id='word_1_22' title='bbox 269 538 335 573; x_wconf 84' lang='lat' dir='ltr'>ludaeis</span> <span class='ocrx_word' id='word_1_23' title='bbox 344 539 453 574; x_wconf 77' lang='lat' dir='ltr'>conternntur</span> <span class='ocrx_word' id='word_1_24' title='bbox 460 544 510 575; x_wconf 77' lang='lat'>1036.</span> 
     </span>
    </p>
   </div>
   <div class='ocr_carea' id='block_1_5' title="bbox 135 608 513 771">
    <p class='ocr_par' dir='ltr' id='par_1_5' title="bbox 135 608 513 771">
     <span class='ocr_line' id='line_1_7' title="bbox 135 608 512 658; baseline 0.011 -17"><span class='ocrx_word' id='word_1_25' title='bbox 135 608 337 642; x_wconf 85' lang='lat' dir='ltr'>Antidieomarianitarum</span> <span class='ocrx_word' id='word_1_26' title='bbox 346 609 419 644; x_wconf 83' lang='lat' dir='ltr'>haeresis</span> <span class='ocrx_word' id='word_1_27' title='bbox 429 611 512 658; x_wconf 86' lang='lat' dir='ltr'>quinquu-</span> 
     </span>
     <span class='ocr_line' id='line_1_8' title="bbox 156 667 513 711; baseline 0.011 -11"><span class='ocrx_word' id='word_1_28' title='bbox 156 667 218 711; x_wconf 83' lang='lat' dir='ltr'>gesima</span> <span class='ocrx_word' id='word_1_29' title='bbox 224 674 284 701; x_wconf 84' lang='lat' dir='ltr'>octaua</span> <span class='ocrx_word' id='word_1_30' title='bbox 294 667 330 701; x_wconf 85' lang='lat' dir='ltr'>sire</span> <span class='ocrx_word' id='word_1_31' title='bbox 335 670 344 700; x_wconf 85' lang='grc'><strong>7</strong></span> <span class='ocrx_word' id='word_1_32' title='bbox 347 671 362 702; x_wconf 87' lang='lat'>8.</span> <span class='ocrx_word' id='word_1_33' title='bbox 369 668 429 703; x_wconf 80' lang='lat' dir='ltr'>ordine</span> <span class='ocrx_word' id='word_1_34' title='bbox 435 672 485 704; x_wconf 80' lang='grc'><strong>1039.</strong></span> <span class='ocrx_word' id='word_1_35' title='bbox 491 689 513 696; x_wconf 95' lang='grc'><strong>-</strong></span> 
     </span>
     <span class='ocr_line' id='line_1_9' title="bbox 157 724 365 771; baseline 0.01 -14"><span class='ocrx_word' id='word_1_36' title='bbox 157 724 209 771; x_wconf 86' lang='lat' dir='ltr'>qualis</span> <span class='ocrx_word' id='word_1_37' title='bbox 220 725 249 758; x_wconf 86' lang='lat' dir='ltr'>illa</span> <span class='ocrx_word' id='word_1_38' title='bbox 261 725 313 758; x_wconf 81' lang='lat' dir='ltr'>fuerit</span> <span class='ocrx_word' id='word_1_39' title='bbox 324 726 365 760; x_wconf 83' lang='lat' dir='ltr'>ibid.</span> 
     </span>
    </p>
   </div>
   <div class='ocr_carea' id='block_1_6' title="bbox 115 788 518 2909">
    <p class='ocr_par' dir='ltr' id='par_1_6' title="bbox 134 788 516 2036">
     <span class='ocr_line' id='line_1_10' title="bbox 134 788 513 842; baseline 0.016 -16"><span class='ocrx_word' id='word_1_40' title='bbox 134 793 270 838; x_wconf 75' lang='lat' dir='ltr'>Apelleianornm</span> <span class='ocrx_word' id='word_1_41' title='bbox 286 794 360 828; x_wconf 84' lang='lat' dir='ltr'>haeresis</span> <span class='ocrx_word' id='word_1_42' title='bbox 379 788 406 830; x_wconf 77' lang='lat'>24&#39;.</span> <span class='ocrx_word' id='word_1_43' title='bbox 424 805 464 842; x_wconf 89' lang='lat' dir='ltr'>post</span> <span class='ocrx_word' id='word_1_44' title='bbox 482 810 513 831; x_wconf 80' lang='lat' dir='ltr'>err-</span> 
     </span>
     <span class='ocr_line' id='line_1_11' title="bbox 157 851 513 889; baseline 0.02 -7"><span class='ocrx_word' id='word_1_45' title='bbox 157 858 212 884; x_wconf 88' lang='lat' dir='ltr'>ortum</span> <span class='ocrx_word' id='word_1_46' title='bbox 227 851 349 886; x_wconf 72' lang='lat' dir='ltr'>Christianismi</span> <span class='ocrx_word' id='word_1_47' title='bbox 365 856 404 887; x_wconf 82' lang='grc'><strong>380.</strong></span> <span class='ocrx_word' id='word_1_48' title='bbox 421 874 444 881; x_wconf 83' lang='lat'>-</span> <span class='ocrx_word' id='word_1_49' title='bbox 469 856 513 889; x_wconf 88' lang='lat' dir='ltr'>unde</span> 
     </span>
     <span class='ocr_line' id='line_1_12' title="bbox 156 907 513 957; baseline 0.017 -18"><span class='ocrx_word' id='word_1_50' title='bbox 156 907 181 940; x_wconf 87' lang='lat' dir='ltr'>sic</span> <span class='ocrx_word' id='word_1_51' title='bbox 196 907 278 942; x_wconf 86' lang='lat' dir='ltr'>nominati</span> <span class='ocrx_word' id='word_1_52' title='bbox 294 909 335 942; x_wconf 86' lang='lat' dir='ltr'>ibid.</span> <span class='ocrx_word' id='word_1_53' title='bbox 347 929 370 937; x_wconf 91' lang='lat'><em>-</em></span> <span class='ocrx_word' id='word_1_54' title='bbox 394 911 457 956; x_wconf 81' lang='lat' dir='ltr'>Apellis</span> <span class='ocrx_word' id='word_1_55' title='bbox 469 913 513 957; x_wconf 77' lang='lat' dir='ltr'>dog-</span> 
     </span>
     <span class='ocr_line' id='line_1_13' title="bbox 156 965 514 1014; baseline 0.017 -17"><span class='ocrx_word' id='word_1_56' title='bbox 156 971 202 997; x_wconf 86' lang='lat' dir='ltr'>mata</span> <span class='ocrx_word' id='word_1_57' title='bbox 217 965 259 998; x_wconf 88' lang='lat' dir='ltr'>ibid.</span> <span class='ocrx_word' id='word_1_58' title='bbox 278 986 298 991; x_wconf 88' lang='lat'>-—</span> <span class='ocrx_word' id='word_1_59' title='bbox 329 967 420 1001; x_wconf 82' lang='lat' dir='ltr'>Marcionis</span> <span class='ocrx_word' id='word_1_60' title='bbox 438 969 514 1014; x_wconf 79' lang='lat' dir='ltr'>magistri</span> 
     </span>
     <span class='ocr_line' id='line_1_14' title="bbox 156 1021 514 1070; baseline 0.014 -16"><span class='ocrx_word' id='word_1_61' title='bbox 156 1022 181 1054; x_wconf 86' lang='lat' dir='ltr'>sui</span> <span class='ocrx_word' id='word_1_62' title='bbox 191 1021 287 1067; x_wconf 83' lang='lat' dir='ltr'>opinionem</span> <span class='ocrx_word' id='word_1_63' title='bbox 298 1033 384 1070; x_wconf 73' lang='lat' dir='ltr'>oppugnat</span> <span class='ocrx_word' id='word_1_64' title='bbox 394 1024 435 1059; x_wconf 86' lang='lat' dir='ltr'>ibid.</span> <span class='ocrx_word' id='word_1_65' title='bbox 443 1046 463 1051; x_wconf 75' lang='lat'>—</span> <span class='ocrx_word' id='word_1_66' title='bbox 482 1027 514 1060; x_wconf 87' lang='lat' dir='ltr'>tria</span> 
     </span>
     <span class='ocr_line' id='line_1_15' title="bbox 158 1079 514 1126; baseline 0.014 -14"><span class='ocrx_word' id='word_1_67' title='bbox 158 1079 233 1113; x_wconf 88' lang='lat' dir='ltr'>eiusdem</span> <span class='ocrx_word' id='word_1_68' title='bbox 244 1081 327 1126; x_wconf 79' lang='lat' dir='ltr'>principia</span> <span class='ocrx_word' id='word_1_69' title='bbox 339 1081 420 1125; x_wconf 77' lang='lat' dir='ltr'>destruit,</span> <span class='ocrx_word' id='word_1_70' title='bbox 433 1095 453 1116; x_wconf 89' lang='lat' dir='ltr'>ac</span> <span class='ocrx_word' id='word_1_71' title='bbox 464 1095 514 1117; x_wconf 89' lang='lat' dir='ltr'>unum</span> 
     </span>
     <span class='ocr_line' id='line_1_16' title="bbox 158 1137 514 1174; baseline 0.011 -5"><span class='ocrx_word' id='word_1_72' title='bbox 158 1137 227 1171; x_wconf 88' lang='lat' dir='ltr'>omnino</span> <span class='ocrx_word' id='word_1_73' title='bbox 237 1138 326 1171; x_wconf 89' lang='lat' dir='ltr'>constituit</span> <span class='ocrx_word' id='word_1_74' title='bbox 336 1141 375 1174; x_wconf 84' lang='grc'><strong>381.</strong></span> <span class='ocrx_word' id='word_1_75' title='bbox 383 1159 406 1166; x_wconf 95' lang='grc'>-</span> <span class='ocrx_word' id='word_1_76' title='bbox 417 1141 467 1173; x_wconf 88' lang='lat' dir='ltr'>‹leum</span> <span class='ocrx_word' id='word_1_77' title='bbox 478 1141 514 1173; x_wconf 86' lang='lat' dir='ltr'>vult</span> 
     </span>
     <span class='ocr_line' id='line_1_17' title="bbox 158 1195 514 1240; baseline 0.011 -14"><span class='ocrx_word' id='word_1_78' title='bbox 158 1195 224 1227; x_wconf 87' lang='lat' dir='ltr'>unicum</span> <span class='ocrx_word' id='word_1_79' title='bbox 236 1206 272 1228; x_wconf 87' lang='lat' dir='ltr'>esse</span> <span class='ocrx_word' id='word_1_80' title='bbox 284 1195 384 1240; x_wconf 87' lang='lat' dir='ltr'>principium</span> <span class='ocrx_word' id='word_1_81' title='bbox 395 1196 431 1230; x_wconf 87' lang='lat' dir='ltr'>sine</span> <span class='ocrx_word' id='word_1_82' title='bbox 447 1198 514 1230; x_wconf 85' lang='lat' dir='ltr'>nomine</span> 
     </span>
     <span class='ocr_line' id='line_1_18' title="bbox 157 1251 513 1298; baseline 0.008 -14"><span class='ocrx_word' id='word_1_83' title='bbox 157 1251 197 1285; x_wconf 87' lang='lat' dir='ltr'>ibid.</span> <span class='ocrx_word' id='word_1_84' title='bbox 207 1272 230 1278; x_wconf 91' lang='lat'><em>-</em></span> <span class='ocrx_word' id='word_1_85' title='bbox 253 1252 338 1298; x_wconf 78' lang='lat' dir='ltr'>negligere</span> <span class='ocrx_word' id='word_1_86' title='bbox 348 1253 429 1286; x_wconf 90' lang='lat' dir='ltr'>mundum</span> <span class='ocrx_word' id='word_1_87' title='bbox 438 1254 480 1287; x_wconf 79' lang='lat' dir='ltr'>ibid.</span> <span class='ocrx_word' id='word_1_88' title='bbox 493 1273 513 1280; x_wconf 92' lang='grc'><strong>-</strong></span> 
     </span>
     <span class='ocr_line' id='line_1_19' title="bbox 157 1309 514 1355; baseline 0.006 -14"><span class='ocrx_word' id='word_1_89' title='bbox 157 1309 188 1342; x_wconf 87' lang='lat' dir='ltr'>sed</span> <span class='ocrx_word' id='word_1_90' title='bbox 208 1309 253 1342; x_wconf 90' lang='lat' dir='ltr'>hunc</span> <span class='ocrx_word' id='word_1_91' title='bbox 275 1309 325 1342; x_wconf 86' lang='lat' dir='ltr'>aliurn</span> <span class='ocrx_word' id='word_1_92' title='bbox 347 1310 397 1343; x_wconf 88' lang='lat' dir='ltr'>deum</span> <span class='ocrx_word' id='word_1_93' title='bbox 416 1310 514 1355; x_wconf 81' lang='lat' dir='ltr'>produxisse</span> 
     </span>
     <span class='ocr_line' id='line_1_20' title="bbox 156 1365 515 1407; baseline 0.008 -10"><span class='ocrx_word' id='word_1_94' title='bbox 156 1365 215 1398; x_wconf 87' lang='lat' dir='ltr'>mnndi</span> <span class='ocrx_word' id='word_1_95' title='bbox 223 1372 322 1407; x_wconf 75' lang='lat' dir='ltr'>creatorem,</span> <span class='ocrx_word' id='word_1_96' title='bbox 335 1367 364 1399; x_wconf 79' lang='lat' dir='ltr'>sed</span> <span class='ocrx_word' id='word_1_97' title='bbox 373 1367 436 1400; x_wconf 86' lang='lat' dir='ltr'>malum</span> <span class='ocrx_word' id='word_1_98' title='bbox 445 1367 486 1400; x_wconf 88' lang='lat' dir='ltr'>ibid.</span> <span class='ocrx_word' id='word_1_99' title='bbox 492 1387 515 1393; x_wconf 99' lang='lat'><em>-</em></span> 
     </span>
     <span class='ocr_line' id='line_1_21' title="bbox 157 1422 513 1465; baseline 0.008 -12"><span class='ocrx_word' id='word_1_100' title='bbox 157 1422 192 1454; x_wconf 90' lang='lat' dir='ltr'>eins</span> <span class='ocrx_word' id='word_1_101' title='bbox 210 1422 307 1465; x_wconf 82' lang='lat' dir='ltr'>dogmatum</span> <span class='ocrx_word' id='word_1_102' title='bbox 326 1423 421 1457; x_wconf 85' lang='lat' dir='ltr'>confutatio</span> <span class='ocrx_word' id='word_1_103' title='bbox 437 1423 479 1457; x_wconf 90' lang='lat' dir='ltr'>ibid.</span> <span class='ocrx_word' id='word_1_104' title='bbox 492 1443 513 1449; x_wconf 91' lang='lat'>-</span> 
     </span>
     <span class='ocr_line' id='line_1_22' title="bbox 159 1477 514 1525; baseline 0.008 -15"><span class='ocrx_word' id='word_1_105' title='bbox 159 1477 243 1511; x_wconf 81' lang='lat' dir='ltr'>Christum</span> <span class='ocrx_word' id='word_1_106' title='bbox 254 1479 295 1512; x_wconf 91' lang='lat' dir='ltr'>honi</span> <span class='ocrx_word' id='word_1_107' title='bbox 313 1479 341 1512; x_wconf 89' lang='lat' dir='ltr'>dei</span> <span class='ocrx_word' id='word_1_108' title='bbox 357 1479 409 1512; x_wconf 89' lang='lat' dir='ltr'>filium</span> <span class='ocrx_word' id='word_1_109' title='bbox 425 1480 514 1525; x_wconf 80' lang='lat' dir='ltr'>postremis</span> 
     </span>
     <span class='ocr_line' id='line_1_23' title="bbox 157 1535 514 1579; baseline 0.006 -12"><span class='ocrx_word' id='word_1_110' title='bbox 157 1535 261 1579; x_wconf 85' lang='lat' dir='ltr'>temporibus</span> <span class='ocrx_word' id='word_1_111' title='bbox 277 1536 343 1569; x_wconf 81' lang='lat' dir='ltr'>ventsse</span> <span class='ocrx_word' id='word_1_112' title='bbox 359 1537 417 1569; x_wconf 88' lang='lat' dir='ltr'>asserit</span> <span class='ocrx_word' id='word_1_113' title='bbox 434 1536 475 1569; x_wconf 90' lang='lat' dir='ltr'>ibid.</span> <span class='ocrx_word' id='word_1_114' title='bbox 493 1557 514 1563; x_wconf 90' lang='lat'><em>-</em></span> 
     </span>
     <span class='ocr_line' id='line_1_24' title="bbox 158 1591 515 1636; baseline 0.008 -14"><span class='ocrx_word' id='word_1_115' title='bbox 158 1591 229 1623; x_wconf 84' lang='lat' dir='ltr'>eundem</span> <span class='ocrx_word' id='word_1_116' title='bbox 241 1602 262 1623; x_wconf 82' lang='lat' dir='ltr'>ex</span> <span class='ocrx_word' id='word_1_117' title='bbox 275 1592 328 1625; x_wconf 83' lang='lat' dir='ltr'>Maria</span> <span class='ocrx_word' id='word_1_118' title='bbox 340 1592 404 1636; x_wconf 72' lang='lat' dir='ltr'>virgine</span> <span class='ocrx_word' id='word_1_119' title='bbox 417 1599 475 1625; x_wconf 85' lang='lat' dir='ltr'>natum</span> <span class='ocrx_word' id='word_1_120' title='bbox 487 1592 515 1625; x_wconf 92' lang='lat' dir='ltr'>di-</span> 
     </span>
     <span class='ocr_line' id='line_1_25' title="bbox 159 1648 515 1693; baseline 0.003 -13"><span class='ocrx_word' id='word_1_121' title='bbox 159 1649 192 1686; x_wconf 85' lang='lat' dir='ltr'>cit,</span> <span class='ocrx_word' id='word_1_122' title='bbox 205 1648 236 1680; x_wconf 90' lang='lat' dir='ltr'>sed</span> <span class='ocrx_word' id='word_1_123' title='bbox 247 1648 315 1680; x_wconf 84' lang='lat' dir='ltr'>aliunde</span> <span class='ocrx_word' id='word_1_124' title='bbox 327 1660 394 1681; x_wconf 86' lang='lat' dir='ltr'>carnem</span> <span class='ocrx_word' id='word_1_125' title='bbox 407 1648 515 1693; x_wconf 79' lang='lat' dir='ltr'>assumpsisse</span> 
     </span>
     <span class='ocr_line' id='line_1_26' title="bbox 158 1704 515 1748; baseline -0.006 -10"><span class='ocrx_word' id='word_1_126' title='bbox 158 1705 198 1738; x_wconf 86' lang='lat' dir='ltr'>ibid.</span> <span class='ocrx_word' id='word_1_127' title='bbox 211 1725 233 1731; x_wconf 88' lang='lat'><em>-</em></span> <span class='ocrx_word' id='word_1_128' title='bbox 252 1704 316 1738; x_wconf 89' lang='lat' dir='ltr'>scilicet</span> <span class='ocrx_word' id='word_1_129' title='bbox 327 1716 347 1737; x_wconf 81' lang='lat' dir='ltr'>ex</span> <span class='ocrx_word' id='word_1_130' title='bbox 358 1711 429 1748; x_wconf 88' lang='lat' dir='ltr'>quatuor</span> <span class='ocrx_word' id='word_1_131' title='bbox 439 1705 515 1737; x_wconf 85' lang='lat' dir='ltr'>elemen-</span> 
     </span>
     <span class='ocr_line' id='line_1_27' title="bbox 156 1760 515 1805; baseline 0 -11"><span class='ocrx_word' id='word_1_132' title='bbox 156 1761 178 1794; x_wconf 89' lang='lat' dir='ltr'>tis</span> <span class='ocrx_word' id='word_1_133' title='bbox 191 1764 230 1794; x_wconf 81' lang='grc'><strong>982.</strong></span> <span class='ocrx_word' id='word_1_134' title='bbox 242 1780 264 1786; x_wconf 82' lang='lat'>-</span> <span class='ocrx_word' id='word_1_135' title='bbox 282 1760 368 1805; x_wconf 88' lang='lat' dir='ltr'>quomodo</span> <span class='ocrx_word' id='word_1_136' title='bbox 381 1772 418 1794; x_wconf 89' lang='lat' dir='ltr'>eam</span> <span class='ocrx_word' id='word_1_137' title='bbox 430 1760 515 1805; x_wconf 82' lang='lat' dir='ltr'>deposue-</span> 
     </span>
     <span class='ocr_line' id='line_1_28' title="bbox 157 1817 516 1851; baseline 0.003 -1"><span class='ocrx_word' id='word_1_138' title='bbox 157 1819 180 1851; x_wconf 88' lang='lat' dir='ltr'>rit</span> <span class='ocrx_word' id='word_1_139' title='bbox 196 1818 236 1851; x_wconf 88' lang='lat' dir='ltr'>ibid.</span> <span class='ocrx_word' id='word_1_140' title='bbox 250 1837 271 1843; x_wconf 94' lang='lat'><em>-</em></span> <span class='ocrx_word' id='word_1_141' title='bbox 295 1817 363 1851; x_wconf 87' lang='lat' dir='ltr'>fabulae</span> <span class='ocrx_word' id='word_1_142' title='bbox 381 1817 423 1851; x_wconf 90' lang='lat' dir='ltr'>tales</span> <span class='ocrx_word' id='word_1_143' title='bbox 439 1818 516 1851; x_wconf 88' lang='lat' dir='ltr'>ridentur</span> 
     </span>
     <span class='ocr_line' id='line_1_29' title="bbox 158 1875 515 1909; baseline -0.003 0"><span class='ocrx_word' id='word_1_144' title='bbox 158 1884 175 1909; x_wconf 86' lang='lat' dir='ltr'>et</span> <span class='ocrx_word' id='word_1_145' title='bbox 194 1875 295 1908; x_wconf 79' lang='lat' dir='ltr'>refelluntur</span> <span class='ocrx_word' id='word_1_146' title='bbox 317 1875 358 1908; x_wconf 90' lang='lat' dir='ltr'>ibid.</span> <span class='ocrx_word' id='word_1_147' title='bbox 375 1895 395 1900; x_wconf 86' lang='lat'><em>-</em></span> <span class='ocrx_word' id='word_1_148' title='bbox 427 1876 515 1909; x_wconf 80' lang='lat' dir='ltr'>mendaces</span> 
     </span>
     <span class='ocr_line' id='line_1_30' title="bbox 157 1932 516 1979; baseline 0 -12"><span class='ocrx_word' id='word_1_149' title='bbox 157 1932 250 1978; x_wconf 84' lang='lat' dir='ltr'>Apelleiani</span> <span class='ocrx_word' id='word_1_150' title='bbox 258 1934 298 1966; x_wconf 81' lang='lat'>383.</span> <span class='ocrx_word' id='word_1_151' title='bbox 313 1952 333 1958; x_wconf 84' lang='lat'>—-</span> <span class='ocrx_word' id='word_1_152' title='bbox 351 1940 414 1978; x_wconf 77' lang='lat' dir='ltr'>negant</span> <span class='ocrx_word' id='word_1_153' title='bbox 426 1944 516 1979; x_wconf 87' lang='lat' dir='ltr'>corporum</span> 
     </span>
     <span class='ocr_line' id='line_1_31' title="bbox 158 1990 516 2036; baseline 0 -12"><span class='ocrx_word' id='word_1_154' title='bbox 158 1990 298 2025; x_wconf 76' lang='lat' dir='ltr'>resurrectionem</span> <span class='ocrx_word' id='word_1_155' title='bbox 310 1991 352 2025; x_wconf 92' lang='lat' dir='ltr'>ibid.</span> <span class='ocrx_word' id='word_1_156' title='bbox 365 2012 384 2017; x_wconf 92' lang='lat'>-</span> <span class='ocrx_word' id='word_1_157' title='bbox 409 1992 467 2036; x_wconf 89' lang='lat' dir='ltr'>inepte</span> <span class='ocrx_word' id='word_1_158' title='bbox 479 1991 516 2024; x_wconf 91' lang='lat' dir='ltr'>dis-</span> 
     </span>
    </p>

    <p class='ocr_par' dir='ltr' id='par_1_7' title="bbox 115 2049 517 2487">
     <span class='ocr_line' id='line_1_32' title="bbox 115 2049 516 2083; baseline 0 0"><span class='ocrx_word' id='word_1_159' title='bbox 115 2071 119 2079; x_wconf 85' lang='lat'>.</span> <span class='ocrx_word' id='word_1_160' title='bbox 157 2056 215 2083; x_wconf 88' lang='lat' dir='ltr'>serunt</span> <span class='ocrx_word' id='word_1_161' title='bbox 225 2049 247 2082; x_wconf 87' lang='lat' dir='ltr'>de</span> <span class='ocrx_word' id='word_1_162' title='bbox 256 2050 312 2083; x_wconf 90' lang='lat' dir='ltr'>anima</span> <span class='ocrx_word' id='word_1_163' title='bbox 323 2049 384 2082; x_wconf 84' lang='lat' dir='ltr'>Christi</span> <span class='ocrx_word' id='word_1_164' title='bbox 391 2052 430 2083; x_wconf 84' lang='grc'><strong>985.</strong></span> <span class='ocrx_word' id='word_1_165' title='bbox 438 2068 457 2075; x_wconf 89' lang='grc'><strong>-</strong></span> <span class='ocrx_word' id='word_1_166' title='bbox 475 2050 516 2083; x_wconf 89' lang='lat' dir='ltr'>item</span> 
     </span>
     <span class='ocr_line' id='line_1_33' title="bbox 158 2107 516 2153; baseline 0 -13"><span class='ocrx_word' id='word_1_167' title='bbox 158 2107 179 2140; x_wconf 84' lang='lat' dir='ltr'>de</span> <span class='ocrx_word' id='word_1_168' title='bbox 192 2119 263 2153; x_wconf 90' lang='lat' dir='ltr'>corpore</span> <span class='ocrx_word' id='word_1_169' title='bbox 273 2107 347 2141; x_wconf 90' lang='lat' dir='ltr'>eiusdem</span> <span class='ocrx_word' id='word_1_170' title='bbox 359 2110 398 2140; x_wconf 76' lang='lat'>386.</span> <span class='ocrx_word' id='word_1_171' title='bbox 411 2128 431 2134; x_wconf 89' lang='lat'><em>-</em></span> <span class='ocrx_word' id='word_1_172' title='bbox 456 2120 516 2152; x_wconf 87' lang='lat' dir='ltr'>corpus</span> 
     </span>
     <span class='ocr_line' id='line_1_34' title="bbox 158 2165 517 2209; baseline -0.003 -10"><span class='ocrx_word' id='word_1_173' title='bbox 158 2166 202 2199; x_wconf 91' lang='lat' dir='ltr'>enim</span> <span class='ocrx_word' id='word_1_174' title='bbox 220 2165 263 2198; x_wconf 88' lang='lat' dir='ltr'>illins</span> <span class='ocrx_word' id='word_1_175' title='bbox 280 2165 356 2209; x_wconf 82' lang='lat' dir='ltr'>spiritale</span> <span class='ocrx_word' id='word_1_176' title='bbox 374 2166 390 2198; x_wconf 92' lang='lat' dir='ltr'>in</span> <span class='ocrx_word' id='word_1_177' title='bbox 409 2165 456 2199; x_wconf 90' lang='lat' dir='ltr'>coelo</span> <span class='ocrx_word' id='word_1_178' title='bbox 474 2165 517 2199; x_wconf 85' lang='lat' dir='ltr'>vidit</span> 
     </span>
     <span class='ocr_line' id='line_1_35' title="bbox 157 2222 516 2267; baseline -0.003 -11"><span class='ocrx_word' id='word_1_179' title='bbox 157 2223 253 2267; x_wconf 81' lang='lat' dir='ltr'>Stephanus</span> <span class='ocrx_word' id='word_1_180' title='bbox 264 2222 305 2256; x_wconf 93' lang='lat' dir='ltr'>ibid.</span> <span class='ocrx_word' id='word_1_181' title='bbox 318 2242 340 2248; x_wconf 89' lang='lat'><em>-</em></span> <span class='ocrx_word' id='word_1_182' title='bbox 358 2234 447 2267; x_wconf 88' lang='lat' dir='ltr'>corporum</span> <span class='ocrx_word' id='word_1_183' title='bbox 459 2234 516 2256; x_wconf 85' lang='lat' dir='ltr'>resur·</span> 
     </span>
     <span class='ocr_line' id='line_1_36' title="bbox 157 2279 517 2325; baseline -0.003 -11"><span class='ocrx_word' id='word_1_184' title='bbox 157 2280 211 2314; x_wconf 86' lang='lat' dir='ltr'>rectio</span> <span class='ocrx_word' id='word_1_185' title='bbox 224 2280 306 2325; x_wconf 82' lang='lat' dir='ltr'>probatur</span> <span class='ocrx_word' id='word_1_186' title='bbox 323 2286 382 2313; x_wconf 90' lang='lat' dir='ltr'>contra</span> <span class='ocrx_word' id='word_1_187' title='bbox 395 2279 487 2314; x_wconf 86' lang='lat' dir='ltr'>Luciannm</span> <span class='ocrx_word' id='word_1_188' title='bbox 499 2287 517 2313; x_wconf 90' lang='lat' dir='ltr'>et</span> 
     </span>
     <span class='ocr_line' id='line_1_37' title="bbox 157 2337 516 2382; baseline 0.003 -12"><span class='ocrx_word' id='word_1_189' title='bbox 157 2337 262 2371; x_wconf 84' lang='lat' dir='ltr'>anianistas</span> <span class='ocrx_word' id='word_1_190' title='bbox 274 2337 315 2370; x_wconf 91' lang='lat' dir='ltr'>ibid.</span> <span class='ocrx_word' id='word_1_191' title='bbox 328 2356 351 2364; x_wconf 80' lang='lat'>-</span> <span class='ocrx_word' id='word_1_192' title='bbox 373 2337 397 2370; x_wconf 88' lang='lat' dir='ltr'>illi</span> <span class='ocrx_word' id='word_1_193' title='bbox 415 2349 516 2382; x_wconf 84' lang='lat' dir='ltr'>comparan-</span> 
     </span>
     <span class='ocr_line' id='line_1_38' title="bbox 159 2395 517 2441; baseline -0.003 -12"><span class='ocrx_word' id='word_1_194' title='bbox 159 2404 187 2430; x_wconf 87' lang='lat' dir='ltr'>tur</span> <span class='ocrx_word' id='word_1_195' title='bbox 196 2408 233 2429; x_wconf 86' lang='lat' dir='ltr'>eum</span> <span class='ocrx_word' id='word_1_196' title='bbox 243 2395 325 2429; x_wconf 82' lang='lat' dir='ltr'>crabrone</span> <span class='ocrx_word' id='word_1_197' title='bbox 333 2406 382 2440; x_wconf 87' lang='lat' dir='ltr'>quem</span> <span class='ocrx_word' id='word_1_198' title='bbox 389 2397 475 2441; x_wconf 79' lang='lat' dir='ltr'>Zopyrum</span> <span class='ocrx_word' id='word_1_199' title='bbox 484 2408 517 2429; x_wconf 88' lang='lat' dir='ltr'>vo-</span> 
     </span>
     <span class='ocr_line' id='line_1_39' title="bbox 159 2455 251 2487; baseline -0.022 0"><span class='ocrx_word' id='word_1_200' title='bbox 159 2460 198 2487; x_wconf 86' lang='lat' dir='ltr'>cant</span> <span class='ocrx_word' id='word_1_201' title='bbox 210 2455 251 2487; x_wconf 74' lang='lat'>387.</span> 
     </span>
    </p>

    <p class='ocr_par' dir='ltr' id='par_1_8' title="bbox 136 2522 516 2613">
     <span class='ocr_line' id='line_1_40' title="bbox 136 2522 516 2567; baseline 0 -12"><span class='ocrx_word' id='word_1_202' title='bbox 136 2522 246 2567; x_wconf 81' lang='lat' dir='ltr'>Apocalypsis</span> <span class='ocrx_word' id='word_1_203' title='bbox 264 2523 346 2567; x_wconf 83' lang='lat' dir='ltr'>quaedam</span> <span class='ocrx_word' id='word_1_204' title='bbox 363 2522 443 2566; x_wconf 85' lang='lat' dir='ltr'>mysteria</span> <span class='ocrx_word' id='word_1_205' title='bbox 461 2522 516 2567; x_wconf 83' lang='lat' dir='ltr'>expli-</span> 
     </span>
     <span class='ocr_line' id='line_1_41' title="bbox 159 2582 326 2613; baseline 0.006 -1"><span class='ocrx_word' id='word_1_206' title='bbox 159 2586 219 2612; x_wconf 88' lang='lat' dir='ltr'>cantur</span> <span class='ocrx_word' id='word_1_207' title='bbox 230 2582 269 2613; x_wconf 72' lang='lat'>454.</span> <span class='ocrx_word' id='word_1_208' title='bbox 324 2596 326 2602; x_wconf 94' lang='lat'><em>·</em></span> 
     </span>
    </p>

    <p class='ocr_par' dir='ltr' id='par_1_9' title="bbox 135 2635 518 2909">
     <span class='ocr_line' id='line_1_42' title="bbox 135 2635 517 2681; baseline -0.003 -11"><span class='ocrx_word' id='word_1_209' title='bbox 135 2635 237 2680; x_wconf 79' lang='lat' dir='ltr'>Apollinaris</span> <span class='ocrx_word' id='word_1_210' title='bbox 255 2637 317 2681; x_wconf 77' lang='lat' dir='ltr'>dogma</span> <span class='ocrx_word' id='word_1_211' title='bbox 333 2637 416 2670; x_wconf 86' lang='lat' dir='ltr'>decarne</span> <span class='ocrx_word' id='word_1_212' title='bbox 433 2635 517 2669; x_wconf 89' lang='lat' dir='ltr'>divinitati</span> 
     </span>
     <span class='ocr_line' id='line_1_43' title="bbox 159 2693 517 2727; baseline -0.003 0"><span class='ocrx_word' id='word_1_213' title='bbox 159 2693 211 2727; x_wconf 78' lang='lat' dir='ltr'>Verbi</span> <span class='ocrx_word' id='word_1_214' title='bbox 224 2693 362 2726; x_wconf 79' lang='lat' dir='ltr'>consubstantiali</span> <span class='ocrx_word' id='word_1_215' title='bbox 374 2693 459 2726; x_wconf 80' lang='lat' dir='ltr'>refutatur</span> <span class='ocrx_word' id='word_1_216' title='bbox 467 2695 517 2726; x_wconf 93' lang='grc'><strong>1000.</strong></span> 
     </span>
     <span class='ocr_line' id='line_1_44' title="bbox 159 2750 518 2793; baseline -0.006 -10"><span class='ocrx_word' id='word_1_217' title='bbox 159 2770 182 2776; x_wconf 95' lang='grc'><strong>-</strong></span> <span class='ocrx_word' id='word_1_218' title='bbox 194 2757 212 2783; x_wconf 87' lang='lat' dir='ltr'>et</span> <span class='ocrx_word' id='word_1_219' title='bbox 220 2761 260 2782; x_wconf 86' lang='lat' dir='ltr'>vera</span> <span class='ocrx_word' id='word_1_220' title='bbox 266 2750 329 2782; x_wconf 87' lang='lat' dir='ltr'>Christi</span> <span class='ocrx_word' id='word_1_221' title='bbox 337 2750 431 2783; x_wconf 84' lang='lat' dir='ltr'>hnmanitas</span> <span class='ocrx_word' id='word_1_222' title='bbox 437 2750 518 2793; x_wconf 86' lang='lat' dir='ltr'>probatur</span> 
     </span>
     <span class='ocr_line' id='line_1_45' title="bbox 159 2806 517 2840; baseline -0.006 0"><span class='ocrx_word' id='word_1_223' title='bbox 159 2809 210 2840; x_wconf 86' lang='grc'><strong>1001.</strong></span> <span class='ocrx_word' id='word_1_224' title='bbox 224 2826 244 2832; x_wconf 77' lang='lat'><strong>-</strong></span> <span class='ocrx_word' id='word_1_225' title='bbox 267 2807 342 2839; x_wconf 85' lang='lat' dir='ltr'>Verbum</span> <span class='ocrx_word' id='word_1_226' title='bbox 354 2819 373 2840; x_wconf 89' lang='lat' dir='ltr'>ea</span> <span class='ocrx_word' id='word_1_227' title='bbox 391 2807 423 2839; x_wconf 94' lang='lat' dir='ltr'>sibi</span> <span class='ocrx_word' id='word_1_228' title='bbox 440 2806 517 2839; x_wconf 87' lang='lat' dir='ltr'>attribuit</span> 
     </span>
     <span class='ocr_line' id='line_1_46' title="bbox 159 2865 454 2909; baseline -0.003 -13"><span class='ocrx_word' id='word_1_229' title='bbox 159 2876 202 2909; x_wconf 86' lang='lat' dir='ltr'>quae</span> <span class='ocrx_word' id='word_1_230' title='bbox 215 2875 275 2907; x_wconf 87' lang='lat' dir='ltr'>corpus</span> <span class='ocrx_word' id='word_1_231' title='bbox 287 2875 354 2907; x_wconf 89' lang='lat' dir='ltr'>passum</span> <span class='ocrx_word' id='word_1_232' title='bbox 368 2870 394 2897; x_wconf 85' lang='lat' dir='ltr'>est</span> <span class='ocrx_word' id='word_1_233' title='bbox 404 2865 454 2896; x_wconf 88' lang='grc'><strong>1002.</strong></span> 
     </span>
    </p>
   </div>
   <div class='ocr_carea' id='block_1_7' title="bbox 136 2931 518 3137">
    <p class='ocr_par' dir='ltr' id='par_1_10' title="bbox 136 2931 518 3137">
     <span class='ocr_line' id='line_1_47' title="bbox 136 2931 517 2978; baseline -0.008 -11"><span class='ocrx_word' id='word_1_234' title='bbox 136 2932 239 2978; x_wconf 77' lang='lat' dir='ltr'>Apollinaris</span> <span class='ocrx_word' id='word_1_235' title='bbox 257 2932 280 2964; x_wconf 90' lang='lat' dir='ltr'>ob</span> <span class='ocrx_word' id='word_1_236' title='bbox 300 2931 394 2965; x_wconf 86' lang='lat' dir='ltr'>doctrinam</span> <span class='ocrx_word' id='word_1_237' title='bbox 416 2931 517 2975; x_wconf 83' lang='lat' dir='ltr'>singularem</span> 
     </span>
     <span class='ocr_line' id='line_1_48' title="bbox 160 2988 517 3024; baseline -0.006 -1"><span class='ocrx_word' id='word_1_238' title='bbox 160 2988 284 3024; x_wconf 88' lang='lat' dir='ltr'>commendatio</span> <span class='ocrx_word' id='word_1_239' title='bbox 290 2992 341 3022; x_wconf 85' lang='grc'><strong>1016.</strong></span> <span class='ocrx_word' id='word_1_240' title='bbox 352 3009 373 3014; x_wconf 94' lang='grc'><strong>-</strong></span> <span class='ocrx_word' id='word_1_241' title='bbox 390 2989 475 3022; x_wconf 78' lang='lat' dir='ltr'>refutatur</span> <span class='ocrx_word' id='word_1_242' title='bbox 482 2988 517 3022; x_wconf 91' lang='lat' dir='ltr'>eius</span> 
     </span>
     <span class='ocr_line' id='line_1_49' title="bbox 158 3045 517 3090; baseline -0.003 -11"><span class='ocrx_word' id='word_1_243' title='bbox 158 3046 232 3079; x_wconf 82' lang='lat' dir='ltr'>haeresis</span> <span class='ocrx_word' id='word_1_244' title='bbox 244 3048 295 3078; x_wconf 88' lang='grc'><strong>1018.</strong></span> <span class='ocrx_word' id='word_1_245' title='bbox 309 3066 329 3071; x_wconf 92' lang='lat'>-</span> <span class='ocrx_word' id='word_1_246' title='bbox 360 3045 517 3090; x_wconf 68' lang='lat' dir='ltr'>apollinaristarum</span> 
     </span>
     <span class='ocr_line' id='line_1_50' title="bbox 161 3102 518 3137; baseline -0.006 0"><span class='ocrx_word' id='word_1_247' title='bbox 161 3103 233 3137; x_wconf 86' lang='lat' dir='ltr'>obiectio</span> <span class='ocrx_word' id='word_1_248' title='bbox 243 3105 293 3136; x_wconf 89' lang='grc'><strong>1020.</strong></span> <span class='ocrx_word' id='word_1_249' title='bbox 307 3123 327 3130; x_wconf 86' lang='lat'><em>-</em></span> <span class='ocrx_word' id='word_1_250' title='bbox 352 3102 426 3137; x_wconf 88' lang='lat' dir='ltr'>Christus</span> <span class='ocrx_word' id='word_1_251' title='bbox 437 3102 518 3137; x_wconf 85' lang='lat' dir='ltr'>humanas</span> 
     </span>
    </p>
   </div>
   <div class='ocr_carea' id='block_1_8' title="bbox 396 223 613 257">
    <p class='ocr_par' dir='ltr' id='par_1_11' title="bbox 396 223 613 257">
     <span class='ocr_line' id='line_1_51' title="bbox 396 223 613 257; baseline 0.014 -3"><span class='ocrx_word' id='word_1_252' title='bbox 396 239 402 243; x_wconf 80' lang='lat'><em>-</em></span> <span class='ocrx_word' id='word_1_253' title='bbox 439 223 514 256; x_wconf 84' lang='lat' dir='ltr'>INDEX</span> <span class='ocrx_word' id='word_1_254' title='bbox 525 224 613 257; x_wconf 79' lang='lat' dir='ltr'>RERUM.</span> 
     </span>
    </p>
   </div>
   <div class='ocr_carea' id='block_1_9' title="bbox 538 302 957 1947">
    <p class='ocr_par' dir='ltr' id='par_1_12' title="bbox 558 302 917 405">
     <span class='ocr_line' id='line_1_52' title="bbox 559 302 917 341; baseline 0.008 -4"><span class='ocrx_word' id='word_1_255' title='bbox 559 302 657 337; x_wconf 80' lang='lat' dir='ltr'>affectiones</span> <span class='ocrx_word' id='word_1_256' title='bbox 668 304 728 337; x_wconf 86' lang='lat' dir='ltr'>habuit</span> <span class='ocrx_word' id='word_1_257' title='bbox 737 304 778 338; x_wconf 90' lang='lat' dir='ltr'>ibid.</span> <span class='ocrx_word' id='word_1_258' title='bbox 788 323 813 332; x_wconf 54' lang='lat'>.-</span> <span class='ocrx_word' id='word_1_259' title='bbox 834 305 917 341; x_wconf 83' lang='lat' dir='ltr'>humanae</span> 
     </span>
     <span class='ocr_line' id='line_1_53' title="bbox 558 360 917 405; baseline 0.011 -12"><span class='ocrx_word' id='word_1_260' title='bbox 558 367 628 393; x_wconf 89' lang='lat' dir='ltr'>naturae</span> <span class='ocrx_word' id='word_1_261' title='bbox 648 360 666 393; x_wconf 90' lang='lat' dir='ltr'>in</span> <span class='ocrx_word' id='word_1_262' title='bbox 685 361 752 394; x_wconf 86' lang='lat' dir='ltr'>Christo</span> <span class='ocrx_word' id='word_1_263' title='bbox 774 360 848 405; x_wconf 75' lang='lat' dir='ltr'>dignitas</span> <span class='ocrx_word' id='word_1_264' title='bbox 866 364 917 397; x_wconf 86' lang='grc'><strong>1022.</strong></span> 
     </span>
    </p>

    <p class='ocr_par' dir='ltr' id='par_1_13' title="bbox 539 416 917 569">
     <span class='ocr_line' id='line_1_54' title="bbox 539 416 917 463; baseline 0.016 -14"><span class='ocrx_word' id='word_1_265' title='bbox 539 416 692 462; x_wconf 77' lang='lat' dir='ltr'>Apollinaristarum</span> <span class='ocrx_word' id='word_1_266' title='bbox 703 417 808 463; x_wconf 84' lang='lat' dir='ltr'>blasphemia</span> <span class='ocrx_word' id='word_1_267' title='bbox 820 417 842 452; x_wconf 89' lang='lat' dir='ltr'>de</span> <span class='ocrx_word' id='word_1_268' title='bbox 854 418 917 455; x_wconf 87' lang='lat' dir='ltr'>Christi</span> 
     </span>
     <span class='ocr_line' id='line_1_55' title="bbox 560 474 916 521; baseline 0.008 -14"><span class='ocrx_word' id='word_1_269' title='bbox 560 484 631 519; x_wconf 85' lang='lat' dir='ltr'>corpore</span> <span class='ocrx_word' id='word_1_270' title='bbox 640 474 739 520; x_wconf 78' lang='lat' dir='ltr'>imaginario</span> <span class='ocrx_word' id='word_1_271' title='bbox 749 477 789 508; x_wconf 82' lang='grc'><strong>998.</strong></span> <span class='ocrx_word' id='word_1_272' title='bbox 800 495 823 502; x_wconf 90' lang='grc'>-</span> <span class='ocrx_word' id='word_1_273' title='bbox 846 483 916 521; x_wconf 85' lang='lat' dir='ltr'>qnater·</span> 
     </span>
     <span class='ocr_line' id='line_1_56' title="bbox 558 531 916 569; baseline 0.011 -5"><span class='ocrx_word' id='word_1_274' title='bbox 558 531 630 564; x_wconf 85' lang='lat' dir='ltr'>nitatem</span> <span class='ocrx_word' id='word_1_275' title='bbox 641 543 674 565; x_wconf 86' lang='lat' dir='ltr'>non</span> <span class='ocrx_word' id='word_1_276' title='bbox 684 531 778 566; x_wconf 88' lang='lat' dir='ltr'>trinitatem</span> <span class='ocrx_word' id='word_1_277' title='bbox 790 539 866 566; x_wconf 85' lang='lat' dir='ltr'>asserunt</span> <span class='ocrx_word' id='word_1_278' title='bbox 875 532 916 569; x_wconf 88' lang='lat' dir='ltr'>ibid.</span> 
     </span>
    </p>

    <p class='ocr_par' dir='ltr' id='par_1_14' title="bbox 538 588 917 740">
     <span class='ocr_line' id='line_1_57' title="bbox 538 588 916 635; baseline 0.011 -13"><span class='ocrx_word' id='word_1_279' title='bbox 538 589 616 634; x_wconf 86' lang='lat' dir='ltr'>Apostoli</span> <span class='ocrx_word' id='word_1_280' title='bbox 627 588 701 630; x_wconf 84' lang='lat' dir='ltr'>dietum,</span> <span class='ocrx_word' id='word_1_281' title='bbox 721 592 767 633; x_wconf 77' lang='lat' dir='ltr'>Quod</span> <span class='ocrx_word' id='word_1_282' title='bbox 782 593 825 635; x_wconf 77' lang='lat' dir='ltr'>sueto</span> <span class='ocrx_word' id='word_1_283' title='bbox 841 602 873 626; x_wconf 87' lang='lat' dir='ltr'>non</span> <span class='ocrx_word' id='word_1_284' title='bbox 890 602 916 627; x_wconf 85' lang='lat' dir='ltr'>eo-</span> 
     </span>
     <span class='ocr_line' id='line_1_58' title="bbox 557 647 917 695; baseline 0.006 -13"><span class='ocrx_word' id='word_1_285' title='bbox 557 658 624 692; x_wconf 68' lang='lat' dir='ltr'>pumco,</span> <span class='ocrx_word' id='word_1_286' title='bbox 641 648 727 694; x_wconf 87' lang='lat' dir='ltr'>quomodo</span> <span class='ocrx_word' id='word_1_287' title='bbox 736 647 761 684; x_wconf 74' lang='lat' dir='ltr'>&#39;sir</span> <span class='ocrx_word' id='word_1_288' title='bbox 771 648 917 695; x_wconf 86' lang='lat' dir='ltr'>interpretandum</span> 
     </span>
     <span class='ocr_line' id='line_1_59' title="bbox 560 709 598 740; baseline 0.026 -1"><span class='ocrx_word' id='word_1_289' title='bbox 560 709 598 740; x_wconf 80' lang='lat'>583.</span> 
     </span>
    </p>

    <p class='ocr_par' dir='ltr' id='par_1_15' title="bbox 538 763 918 912">
     <span class='ocr_line' id='line_1_60' title="bbox 538 763 918 808; baseline 0.008 -12"><span class='ocrx_word' id='word_1_290' title='bbox 538 763 656 808; x_wconf 73' lang='lat' dir='ltr'>Apostolorum</span> <span class='ocrx_word' id='word_1_291' title='bbox 667 764 772 799; x_wconf 81' lang='lat' dir='ltr'>Iudaicorum</span> <span class='ocrx_word' id='word_1_292' title='bbox 786 766 862 805; x_wconf 82' lang='lat' dir='ltr'>functio,</span> <span class='ocrx_word' id='word_1_293' title='bbox 881 771 918 800; x_wconf 83' lang='lat' dir='ltr'>tum</span> 
     </span>
     <span class='ocr_line' id='line_1_61' title="bbox 560 821 917 868; baseline 0.006 -14"><span class='ocrx_word' id='word_1_294' title='bbox 560 829 577 855; x_wconf 90' lang='lat' dir='ltr'>et</span> <span class='ocrx_word' id='word_1_295' title='bbox 588 821 701 855; x_wconf 75' lang='lat' dir='ltr'>ministrorum</span> <span class='ocrx_word' id='word_1_296' title='bbox 718 822 746 868; x_wconf 87' lang='lat' dir='ltr'>qui</span> <span class='ocrx_word' id='word_1_297' title='bbox 758 823 839 856; x_wconf 80' lang='lat' dir='ltr'>Azanitae</span> <span class='ocrx_word' id='word_1_298' title='bbox 856 822 917 856; x_wconf 85' lang='lat' dir='ltr'>dicun-</span> 
     </span>
     <span class='ocr_line' id='line_1_62' title="bbox 560 882 637 912; baseline 0.013 -1"><span class='ocrx_word' id='word_1_299' title='bbox 560 885 588 911; x_wconf 86' lang='lat' dir='ltr'>tur</span> <span class='ocrx_word' id='word_1_300' title='bbox 598 882 637 912; x_wconf 84' lang='grc'><strong>135.</strong></span> 
     </span>
    </p>

    <p class='ocr_par' dir='ltr' id='par_1_16' title="bbox 539 936 917 1083">
     <span class='ocr_line' id='line_1_63' title="bbox 539 936 916 981; baseline 0.005 -14"><span class='ocrx_word' id='word_1_301' title='bbox 539 936 658 980; x_wconf 76' lang='lat' dir='ltr'>Apostolorum</span> <span class='ocrx_word' id='word_1_302' title='bbox 671 936 771 970; x_wconf 86' lang='lat' dir='ltr'>constitutio</span> <span class='ocrx_word' id='word_1_303' title='bbox 788 948 821 981; x_wconf 80' lang='lat' dir='ltr'>qua</span> <span class='ocrx_word' id='word_1_304' title='bbox 837 936 875 970; x_wconf 86' lang='lat' dir='ltr'>vitis</span> <span class='ocrx_word' id='word_1_305' title='bbox 887 948 916 969; x_wconf 88' lang='lat' dir='ltr'>ea-</span> 
     </span>
     <span class='ocr_line' id='line_1_64' title="bbox 559 992 917 1027; baseline 0.008 -3"><span class='ocrx_word' id='word_1_306' title='bbox 559 992 640 1026; x_wconf 79' lang='lat' dir='ltr'>tholicam</span> <span class='ocrx_word' id='word_1_307' title='bbox 647 993 734 1027; x_wconf 83' lang='lat' dir='ltr'>ecclesiam</span> <span class='ocrx_word' id='word_1_308' title='bbox 746 993 863 1027; x_wconf 82' lang='lat' dir='ltr'>demonstrare</span> <span class='ocrx_word' id='word_1_309' title='bbox 873 992 917 1027; x_wconf 88' lang='lat' dir='ltr'>diei·</span> 
     </span>
     <span class='ocr_line' id='line_1_65' title="bbox 560 1053 637 1083; baseline 0.013 -1"><span class='ocrx_word' id='word_1_310' title='bbox 560 1057 588 1082; x_wconf 90' lang='lat' dir='ltr'>tur</span> <span class='ocrx_word' id='word_1_311' title='bbox 598 1053 637 1083; x_wconf 80' lang='grc'><strong>390.</strong></span> 
     </span>
    </p>

    <p class='ocr_par' dir='ltr' id='par_1_17' title="bbox 540 1108 917 1154">
     <span class='ocr_line' id='line_1_66' title="bbox 540 1108 917 1154; baseline 0.005 -14"><span class='ocrx_word' id='word_1_312' title='bbox 540 1109 614 1153; x_wconf 86' lang='lat' dir='ltr'>Apostoli</span> <span class='ocrx_word' id='word_1_313' title='bbox 626 1108 723 1143; x_wconf 86' lang='lat' dir='ltr'>ludaeorum</span> <span class='ocrx_word' id='word_1_314' title='bbox 734 1115 752 1141; x_wconf 89' lang='lat' dir='ltr'>et</span> <span class='ocrx_word' id='word_1_315' title='bbox 762 1108 868 1154; x_wconf 82' lang='lat' dir='ltr'>patriarchae</span> <span class='ocrx_word' id='word_1_316' title='bbox 879 1111 917 1142; x_wconf 85' lang='grc'><strong>128.</strong></span> 
     </span>
    </p>

    <p class='ocr_par' dir='ltr' id='par_1_18' title="bbox 540 1165 918 1256">
     <span class='ocr_line' id='line_1_67' title="bbox 540 1165 918 1210; baseline 0.005 -13"><span class='ocrx_word' id='word_1_317' title='bbox 540 1166 616 1210; x_wconf 80' lang='lat' dir='ltr'>Apostoli</span> <span class='ocrx_word' id='word_1_318' title='bbox 629 1177 662 1210; x_wconf 87' lang='lat' dir='ltr'>qno</span> <span class='ocrx_word' id='word_1_319' title='bbox 674 1165 733 1200; x_wconf 89' lang='lat' dir='ltr'>ordine</span> <span class='ocrx_word' id='word_1_320' title='bbox 748 1166 838 1199; x_wconf 81' lang='lat' dir='ltr'>fueruntu</span> <span class='ocrx_word' id='word_1_321' title='bbox 852 1165 918 1200; x_wconf 86' lang='lat' dir='ltr'>Christo</span> 
     </span>
     <span class='ocr_line' id='line_1_68' title="bbox 560 1223 667 1256; baseline 0 -1"><span class='ocrx_word' id='word_1_322' title='bbox 560 1223 617 1255; x_wconf 88' lang='lat' dir='ltr'>vocati</span> <span class='ocrx_word' id='word_1_323' title='bbox 628 1225 667 1256; x_wconf 81' lang='grc'><strong>437.</strong></span> 
     </span>
    </p>

    <p class='ocr_par' dir='ltr' id='par_1_19' title="bbox 540 1279 918 1324">
     <span class='ocr_line' id='line_1_69' title="bbox 540 1279 918 1324; baseline 0.005 -13"><span class='ocrx_word' id='word_1_324' title='bbox 540 1280 659 1324; x_wconf 78' lang='lat' dir='ltr'>Apostolorum</span> <span class='ocrx_word' id='word_1_325' title='bbox 670 1279 731 1313; x_wconf 88' lang='lat' dir='ltr'>electio</span> <span class='ocrx_word' id='word_1_326' title='bbox 744 1287 761 1313; x_wconf 84' lang='lat' dir='ltr'>et</span> <span class='ocrx_word' id='word_1_327' title='bbox 773 1280 877 1314; x_wconf 85' lang='lat' dir='ltr'>enumeratio</span> <span class='ocrx_word' id='word_1_328' title='bbox 889 1282 918 1314; x_wconf 83' lang='lat'>50.</span> 
     </span>
    </p>

    <p class='ocr_par' dir='ltr' id='par_1_20' title="bbox 539 1336 957 1707">
     <span class='ocr_line' id='line_1_70' title="bbox 539 1336 918 1382; baseline 0.005 -14"><span class='ocrx_word' id='word_1_329' title='bbox 539 1336 675 1380; x_wconf 78' lang='lat' dir='ltr'>Apostolicorum</span> <span class='ocrx_word' id='word_1_330' title='bbox 689 1336 762 1369; x_wconf 85' lang='lat' dir='ltr'>haeresis</span> <span class='ocrx_word' id='word_1_331' title='bbox 774 1339 802 1370; x_wconf 86' lang='grc'>41.</span> <span class='ocrx_word' id='word_1_332' title='bbox 815 1343 855 1382; x_wconf 84' lang='lat' dir='ltr'>post</span> <span class='ocrx_word' id='word_1_333' title='bbox 868 1337 918 1370; x_wconf 88' lang='lat' dir='ltr'>Chri-</span> 
     </span>
     <span class='ocr_line' id='line_1_71' title="bbox 560 1392 919 1427; baseline 0 -2"><span class='ocrx_word' id='word_1_334' title='bbox 560 1393 664 1425; x_wconf 87' lang='lat' dir='ltr'>stianismum</span> <span class='ocrx_word' id='word_1_335' title='bbox 678 1395 717 1427; x_wconf 85' lang='grc'><strong>506,</strong></span> <span class='ocrx_word' id='word_1_336' title='bbox 734 1412 756 1418; x_wconf 99' lang='grc'>-</span> <span class='ocrx_word' id='word_1_337' title='bbox 783 1393 836 1426; x_wconf 87' lang='lat' dir='ltr'>iidem</span> <span class='ocrx_word' id='word_1_338' title='bbox 857 1392 919 1425; x_wconf 91' lang='lat' dir='ltr'>dicun-</span> 
     </span>
     <span class='ocr_line' id='line_1_72' title="bbox 560 1449 919 1493; baseline 0.003 -12"><span class='ocrx_word' id='word_1_339' title='bbox 560 1456 588 1481; x_wconf 90' lang='lat' dir='ltr'>tur</span> <span class='ocrx_word' id='word_1_340' title='bbox 605 1449 700 1493; x_wconf 82' lang='lat' dir='ltr'>Apotactici</span> <span class='ocrx_word' id='word_1_341' title='bbox 721 1453 738 1482; x_wconf 87' lang='lat'>1.</span> <span class='ocrx_word' id='word_1_342' title='bbox 757 1469 778 1475; x_wconf 89' lang='lat'>-</span> <span class='ocrx_word' id='word_1_343' title='bbox 811 1449 919 1483; x_wconf 85' lang='lat' dir='ltr'>renuntiato-</span> 
     </span>
     <span class='ocr_line' id='line_1_73' title="bbox 561 1505 919 1551; baseline 0 -13"><span class='ocrx_word' id='word_1_344' title='bbox 561 1518 587 1538; x_wconf 88' lang='lat' dir='ltr'>res</span> <span class='ocrx_word' id='word_1_345' title='bbox 602 1512 620 1538; x_wconf 85' lang='lat' dir='ltr'>et</span> <span class='ocrx_word' id='word_1_346' title='bbox 637 1517 666 1539; x_wconf 93' lang='lat' dir='ltr'>cnr</span> <span class='ocrx_word' id='word_1_347' title='bbox 682 1505 723 1539; x_wconf 92' lang='lat' dir='ltr'>ibid.</span> <span class='ocrx_word' id='word_1_348' title='bbox 740 1525 762 1532; x_wconf 91' lang='lat'><em>-</em></span> <span class='ocrx_word' id='word_1_349' title='bbox 785 1517 795 1538; x_wconf 85' lang='lat' dir='ltr'>a</span> <span class='ocrx_word' id='word_1_350' title='bbox 811 1505 870 1551; x_wconf 91' lang='lat' dir='ltr'>quibus</span> <span class='ocrx_word' id='word_1_351' title='bbox 886 1506 919 1538; x_wconf 88' lang='lat' dir='ltr'>orti</span> 
     </span>
     <span class='ocr_line' id='line_1_74' title="bbox 560 1551 957 1595; baseline 0.003 -2"><span class='ocrx_word' id='word_1_352' title='bbox 560 1562 601 1595; x_wconf 90' lang='lat' dir='ltr'>ibid.</span> <span class='ocrx_word' id='word_1_353' title='bbox 615 1581 636 1586; x_wconf 80' lang='lat'>—·</span> <span class='ocrx_word' id='word_1_354' title='bbox 660 1562 737 1595; x_wconf 78' lang='lat' dir='ltr'>Andreae</span> <span class='ocrx_word' id='word_1_355' title='bbox 752 1563 861 1595; x_wconf 85' lang='lat' dir='ltr'>achromne</span> <span class='ocrx_word' id='word_1_356' title='bbox 874 1562 919 1594; x_wconf 82' lang='lat' dir='ltr'>Actis</span> <span class='ocrx_word' id='word_1_357' title='bbox 955 1551 957 1553; x_wconf 42' lang='lat'>.</span> 
     </span>
     <span class='ocr_line' id='line_1_75' title="bbox 561 1618 919 1662; baseline -0.003 -11"><span class='ocrx_word' id='word_1_358' title='bbox 561 1618 653 1651; x_wconf 81' lang='lat' dir='ltr'>adhaerent</span> <span class='ocrx_word' id='word_1_359' title='bbox 669 1618 711 1652; x_wconf 91' lang='lat' dir='ltr'>ibid.</span> <span class='ocrx_word' id='word_1_360' title='bbox 723 1636 747 1643; x_wconf 92' lang='lat'>-</span> <span class='ocrx_word' id='word_1_361' title='bbox 769 1619 836 1662; x_wconf 88' lang='lat' dir='ltr'>nuptias</span> <span class='ocrx_word' id='word_1_362' title='bbox 853 1618 919 1661; x_wconf 88' lang='lat' dir='ltr'>impro-</span> 
     </span>
     <span class='ocr_line' id='line_1_76' title="bbox 561 1673 877 1707; baseline -0.003 0"><span class='ocrx_word' id='word_1_363' title='bbox 561 1674 603 1707; x_wconf 90' lang='lat' dir='ltr'>bant</span> <span class='ocrx_word' id='word_1_364' title='bbox 613 1673 654 1707; x_wconf 91' lang='lat' dir='ltr'>ibid.</span> <span class='ocrx_word' id='word_1_365' title='bbox 669 1692 689 1699; x_wconf 83' lang='lat'>-</span> <span class='ocrx_word' id='word_1_366' title='bbox 712 1674 741 1706; x_wconf 87' lang='lat' dir='ltr'>ubi</span> <span class='ocrx_word' id='word_1_367' title='bbox 752 1674 830 1707; x_wconf 86' lang='lat' dir='ltr'>habitent</span> <span class='ocrx_word' id='word_1_368' title='bbox 838 1676 877 1707; x_wconf 88' lang='grc'><strong>507.</strong></span> 
     </span>
    </p>

    <p class='ocr_par' dir='ltr' id='par_1_21' title="bbox 539 1729 918 1820">
     <span class='ocr_line' id='line_1_77' title="bbox 539 1729 918 1775; baseline -0.003 -11"><span class='ocrx_word' id='word_1_369' title='bbox 539 1731 596 1775; x_wconf 82' lang='lat' dir='ltr'>Aquae</span> <span class='ocrx_word' id='word_1_370' title='bbox 606 1730 706 1763; x_wconf 87' lang='lat' dir='ltr'>benedictae</span> <span class='ocrx_word' id='word_1_371' title='bbox 716 1742 737 1763; x_wconf 85' lang='lat' dir='ltr'>ao</span> <span class='ocrx_word' id='word_1_372' title='bbox 747 1741 797 1763; x_wconf 88' lang='lat' dir='ltr'>cruce</span> <span class='ocrx_word' id='word_1_373' title='bbox 805 1730 882 1774; x_wconf 81' lang='lat' dir='ltr'>signatae</span> <span class='ocrx_word' id='word_1_374' title='bbox 894 1729 918 1763; x_wconf 87' lang='lat' dir='ltr'>vis</span> 
     </span>
     <span class='ocr_line' id='line_1_78' title="bbox 562 1790 600 1820; baseline -0.026 -1"><span class='ocrx_word' id='word_1_375' title='bbox 562 1790 600 1820; x_wconf 76' lang='lat'>137.</span> 
     </span>
    </p>

    <p class='ocr_par' dir='ltr' id='par_1_22' title="bbox 540 1844 920 1947">
     <span class='ocr_line' id='line_1_79' title="bbox 540 1844 920 1890; baseline 0 -12"><span class='ocrx_word' id='word_1_376' title='bbox 540 1845 602 1878; x_wconf 82' lang='lat' dir='ltr'>Arabes</span> <span class='ocrx_word' id='word_1_377' title='bbox 616 1845 690 1878; x_wconf 85' lang='lat' dir='ltr'>Dusaren</span> <span class='ocrx_word' id='word_1_378' title='bbox 707 1845 758 1878; x_wconf 91' lang='lat' dir='ltr'>deum</span> <span class='ocrx_word' id='word_1_379' title='bbox 775 1844 833 1878; x_wconf 87' lang='lat' dir='ltr'>colunt</span> <span class='ocrx_word' id='word_1_380' title='bbox 850 1846 920 1890; x_wconf 81' lang='lat' dir='ltr'>eiusque</span> 
     </span>
     <span class='ocr_line' id='line_1_80' title="bbox 562 1901 892 1947; baseline 0.003 -13"><span class='ocrx_word' id='word_1_381' title='bbox 562 1908 633 1943; x_wconf 85' lang='lat' dir='ltr'>matrem</span> <span class='ocrx_word' id='word_1_382' title='bbox 644 1901 730 1947; x_wconf 79' lang='lat' dir='ltr'>Virginem</span> <span class='ocrx_word' id='word_1_383' title='bbox 741 1904 781 1935; x_wconf 78' lang='lat'>444.</span> <span class='ocrx_word' id='word_1_384' title='bbox 794 1901 892 1947; x_wconf 79' lang='lat' dir='ltr'>(addend.)</span> 
     </span>
    </p>
   </div>
   <div class='ocr_carea' id='block_1_10' title="bbox 527 1959 920 2006">
    <p class='ocr_par' dir='ltr' id='par_1_23' title="bbox 527 1959 920 2006">
     <span class='ocr_line' id='line_1_81' title="bbox 527 1959 920 2006; baseline -0.003 -12"><span class='ocrx_word' id='word_1_385' title='bbox 527 1976 529 1995; x_wconf 88' lang='grc' dir='ltr'>ι</span> <span class='ocrx_word' id='word_1_386' title='bbox 541 1959 609 1993; x_wconf 81' lang='lat' dir='ltr'>Arbitrii</span> <span class='ocrx_word' id='word_1_387' title='bbox 616 1959 685 1993; x_wconf 88' lang='lat' dir='ltr'>libertas</span> <span class='ocrx_word' id='word_1_388' title='bbox 693 1959 752 2006; x_wconf 87' lang='lat' dir='ltr'>cuique</span> <span class='ocrx_word' id='word_1_389' title='bbox 761 1966 787 1994; x_wconf 88' lang='lat' dir='ltr'>est</span> <span class='ocrx_word' id='word_1_390' title='bbox 796 1972 875 1993; x_wconf 89' lang='lat' dir='ltr'>concessa</span> <span class='ocrx_word' id='word_1_391' title='bbox 881 1961 920 1993; x_wconf 80' lang='grc'><strong>575,</strong></span> 
     </span>
    </p>
   </div>
   <div class='ocr_carea' id='block_1_11' title="bbox 542 2017 922 2225">
    <p class='ocr_par' dir='ltr' id='par_1_24' title="bbox 542 2017 920 2121">
     <span class='ocr_line' id='line_1_82' title="bbox 542 2017 920 2063; baseline 0.003 -12"><span class='ocrx_word' id='word_1_392' title='bbox 542 2022 594 2051; x_wconf 77' lang='lat' dir='ltr'>Areae</span> <span class='ocrx_word' id='word_1_393' title='bbox 606 2017 712 2052; x_wconf 86' lang='lat' dir='ltr'>Noemiticae</span> <span class='ocrx_word' id='word_1_394' title='bbox 726 2018 772 2062; x_wconf 91' lang='lat' dir='ltr'>apud</span> <span class='ocrx_word' id='word_1_395' title='bbox 784 2017 880 2063; x_wconf 82' lang='lat' dir='ltr'>Cardyaeos</span> <span class='ocrx_word' id='word_1_396' title='bbox 891 2030 920 2052; x_wconf 85' lang='lat' dir='ltr'>re-</span> 
     </span>
     <span class='ocr_line' id='line_1_83' title="bbox 563 2076 771 2121; baseline 0 -12"><span class='ocrx_word' id='word_1_397' title='bbox 563 2076 624 2121; x_wconf 89' lang='lat' dir='ltr'>liquiae</span> <span class='ocrx_word' id='word_1_398' title='bbox 636 2083 730 2110; x_wconf 86' lang='lat' dir='ltr'>asservatae</span> <span class='ocrx_word' id='word_1_399' title='bbox 743 2079 771 2109; x_wconf 82' lang='lat'>39.</span> 
     </span>
    </p>

    <p class='ocr_par' dir='ltr' id='par_1_25' title="bbox 543 2133 922 2225">
     <span class='ocr_line' id='line_1_84' title="bbox 543 2133 922 2179; baseline 0.003 -13"><span class='ocrx_word' id='word_1_400' title='bbox 543 2134 680 2167; x_wconf 86' lang='lat' dir='ltr'>Archonticornm</span> <span class='ocrx_word' id='word_1_401' title='bbox 696 2133 770 2167; x_wconf 81' lang='lat' dir='ltr'>haeresis</span> <span class='ocrx_word' id='word_1_402' title='bbox 788 2133 868 2179; x_wconf 79' lang='lat' dir='ltr'>vigesima</span> <span class='ocrx_word' id='word_1_403' title='bbox 881 2139 922 2179; x_wconf 87' lang='lat' dir='ltr'>post</span> 
     </span>
     <span class='ocr_line' id='line_1_85' title="bbox 565 2190 922 2225; baseline 0.003 -2"><span class='ocrx_word' id='word_1_404' title='bbox 565 2190 686 2224; x_wconf 84' lang='lat' dir='ltr'>Christianismi</span> <span class='ocrx_word' id='word_1_405' title='bbox 703 2198 759 2225; x_wconf 89' lang='lat' dir='ltr'>ortum</span> <span class='ocrx_word' id='word_1_406' title='bbox 777 2193 818 2224; x_wconf 91' lang='grc'><strong>291.</strong></span> <span class='ocrx_word' id='word_1_407' title='bbox 836 2211 859 2219; x_wconf 89' lang='grc'>-</span> <span class='ocrx_word' id='word_1_408' title='bbox 893 2191 922 2224; x_wconf 87' lang='lat' dir='ltr'>rrhi</span> 
     </span>
    </p>
   </div>
   <div class='ocr_carea' id='block_1_12' title="bbox 563 2248 981 2297">
    <p class='ocr_par' dir='ltr' id='par_1_26' title="bbox 563 2248 981 2297">
     <span class='ocr_line' id='line_1_86' title="bbox 563 2248 981 2297; baseline 0.005 -17"><span class='ocrx_word' id='word_1_409' title='bbox 563 2248 677 2293; x_wconf 84' lang='lat' dir='ltr'>proseminata</span> <span class='ocrx_word' id='word_1_410' title='bbox 694 2248 746 2282; x_wconf 85' lang='lat' dir='ltr'>suerit</span> <span class='ocrx_word' id='word_1_411' title='bbox 762 2248 804 2282; x_wconf 88' lang='lat' dir='ltr'>ibid.</span> <span class='ocrx_word' id='word_1_412' title='bbox 822 2267 842 2274; x_wconf 82' lang='lat'>··</span> <span class='ocrx_word' id='word_1_413' title='bbox 871 2255 889 2282; x_wconf 84' lang='lat' dir='ltr'>et</span> <span class='ocrx_word' id='word_1_414' title='bbox 896 2248 922 2297; x_wconf 63' lang='lat' dir='ltr'>pb</span> <span class='ocrx_word' id='word_1_415' title='bbox 980 2271 981 2274; x_wconf 62' lang='lat'><em>=</em></span> 
     </span>
    </p>
   </div>
   <div class='ocr_carea' id='block_1_13' title="bbox 541 2295 923 3148">
    <p class='ocr_par' dir='ltr' id='par_1_27' title="bbox 541 2295 923 3148">
     <span class='ocr_line' id='line_1_87' title="bbox 563 2295 922 2352; baseline 0 -13"><span class='ocrx_word' id='word_1_416' title='bbox 563 2307 636 2339; x_wconf 90' lang='lat' dir='ltr'>Entacto</span> <span class='ocrx_word' id='word_1_417' title='bbox 653 2306 689 2340; x_wconf 85' lang='lat' dir='ltr'>sive</span> <span class='ocrx_word' id='word_1_418' title='bbox 707 2306 763 2351; x_wconf 88' lang='lat' dir='ltr'>potins</span> <span class='ocrx_word' id='word_1_419' title='bbox 776 2295 837 2339; x_wconf 84' lang='lat' dir='ltr'>Atacto</span> <span class='ocrx_word' id='word_1_420' title='bbox 849 2305 922 2352; x_wconf 87' lang='lat' dir='ltr'>quodam</span> 
     </span>
     <span class='ocr_line' id='line_1_88' title="bbox 564 2363 921 2409; baseline 0 -13"><span class='ocrx_word' id='word_1_421' title='bbox 564 2364 666 2397; x_wconf 81' lang='lat' dir='ltr'>anachoreta</span> <span class='ocrx_word' id='word_1_422' title='bbox 681 2370 775 2409; x_wconf 82' lang='lat' dir='ltr'>propagata</span> <span class='ocrx_word' id='word_1_423' title='bbox 788 2363 830 2397; x_wconf 88' lang='lat' dir='ltr'>ibid.</span> <span class='ocrx_word' id='word_1_424' title='bbox 844 2383 865 2389; x_wconf 89' lang='lat'><em>-</em></span> <span class='ocrx_word' id='word_1_425' title='bbox 888 2367 921 2397; x_wconf 88' lang='lat' dir='ltr'>Ar-</span> 
     </span>
     <span class='ocr_line' id='line_1_89' title="bbox 564 2420 922 2466; baseline -0.003 -12"><span class='ocrx_word' id='word_1_426' title='bbox 564 2420 638 2455; x_wconf 89' lang='lat' dir='ltr'>chontici</span> <span class='ocrx_word' id='word_1_427' title='bbox 655 2421 758 2466; x_wconf 84' lang='lat' dir='ltr'>apocryphis</span> <span class='ocrx_word' id='word_1_428' title='bbox 782 2421 829 2454; x_wconf 88' lang='lat' dir='ltr'>libris</span> <span class='ocrx_word' id='word_1_429' title='bbox 852 2427 922 2453; x_wconf 88' lang='lat' dir='ltr'>utuntur</span> 
     </span>
     <span class='ocr_line' id='line_1_90' title="bbox 564 2477 922 2523; baseline 0 -12"><span class='ocrx_word' id='word_1_430' title='bbox 564 2479 602 2511; x_wconf 84' lang='grc'><strong>292.</strong></span> <span class='ocrx_word' id='word_1_431' title='bbox 621 2497 641 2503; x_wconf 54' lang='lat'><em>„</em></span> <span class='ocrx_word' id='word_1_432' title='bbox 670 2489 728 2511; x_wconf 88' lang='lat' dir='ltr'>eornm</span> <span class='ocrx_word' id='word_1_433' title='bbox 743 2478 824 2523; x_wconf 79' lang='lat' dir='ltr'>dogmata</span> <span class='ocrx_word' id='word_1_434' title='bbox 840 2477 882 2511; x_wconf 92' lang='lat' dir='ltr'>ibid.</span> <span class='ocrx_word' id='word_1_435' title='bbox 901 2496 922 2503; x_wconf 88' lang='lat'>-</span> 
     </span>
     <span class='ocr_line' id='line_1_91' title="bbox 564 2534 922 2579; baseline 0 -12"><span class='ocrx_word' id='word_1_436' title='bbox 564 2534 639 2579; x_wconf 87' lang='lat' dir='ltr'>corporis</span> <span class='ocrx_word' id='word_1_437' title='bbox 653 2541 716 2578; x_wconf 81' lang='lat' dir='ltr'>negant</span> <span class='ocrx_word' id='word_1_438' title='bbox 726 2534 871 2574; x_wconf 81' lang='lat' dir='ltr'>resurrectionem,</span> <span class='ocrx_word' id='word_1_439' title='bbox 884 2534 922 2567; x_wconf 84' lang='lat' dir='ltr'>ani-</span> 
     </span>
     <span class='ocr_line' id='line_1_92' title="bbox 563 2590 922 2626; baseline -0.003 -1"><span class='ocrx_word' id='word_1_440' title='bbox 563 2603 600 2625; x_wconf 89' lang='lat' dir='ltr'>mae</span> <span class='ocrx_word' id='word_1_441' title='bbox 613 2591 683 2626; x_wconf 84' lang='lat' dir='ltr'>credunt</span> <span class='ocrx_word' id='word_1_442' title='bbox 693 2592 734 2625; x_wconf 90' lang='lat' dir='ltr'>ibid.</span> <span class='ocrx_word' id='word_1_443' title='bbox 748 2611 770 2617; x_wconf 90' lang='lat'><em>-</em></span> <span class='ocrx_word' id='word_1_444' title='bbox 794 2603 851 2625; x_wconf 91' lang='lat' dir='ltr'>eornm</span> <span class='ocrx_word' id='word_1_445' title='bbox 865 2590 922 2624; x_wconf 87' lang='lat' dir='ltr'>fabula</span> 
     </span>
     <span class='ocr_line' id='line_1_93' title="bbox 563 2648 923 2693; baseline 0 -12"><span class='ocrx_word' id='word_1_446' title='bbox 563 2649 585 2681; x_wconf 89' lang='lat' dir='ltr'>de</span> <span class='ocrx_word' id='word_1_447' title='bbox 594 2660 684 2693; x_wconf 82' lang='lat' dir='ltr'>congressu</span> <span class='ocrx_word' id='word_1_448' title='bbox 694 2648 757 2682; x_wconf 90' lang='lat' dir='ltr'>diaboli</span> <span class='ocrx_word' id='word_1_449' title='bbox 767 2659 805 2681; x_wconf 89' lang='lat' dir='ltr'>cnm</span> <span class='ocrx_word' id='word_1_450' title='bbox 814 2650 850 2681; x_wconf 87' lang='lat' dir='ltr'>Eva</span> <span class='ocrx_word' id='word_1_451' title='bbox 856 2650 895 2681; x_wconf 89' lang='grc'><strong>295.</strong></span> <span class='ocrx_word' id='word_1_452' title='bbox 902 2666 923 2673; x_wconf 92' lang='lat'>-</span> 
     </span>
     <span class='ocr_line' id='line_1_94' title="bbox 564 2705 921 2751; baseline 0 -13"><span class='ocrx_word' id='word_1_453' title='bbox 564 2717 606 2751; x_wconf 89' lang='lat' dir='ltr'>qnos</span> <span class='ocrx_word' id='word_1_454' title='bbox 624 2706 715 2750; x_wconf 87' lang='lat' dir='ltr'>propbetas</span> <span class='ocrx_word' id='word_1_455' title='bbox 734 2705 836 2749; x_wconf 83' lang='lat' dir='ltr'>profitentur</span> <span class='ocrx_word' id='word_1_456' title='bbox 847 2707 886 2738; x_wconf 82' lang='grc'><strong>297.</strong></span> <span class='ocrx_word' id='word_1_457' title='bbox 899 2723 921 2730; x_wconf 92' lang='lat'>·-</span> 
     </span>
     <span class='ocr_line' id='line_1_95' title="bbox 563 2760 922 2806; baseline -0.006 -11"><span class='ocrx_word' id='word_1_458' title='bbox 563 2762 636 2795; x_wconf 84' lang='lat' dir='ltr'>haeresis</span> <span class='ocrx_word' id='word_1_459' title='bbox 649 2761 789 2795; x_wconf 87' lang='lat' dir='ltr'>Archonticornm</span> <span class='ocrx_word' id='word_1_460' title='bbox 801 2773 822 2794; x_wconf 84' lang='lat' dir='ltr'>ex</span> <span class='ocrx_word' id='word_1_461' title='bbox 833 2760 922 2806; x_wconf 87' lang='lat' dir='ltr'>multiplici</span> 
     </span>
     <span class='ocr_line' id='line_1_96' title="bbox 563 2817 859 2862; baseline -0.003 -11"><span class='ocrx_word' id='word_1_462' title='bbox 563 2819 641 2862; x_wconf 80' lang='lat' dir='ltr'>anguium</span> <span class='ocrx_word' id='word_1_463' title='bbox 653 2818 726 2851; x_wconf 87' lang='lat' dir='ltr'>colluvie</span> <span class='ocrx_word' id='word_1_464' title='bbox 738 2817 810 2851; x_wconf 87' lang='lat' dir='ltr'>conflata</span> <span class='ocrx_word' id='word_1_465' title='bbox 821 2820 859 2851; x_wconf 87' lang='grc'><strong>299.</strong></span> 
     </span>
     <span class='ocr_line' id='line_1_97' title="bbox 541 2874 923 2920; baseline 0 -13"><span class='ocrx_word' id='word_1_466' title='bbox 541 2875 598 2908; x_wconf 85' lang='lat' dir='ltr'>Ariani</span> <span class='ocrx_word' id='word_1_467' title='bbox 614 2882 632 2908; x_wconf 86' lang='lat' dir='ltr'>et</span> <span class='ocrx_word' id='word_1_468' title='bbox 644 2876 743 2908; x_wconf 83' lang='lat' dir='ltr'>Arianorum</span> <span class='ocrx_word' id='word_1_469' title='bbox 758 2875 832 2908; x_wconf 83' lang='lat' dir='ltr'>haeresis</span> <span class='ocrx_word' id='word_1_470' title='bbox 849 2874 923 2920; x_wconf 83' lang='lat' dir='ltr'>quadra-</span> 
     </span>
     <span class='ocr_line' id='line_1_98' title="bbox 563 2931 923 2976; baseline 0 -12"><span class='ocrx_word' id='word_1_471' title='bbox 563 2932 627 2976; x_wconf 85' lang='lat' dir='ltr'>gesima</span> <span class='ocrx_word' id='word_1_472' title='bbox 642 2943 687 2965; x_wconf 82' lang='lat' dir='ltr'>nona</span> <span class='ocrx_word' id='word_1_473' title='bbox 703 2932 739 2965; x_wconf 85' lang='lat' dir='ltr'>sire</span> <span class='ocrx_word' id='word_1_474' title='bbox 757 2931 860 2976; x_wconf 76' lang='lat' dir='ltr'>sexagesima</span> <span class='ocrx_word' id='word_1_475' title='bbox 877 2942 923 2965; x_wconf 82' lang='lat' dir='ltr'>nona</span> 
     </span>
     <span class='ocr_line' id='line_1_99' title="bbox 565 2988 922 3034; baseline -0.003 -12"><span class='ocrx_word' id='word_1_476' title='bbox 565 2992 604 3023; x_wconf 85' lang='grc'><strong>717.</strong></span> <span class='ocrx_word' id='word_1_477' title='bbox 616 3009 638 3015; x_wconf 84' lang='lat'>-</span> <span class='ocrx_word' id='word_1_478' title='bbox 661 2988 706 3022; x_wconf 91' lang='lat' dir='ltr'>unde</span> <span class='ocrx_word' id='word_1_479' title='bbox 717 2988 797 3022; x_wconf 90' lang='lat' dir='ltr'>oriundus</span> <span class='ocrx_word' id='word_1_480' title='bbox 808 2996 826 3022; x_wconf 86' lang='lat' dir='ltr'>et</span> <span class='ocrx_word' id='word_1_481' title='bbox 837 2988 922 3034; x_wconf 87' lang='lat' dir='ltr'>quomodo</span> 
     </span>
     <span class='ocr_line' id='line_1_100' title="bbox 564 3044 922 3090; baseline -0.006 -12"><span class='ocrx_word' id='word_1_482' title='bbox 564 3045 618 3079; x_wconf 85' lang='lat' dir='ltr'>afide</span> <span class='ocrx_word' id='word_1_483' title='bbox 629 3045 732 3079; x_wconf 82' lang='lat' dir='ltr'>aberraverit</span> <span class='ocrx_word' id='word_1_484' title='bbox 746 3044 787 3078; x_wconf 91' lang='lat' dir='ltr'>ibid.</span> <span class='ocrx_word' id='word_1_485' title='bbox 800 3064 823 3072; x_wconf 92' lang='lat'>·-</span> <span class='ocrx_word' id='word_1_486' title='bbox 845 3045 876 3079; x_wconf 86' lang='lat' dir='ltr'>sub</span> <span class='ocrx_word' id='word_1_487' title='bbox 889 3055 922 3090; x_wconf 82' lang='lat' dir='ltr'>quo</span> 
     </span>
     <span class='ocr_line' id='line_1_101' title="bbox 564 3102 922 3148; baseline -0.006 -12"><span class='ocrx_word' id='word_1_488' title='bbox 564 3102 639 3136; x_wconf 84' lang='lat' dir='ltr'>florrrerit</span> <span class='ocrx_word' id='word_1_489' title='bbox 658 3102 760 3148; x_wconf 82' lang='lat' dir='ltr'>imperatore</span> <span class='ocrx_word' id='word_1_490' title='bbox 777 3102 818 3136; x_wconf 78' lang='lat' dir='ltr'>ibin</span> <span class='ocrx_word' id='word_1_491' title='bbox 835 3120 859 3128; x_wconf 91' lang='grc'><strong>-</strong></span> <span class='ocrx_word' id='word_1_492' title='bbox 887 3102 922 3136; x_wconf 86' lang='lat' dir='ltr'>eins</span> 
     </span>
    </p>
   </div>
   <div class='ocr_carea' id='block_1_14' title="bbox 0 0 999 3392">
    <p class='ocr_par' dir='ltr' id='par_1_28' title="bbox 0 0 999 3392">
     <span class='ocr_line' id='line_1_102' title="bbox 0 0 999 3392; baseline 0 0"><span class='ocrx_word' id='word_1_493' title='bbox 0 0 999 3392; x_wconf 95' lang='lat' dir='ltr'> </span> 
     </span>
    </p>
   </div>
  </div>
 </body>
</html>
