1988 3392
159 227 201 270 302
445 235 529 270 SANGTI
539 235 657 270 EPIPHANII

160 312 188 365 τός
199 318 246 372 τιμᾷ
255 311 291 357 τόν
304 314 386 370 πατέρα.
418 313 472 357 Ούδὲ
486 312 546 357 πάλιν
560 311 627 366 εἶπεν,
646 311 670 357 ‘0
684 312 711 369 μη
723 315 757 356 καὶ
769 313 805 358 τόν
816 315 863 359 νὶόν
873 323 944 373 τιμῶν,

159 381 215 436 ἀλλά,
232 382 282 426 Τῖόν
292 380 321 434 οἷς
329 381 365 426 τόν
376 383 457 438 πατέρα.
485 379 587 433 Ώςαύτως
599 382 637 437 ότι,
655 382 699 426 Ούκ
709 381 836 438 ἀφεθήσεται
844 388 873 444 τῷ
883 388 912 437 είς
921 387 945 432 τδ

159 456 238 507 πνεῦμα
249 455 406 507 βλασφημοῦντι,
422 450 468 494 ον’ίτε
478 445 524 502 οἶδε,
540 449 586 495 οίίτε
597 453 617 495 έν
629 456 658 510 τῷ
668 453 757 506 μέλλοντι
767 454 832 505 αἰῶνι,
847 455 883 496 ἵνα
894 460 944 511 ι’ση.

159 520 213 580 μάνη
223 525 260 575 τῆς
270 519 351 577 τριάδος
362 517 385 563 τό
396 518 506 577 ἀπρόςιτον
516 522 550 563 καὶ
560 518 679 578 ἀσύγκριτον
689 521 711 564 έν
720 521 788 579 πατρί,
803 522 839 564 καὶ
849 524 894 582 υἱῷ,
910 526 943 568 καί

159 586 210 648 άγίητ
225 587 328 644 πνεύματι.

165 651 167 653 ’
213 656 290 700 Ἀετίου
304 655 373 710 κεφάλ.
386 656 408 700 λ’.
438 659 468 700 Εἰ
481 656 576 715 ύπεράγει
591 655 658 713 πάσης
673 656 754 712 φύσεως
768 655 943 719 όπαντοκράτωρ,

158 725 192 769 διά
203 725 225 769 τό
236 725 346 782 ἀγέννητον
357 724 459 783 ύπεράγει,
474 725 524 783 ὅπερ
537 727 590 770 ἐστὶν
600 728 665 770 αίτιον
676 733 718 778 τοῖς
727 733 829 784 γεννητοῖς
839 730 942 785 διαμονῆς.

159 797 189 838 Εἰ
198 795 220 838 δέ
231 794 259 850 μὴ
269 796 322 837 έστιν
333 792 404 845 ούσίας
414 792 523 850 δηλωτικδν
533 794 555 838 τό
569 795 688 852 ἀγέννητον,
710 795 778 839 πόθεν
788 794 814 839 ἀν
826 794 841 851 ἡ
849 801 890 841 τοῖν
900 814 943 855 γεν-

160 869 225 919 νητῶν
240 863 302 918 φύσις
316 864 354 915 έξει
368 862 391 907 τό
407 863 551 916 διασιόζεσθαις

212 1000 292 1059 Ἀνατρ.
323 1002 400 1058 Πρέπει
412 1002 474 1058 λέγειν
485 1002 519 1044 καὶ
530 999 644 1058 ὁμολογεῖν,
665 1002 699 1045 καί
713 1001 778 1053 οὕτως
790 1003 889 1058 κατέχειν,
911 1002 942 1048 δτι

158 1070 225 1126 πάσης
240 1070 320 1124 φύσεως
335 1068 424 1127 ύπερέγει
440 1068 615 1127 όπαντοκράτωρ,
636 1071 657 1122 έξ
667 1066 731 1127 οὗπερ
748 1069 798 1127 ἡμῖν
809 1069 942 1129 όμονογενής

159 1139 306 1196 ἀνεκδιηγητως
319 1144 420 1195 προῆλθεν
435 1137 447 1182 ό
461 1137 510 1189 θεός
526 1137 595 1196 λόγος,
615 1139 650 1181 καὶ
665 1138 688 1183 τό
706 1138 763 1196 ἀγιον
777 1139 841 1184 αὐτοῦ
857 1146 943 1196 πνεῦμα.

160 1210 201 1252 Καὶ
213 1206 247 1253 διά
256 1212 315 1250 τούτο
326 1208 422 1261 ἀσφαλῶς
431 1208 456 1251 ού
466 1210 529 1250 κτίσιν
538 1212 685 1264 θεολογοῦμεν,
707 1210 742 1251 ἵνα
753 1208 780 1264 μη
793 1214 941 1266 μωρανθοῖμεν,

159 1277 196 1333 την
206 1277 228 1320 δέ
238 1275 400 1334 δπερβαίνονσαν
415 1281 482 1319 πᾶσαν
499 1275 561 1327 φύσιν
577 1274 649 1332 τριάδα
664 1279 819 1335 δοξολογοῦμεν,
841 1277 889 1322 νίδν
903 1277 942 1322 σύν

159 1348 230 1404 πατρὶ,
251 1341 285 1389 καὶ
302 1343 324 1390 τό
339 1344 397 1402 άγιον
411 1343 475 1388 αὐτοῦ
489 1349 578 1400 πνεῦμα,
600 1345 651 1388 διότι
667 1345 775 1403 ἀγέννητον
793 1347 828 1389 καὶ
844 1344 942 1391 ἀκτιστον.

156 1413 241 1470 Ἐπειδὴ
258 1412 296 1472 γάρ
312 1413 358 1458 οὕτε
374 1412 433 1469 άλλης
449 1413 529 1467 φύσεως
543 1411 555 1456 o‘
568 1412 676 1471 μονογενὴς
691 1415 726 1456 καί
741 1412 764 1457 τό
781 1413 839 1471 άγιον
855 1420 942 1471 πνεῦμα,

159 1482 207 1528 ἀλλά
217 1481 267 1534 θεός
278 1485 300 1526 έκ
311 1488 373 1536 θεοῦ,
394 1484 429 1526 καὶ
440 1487 485 1537 φῶς
494 1484 516 1526 ἐκ
527 1480 604 1535 φωτός,
625 1481 662 1525 σύν
673 1486 701 1542 τρῖ
711 1481 860 1541 παντοκράτορι
871 1485 940 1542 πατρί,

160 1554 194 1597 καὶ
206 1550 268 1602 αύτδς
282 1550 412 1608 όμονογενής
426 1550 569 1607 παντοκράτωρ
586 1549 686 1604 ἀκούσας,
706 1548 734 1602 τίς
744 1552 779 1594 καὶ
793 1557 864 1605 σαφοῖς
879 1551 943 1609 ἔχειὴ

159 1624 206 1665 θεία
216 1619 291 1679 γραφή.
323 1619 354 1662 Ού
365 1619 403 1678 γάρ
418 1618 497 1669 ἀλλοῖός
512 1621 553 1663 έστι
562 1618 617 1676 παρά
626 1618 649 1662 τό
659 1625 695 1663 τοῦ
707 1620 784 1677 πατρός
794 1620 871 1676 ἀξίωμα
883 1620 895 1666 ό
906 1640 941 1677 μο-

159 1689 251 1749 νογενὴς,
274 1689 392 1746 σνμπρέπον
403 1689 425 1732 δὲ
435 1693 463 1748 τῷ
474 1692 510 1732 τοῦ
521 1688 597 1745 πατρός
608 1686 714 1744 ἀξιώματι·
730 1686 758 1740 οἷς
769 1689 881 1748 διαρρήδην
891 1709 941 1749 μαρ-

159 1765 216 1817 τυρεῖ
229 1776 264 1814 μοι
278 1756 360 1816 όάγιος
371 1755 481 1808 ἀπόστολος
493 1759 515 1801 έν
525 1756 621 1812 πνεύματι
638 1755 688 1817 όγίφ
703 1757 771 1813 φήσας
781 1760 827 1815 περὶ
840 1763 880 1802 τοῖν
891 1761 941 1803 νίοῐν

76 1859 110 1890 pag.
119 1851 150 1879 ης,
157 1826 244 1885 Ἰσραὴλ,
257 1822 306 1880 Ὧν,
322 1828 385 1881 φησὶν
395 1824 409 1881 η
420 1828 510 1882 λατρεία,
529 1827 565 1868 καὶ
579 1828 601 1869 αἱ
609 1827 717 1881 διαθῆκαι,
732 1828 767 1870 καί
780 1822 809 1870 οἷν
819 1828 840 1870 οἱ
849 1829 940 1885 πατέρες,

160 1899 179 1950 ἐξ
191 1892 220 1940 οἷν
232 1894 244 1940 ό
256 1894 343 1954 Χριστός
353 1894 375 1939 τό
386 1893 435 1938 κατά
444 1893 519 1952 σάρκα,
538 1892 551 1937 o‘
561 1893 590 1938 ἀν
602 1896 635 1939 ἐπὶ
646 1894 726 1939 πάντων
736 1894 785 1946 θεός
794 1894 901 1953 εὖλογητός
912 1899 941 1947 είς

158 1965 206 2016 τούς
221 1967 305 2016 αἰῶνας,
327 1963 386 2019 ἀμήν.
416 1961 456 2007 Διά
473 1968 531 2006 τοῦτο
549 1963 587 2020 γάρ
603 1965 638 2007 καὶ
652 1962 788 2020 προςκννητός
802 1962 940 2022 όμονογενης,

158 2036 192 2079 καὶ
202 2033 253 2084 θεός
265 2031 403 2089 όμονογενής,
424 2033 459 2075 καὶ
470 2037 528 2075 θεῖον
540 2030 652 2087 πνεύματά
666 2032 724 2089 δι’γιον
734 2036 824 2088 πνεῦμα,
845 2035 880 2077 καὶ
891 2032 941 2089 μετά

158 2102 194 2159 τὴν
204 2101 263 2160 άγίαν
273 2101 345 2160 τριάδα
356 2101 396 2145 οὐκ
407 2102 460 2145 έστιν
472 2101 540 2158 ἕτερος
550 2100 605 2152 θεός.
633 2098 660 2144 ‘0
673 2101 695 2145 δέ
706 2100 772 2158 πατὴρ
788 2101 940 2161 παντοκράτωρ,

158 2174 193 2217 καὶ
203 2171 215 2216 ό
225 2169 335 2228 μονογενὴς
348 2169 411 2213 αὐτοῦ
425 2176 474 2221 παῖς
482 2169 560 2224 Ἰησοῦς
574 2168 662 2227 Χριστός
677 2171 801 2227 σνμιτρέιιων
809 2175 839 2229 τῷ
851 2175 892 2215 τού
901 2189 939 2215 πα-

158 2239 206 2299 τρδς
216 2240 322 2295 ἀξιώματι,
337 2241 371 2282 καὶ
383 2237 448 2296 πατηρ
461 2238 583 2294 καλούμενος
594 2243 631 2282 τοῦ
642 2239 744 2293 μέλλοντος
754 2240 838 2292 αἰῶνος,
852 2241 940 2298 συμπρέ-

158 2327 204 2354 πων
217 2310 253 2352 1δὲ
264 2310 298 2352 καὶ
310 2312 337 2367 τῷ
348 2306 397 2368 ἀγίρι
409 2305 473 2351 αύτοῦ
482 2307 580 2362 πνεύματι
589 2307 697 2359 οἰκτίστοις,
712 2306 744 2350 ἀεὶ
755 2305 834 2366 ἡτριάς
841 2325 940 2366 φανερον-

159 2380 208 2434 μένη
218 2379 252 2421 καὶ
262 2379 408 2435 γινωσκομένη,
424 2378 444 2427 ἐξ
453 2371 478 2432 ἧς
488 2376 570 2433 τριάδος
581 2381 624 2426 τοῖς
633 2380 682 2419 πᾶσι
691 2376 780 2433 γεγονόσι
790 2376 813 2420 τό
824 2379 888 2421 α’ίτιον
899 2378 940 2422 ένε-

158 2462 212 2499 στιν,
241 2448 307 2502 2εἰίιερ
330 2447 383 2489 ἐστὶν
402 2445 472 2495 οὐσίας
487 2444 614 2502 ἀκραιφνοῦς
632 2446 666 2488 καί
684 2443 806 2502 ἀσογκρίτον
823 2445 939 2501 δηλωτικόν,

158 2515 223 2571 πατὴρ
234 2516 314 2574 έννίῷ,
335 2513 380 2564 νίός
392 2515 414 2557 ἐν
424 2514 496 2572 πατρὶ,
515 2511 552 2555 σύν
563 2511 614 2571 άγίηι
626 2512 734 2567 πνεύματι,
755 2513 786 2556 ἀεὶ
796 2519 832 2569 τῆς
841 2517 940 2570 διαμονῆς

158 2584 180 2627 τό
192 2583 258 2627 ἀΐδιον
270 2585 290 2626 έν
300 2584 361 2641 ἑαυτῇ
372 2581 464 2637 ἐχούσης,
486 2584 506 2634 ἐξ
516 2577 542 2636 ἧς
554 2580 635 2638 τριάδος
648 2587 690 2632 τοῖς
705 2581 795 2639 γεγονόσι
810 2581 832 2625 τό
848 2581 923 2636 διασοίζ
931 2611 939 2619 -

158 2653 209 2696 σθαι
223 2651 332 2708 πρόςεστιν.

214 2787 292 2832 Ἀετίον
303 2787 371 2841 κεφάλ,
382 2788 417 2840 λα’.
446 2789 476 2830 Εἰ
486 2784 544 2831 ον’δὲν
554 2792 594 2830 τῶν
607 2785 700 2844 ἀοράτων
715 2785 780 2830 1αύτό
795 2788 868 2831 ἑαυτοῦ
879 2803 939 2848 σπερ-

159 2863 247 2914 ματικῶς
258 2856 393 2915 προύπάρχει,
408 2858 496 2912 διαμένει
507 2856 529 2899 δὲ
542 2857 564 2899 έν
575 2855 635 2910 φύσει
645 2853 838 2916 ἀποκεκληρωμένη,
855 2861 915 2907 2πῶς
926 2854 939 2901 ό

157 2924 264 2984 ἀγέννητος
276 2924 325 2977 θεός
335 2924 439 2983 ἐλεύθερος
455 2922 614 2982 ἀποπληρώσεως
627 2921 724 2982 ύπάρχων
740 2928 777 2967 νύν
793 2924 829 2980 μὲν
839 2924 877 2981 την
892 2927 937 2970 ἑαν-

180 3042 196 3077 8.
210 3042 285 3088 σημαίνῃ
297 3044 334 3076 τδίλ
342 3043 397 3078 Ρτλσν.
581 3041 597 3075 2.
608 3037 654 3085 ἥπερ
665 3043 726 3075 volebat
736 3041 817 3074 Ριλοοίατ.

181 3089 196 3122 1.
208 3088 228 3125 δὲ
239 3091 302 3131 reposui
311 3099 331 3123 ιιι
342 3090 387 3123 codd.
397 3098 434 3123 mss.
454 3088 501 3122 Εάλλι·
511 3098 536 3122 τε.
583 3088 597 3120 1.
610 3089 664 3130 Supra
675 3089 723 3129 ααλςο
735 3082 788 3126 αιίτδς
799 3083 856 3122 αὐτοῦ.
