1988 3392
170 223 212 265 368
457 231 540 266 ειαατι
551 232 670 266 νειαιικαιι

169 327 210 367 γων
218 308 249 353 ότι
261 310 286 353 ού
298 313 331 353 δεῖ
339 311 411 354 τέλειον
422 309 534 367 άνθρωπον
542 308 578 355 τόν
590 309 653 354 αὐτόν
666 309 793 365 ἀνειληφέναι
802 311 874 367 λέγειν,
889 313 953 368 ὄήθεν

170 377 212 421 ἀπό
222 383 259 422 τού
271 382 334 436 ῥητοῦ
345 380 461 436 εἰρημένου,
475 378 631 436 Ἀναλαμβάνων
643 385 714 439 πραεῖς
724 377 737 422 ό
747 380 823 435 κύριος.
855 379 921 423 Ούιλὲν
932 381 953 425 δὲ

170 447 298 503 θαυμαστόν,
317 447 363 491 ούτε
372 447 490 504 διαφθοράν
501 467 546 492 τινα
562 447 658 508 ἐντούτῳ
669 446 699 499 τις
710 449 749 503 έγει
760 450 832 501 δεῖξαι,
852 452 879 506 τῷ
892 450 954 493 εἰπεῖν

170 515 276 572 ἀναλαβεῖν
292 517 356 573 σάρκα
372 516 407 560 τόν
423 517 505 574 κύριον,
529 517 543 573 ή
559 517 646 575 λαβόντα
662 520 735 561 τελείαν
751 515 918 574 ένανθρύπησιν,
940 517 954 573 ή

171 585 236 643 ὥςπερ
253 586 347 637 πολλάκις
358 588 379 629 ἔν
390 584 440 641 ήμῖν
450 585 562 642 ὁμωνύμως
576 588 646 630 πολλαί
661 588 721 637 λέξεις
731 585 868 644 τυγχάνουσιν.
894 585 954 629 Ἀνα-

170 655 278 712 λαμβάνων
294 654 342 712 γάρ,
363 656 424 710 φησί,
445 661 516 715 πραεῖς
531 654 543 698 ό
560 655 641 712 κύριος,
661 656 706 708 καί,
726 653 819 711 ’Λνέλαβέ
832 672 857 710 με
877 656 899 699 ἐκ
915 660 955 698 τῶν

171 728 270 780 ποιμνίων
280 729 320 767 τοῖν
331 723 449 781 προβάτων,
469 726 511 777 καὶ,
523 723 645 780 Ἀνελήφθη,
660 725 692 767 καί
707 721 764 767 εἷπον
779 724 816 767 δύο
827 722 909 781 ἀνδρες,
932 727 955 767 Τί

172 793 274 849 ἑστήκατε,
294 792 366 850 ἀνδρες
382 798 492 845 Γαλιλαῖοι,-
522 788 581 844 ούτος
597 791 610 836 ό
629 790 737 848 ἀφ’ύμοίν
751 790 882 848 ἀναληφθείς.
915 793 956 835 Καὶ

172 863 197 906 οὐ
207 862 286 912 πάντως
295 861 317 905 τό
328 862 434 917 ἀναλαβεῖν
445 865 493 917 μίαν
504 863 541 917 ἔχει
552 860 663 918 διαφοράν,
684 864 705 905 ἒν
713 867 742 921 τῷ
751 863 824 919 λέγειν,
844 860 955 916 Ἀνέλαβεν,

171 931 192 987 ή,
199 930 292 986 Ἔλαβεν,
308 930 327 985 ή,
338 931 472 975 Ἀνεκλάσατο
488 933 517 981 είς
532 930 604 976 ἑαυτόν
617 929 654 986 τήν
669 933 722 973 ι’(ίίαν
737 929 901 987 ἕνανθράπησιν·
917 928 956 975 σύκ
985 976 988 982 ,

173 998 213 1043 ἀπό
225 1005 260 1055 τῆς
275 1000 345 1051 λέξεως
356 998 410 1055 ήμᾶς
425 1000 497 1055 ταύτης
507 1000 618 1058 πτόρονσιν
631 1002 651 1043 οί
664 998 783 1055 βουλόμενοι
798 998 849 1043 κατά
861 1004 901 1043 τῶν
911 999 956 1043 ἀκε-

173 1072 235 1127 ραίων
246 1071 387 1126 ἐπεγείρεσθαι.
421 1070 477 1112 1Καὶ
489 1068 554 1119 σύτως
564 1068 601 1126 χρή
616 1070 687 1126 λέγειν,
708 1070 743 1112 καί
753 1068 781 1124 μή
791 1086 820 1120 τις
830 1071 901 1129 νομίση
915 1071 957 1112 δια-

173 1137 252 1194 βάλλειν
267 1136 330 1193 ἡμᾶς,
351 1136 365 1191 ή
381 1142 512 1192 χλευαστικῶς
530 1139 593 1194 λέγειν
608 1139 653 1195 περὶ
668 1141 704 1192 τῆς
715 1135 834 1188 ὑποθέσεως
847 1137 921 1192 ταύτης
932 1136 957 1180 τοί

174 1207 259 1265 ρ’ήματα.
290 1205 390 1256 Πολλάκις
406 1205 443 1263 γάρ
456 1205 573 1262 ἐσκεψάμην
588 1206 633 1263 περὶ
644 1205 716 1248 τούτου
730 1205 826 1264 γράφειν,
841 1208 874 1249 ίνα
888 1206 916 1261 μή
927 1224 957 1257 τις

173 1279 245 1334 νομίσῃ
256 1272 309 1329 ήμοῖς
320 1272 362 1317 κατ’
372 1276 448 1331 ἔχθραν
462 1272 505 1318 κατ’
516 1274 580 1318 αύτού
592 1276 739 1331 ε’πεγείρησθαι.
771 1275 837 1318 Οὐδὲν
852 1273 889 1332 γάρ
904 1273 957 1331 ήμᾶς

174 1344 242 1394 ούόείς
253 1345 346 1399 ἔβλαψεν,
359 1341 386 1393 τίς
394 1341 446 1386 κατά
454 1341 475 1387 τό
486 1342 617 1400 ἀνθρώπινον
625 1344 682 1400 λέγω,
698 1342 746 1386 ούὸέ
755 1341 780 1386 τά
789 1342 846 1399 ήμῶν
856 1346 879 1388 ἐν
887 1343 956 1404 κόσμῳ

175 1413 299 1470 ἀφήρπασεν.
329 1411 469 1467 Σκεπτόμενος
479 1413 501 1455 δὲ
512 1417 548 1456 τού
559 1411 586 1468 μή
598 1410 690 1469 γράφειν,
705 1409 838 1469 ἠναγκάσθην
848 1410 883 1455 ὑπ’
894 1413 957 1468 αὐτῆς

80 1488 210 1540 γις.1νιι.τής
223 1482 331 1537 ἀληθείας,
353 1482 405 1524 λίνα
416 1478 443 1535 μή
453 1483 571 1538 παραλείψω
584 1485 625 1524 των
636 1478 691 1537 παρά
701 1478 737 1535 τήν
748 1484 814 1524 πίστιν
825 1498 844 1524 τι
856 1498 957 1538 πεφρονη-

174 1550 249 1596 κότων·
263 1549 291 1601 νίς
300 1551 335 1593 καί
345 1548 428 1606 ὕστερον
439 1551 461 1592 οἱ
469 1552 573 1604 θεοσεβεῖς
584 1548 696 1604 ἐντυχόντες
707 1548 860 1606 ίπιγνάσονται,
880 1549 911 1594 ότι
922 1548 958 1606 ούχ

176 1622 234 1664 ἕνεκα
244 1618 303 1674 ζήλου
313 1623 412 1674 κασμικοῦ
422 1616 471 1673 ήμίν
481 1616 493 1661 ό
503 1618 567 1676 λόγος.
596 1623 681 1661 Μᾶλλον
691 1616 728 1674 γάρ
741 1617 815 1672 ἀφελεῖ
823 1615 877 1674 ήμᾶς
887 1616 899 1662 ό
907 1617 958 1677 ἀνήρ

176 1687 201 1733 τά
212 1690 293 1745 μέγιστα
304 1692 343 1730 τῶν
357 1686 408 1730 κατά
419 1686 495 1742 κόσμον
504 1688 539 1730 καί
549 1685 600 1730 κατά
611 1685 648 1742 τήν
658 1684 748 1744 ἀγάπην,
768 1688 822 1744 είπερ
837 1684 958 1745 όμοφρόνως

176 1762 201 1818 τῇ
211 1755 258 1816 ἀγίιγ
267 1761 319 1799 θεοῦ
330 1758 422 1814 ἐκκλησίᾳ
433 1754 484 1798 κατά
493 1755 559 1799 πάντα
568 1761 610 1806 τοῖς
621 1760 671 1798 πᾶσι
679 1757 800 1808 συνετίθετο,
816 1756 851 1799 καί
863 1755 890 1811 μή
900 1757 958 1808 ξένον

177 1845 196 1870 τι
209 1824 340 1882 παρειςήγαγε
354 1827 414 1881 ρ’ήμα.
438 1823 498 1867 Ἤτοι
508 1819 544 1867 σύν
554 1822 601 1881 παρ’
611 1822 673 1882 αύτῷ,
687 1822 701 1879 ή
713 1829 755 1874 τοῖς
766 1821 812 1880 παρ’
825 1821 889 1868 αύτού
897 1842 957 1881 μεμα-

175 1895 307 1950 θητεαμένοις
322 1891 334 1936 ό
345 1892 403 1950 λόγος
415 1890 478 1943 άλλως
492 1891 602 1947 νοούμενος
614 1892 648 1936 διά
659 1897 696 1936 τοῦ
708 1892 800 1937 τοιούτου
812 1894 911 1950 σχήματος
923 1896 958 1938 καί

176 1962 298 2020 προφάσεως
308 1964 330 2006 έν
340 1960 423 2020 παρόδῳ
433 1958 513 2020 ήίιλεται,
535 1962 574 2004 οὐκ
588 1962 705 2018 έχωλέγειν.
736 1961 836 2014 Πολλάκις
849 1961 959 2017 θίιίιενοή-

176 2039 253 2086 θημεν,
267 2031 302 2073 καί
315 2031 421 2085 έκκληκτοι
433 2029 553 2087 γεγόναμεν,
567 2028 599 2073 ότι
609 2032 674 2073 ἕνεκεν
685 2035 722 2074 τοῦ
733 2030 793 2087 λόγου
808 2029 882 2075 τούτου
899 2029 912 2086 ή
927 2032 958 2074 έν·

176 2114 244 2150 στασις
255 2104 291 2154 τής
301 2102 423 2152 φιλονεικίας
434 2100 515 2141 καὶτοῦ
528 2097 606 2155 ἀγῶνος
617 2100 655 2149 ἕως
667 2104 759 2143 θανατοῦ
771 2097 816 2156 παρ’
829 2098 895 2143 αὐτῶν
906 2101 959 2143 ἔκδι-

176 2175 245 2212 κεῖται.
275 2169 317 2209 Καί
326 2169 348 2210 ἐκ
356 2168 429 2210 τούτου
440 2168 528 2224 ἔγνωμεν
536 2166 567 2210 ότι
575 2165 625 2223 τάχα
633 2169 760 2226 περιττοτέρᾳ
770 2170 809 2211 τινὶ
817 2166 903 2227 ύπονοίηι
913 2184 956 2225 παρ

177 2236 246 2286 αὐτοῖς
261 2233 273 2279 ό
287 2236 346 2293 λόγος
360 2235 435 2295 ᾄδεται.

230 2650 294 2695 ’Όταν
310 2650 348 2710 γάρ
363 2649 466 2711 ἐρωτήσῃς
481 2648 538 2701 τινάς
553 2652 573 2702 ἐξ
588 2650 665 2705 αὐτῶν,
687 2650 790 2710 διαφόρως
805 2652 840 2707 μίν
855 2652 876 2695 οἱ
887 2649 961 2703 πάντες

179 2722 325 2779 ἀναγγέλλουσι.
359 2722 415 2771 Τινὲς
425 2722 446 2764 δὲ
456 2722 535 2776 λέγουσι
546 2719 573 2775 μή
584 2724 657 2764 τελείαν
668 2722 770 2777 εἰληφέναι
779 2720 815 2765 τόν
824 2720 895 2778 κύριον
904 2722 960 2765 ἔναν-

179 2791 295 2849 θριόπησιν,
310 2790 360 2846 μηδὲ
368 2791 440 2834 τέλειον
451 2787 511 2833 αύτόν
522 2791 622 2847 γεγονέναι
633 2789 749 2849 άνθρωπον.
775 2789 858 2847 Ἐπετὸή
869 2790 890 2834 δὲ
902 2795 960 2834 τούτο

180 2861 268 2917 φευκτόν
278 2863 352 2917 ἐγίνετο
364 2866 452 2913 πολλοῖς,
467 2859 539 2903 λοιπόν
549 2859 631 2917 ίίστερον
640 2862 730 2920 είρωνείγ
740 2862 852 2919 ἐκέχρηντο,
868 2858 896 2911 τίς
906 2859 960 2903 ύστε-

181 2949 217 2988 ρον
232 2933 254 2974 ἐκ
270 2933 307 2974 τού
320 2928 417 2985 στόματος
436 2927 517 2972 λαύτῶν
534 2925 623 2987 ἀκριβῶς
638 2930 788 2987 μεμαθήκαμεν.
814 2930 863 2973 Ἐπί
873 2934 908 2986 τής
918 2928 961 2972 Ἀν-

204 3048 332 3082 οιν.ΧΧ.-
356 3048 371 3082 1.
383 3045 419 3083 Καί
430 3050 483 3082 omiss.
494 3049 511 3080 in
524 3048 559 3081 edit.
605 3048 621 3082 2.
634 3049 738 3082 scribendum
752 3049 817 3090 sortasse
828 3045 853 3093 μή
864 3058 905 3083 τινα.
930 3047 961 3080 Pe·

181 3096 237 3141 Peleu.
250 3097 304 3128 Coton.
315 3098 362 3137 repet.
582 3097 635 3128 τανῐω
644 3098 708 3137 putavit
717 3094 744 3129 ἱία
754 3093 826 3138 μηδένα.
