1988 3392
139 214 183 255 444
427 221 509 255 εααοτι
520 221 635 255 ΕνιΡΗλΝιι

139 305 181 349 τοῖς
192 298 320 353 βουλομένοις
332 304 456 353 καταμαθεῖν
468 303 503 352 της
511 304 592 355 γραφῆς
603 299 639 354 τὴν
651 297 754 354 ἀλήθειαν,
768 300 803 342 καί
814 299 841 354 μη
853 299 918 355 μάτην
974 326 975 330 =

139 371 243 423 παροινεῖν
255 372 297 416 τοῖς
308 367 374 423 λόγοις
388 367 422 409 καὶ
437 366 556 422 βλάσφημόν
567 385 611 410 τινα
623 368 701 418 έαυτοῖς
712 369 848 420 ἐξοπλίζεσθαι
858 372 919 424 γλῶτ-

138 452 179 477 ταν.
210 437 239 477 Ei
250 435 271 479 δὲ
284 434 390 490 βούλονταί
401 451 452 485 τινες
466 435 601 491 Ῑάνέχεσθαι,
617 435 665 480 οῦδὲ
676 437 821 492 καταδέχεσθαι
830 434 854 479 τά
867 437 919 480 ἕπω-

138 508 199 559 φελῆ,
221 501 269 546 ἀλλά
279 508 353 558 μᾶλλον
366 501 472 557 τάναντία,
493 506 527 547 καί
543 502 578 558 ἀφ’
597 502 655 560 ημῶν
669 509 708 549 τῶν
723 504 805 549 εὐτελῶν
817 506 871 548 ἔσται
884 507 919 563 βη-

141 573 186 616 τέον
195 570 228 625 τό,
243 570 266 616 ‘0
277 572 359 617 ἀκοῦων
370 571 468 628 ἀκουέτω,
483 575 517 618 καὶ
527 571 539 618 ῦ
551 573 643 618 ἀπειθῶν
654 574 773 619 άπειθείτω·
788 573 817 631 μή
830 578 867 618 Ἇτι
876 580 920 627 τοῖς

140 640 257 693 ἀποστόλοις
267 641 332 687 κόπον
341 645 447 702 παρεχέτω,
463 642 511 700 μήτε
519 642 567 700 ἡμῖν
576 645 650 700 μηκέτι.
674 643 701 688 “A
711 643 748 703 γάρ
759 643 838 706 ᾔδειμεν
848 644 918 700 σεμνό-

139 728 186 769 τερα
200 713 235 755 καὶ
250 714 315 768 ἒπωλῆ
327 717 351 773 τῇ
363 714 466 773 ἐκκλησίᾳ,
486 718 548 757 ταῦτα
559 715 649 772 περὶτῆς
661 712 719 772 άγίας
728 715 832 772 παρθένου
841 713 920 771 εἰρήκα-

139 798 182 836 μεν,
198 787 354 839 συνηγοροῦντες
361 787 386 843 τῇ
396 782 446 836 κατά
455 781 522 827 πάντα
531 784 685 843 κεχαριτωμένη,
701 781 728 834 ῶς
737 781 791 827 εἶπεν
801 782 814 827 ό
822 783 919 840 Γαβριὴλ,

141 855 205 907 Χαῖρε
217 853 369 907 κεχαριτωμένη,
385 850 476 909 όκῦριος
486 851 534 907 μετά
547 857 589 896 σοῦ,
621 853 649 895 Ei
660 852 681 895 δέ
693 851 706 895 ό
716 851 787 908 κῦριος
796 850 836 907 μετ’
850 851 919 908 αὐτῆς,
979 906 981 909 Ι

139 923 183 970 πῶς
199 920 252 963 έσται
269 922 290 963 έν
306 923 387 980 συζυγίᾳ
402 922 469 980 ἓτέργ,
500 926 549 972 Πῶς
563 922 585 964 δὲ
597 922 655 979 σαρκί
666 920 800 977 πλησιάζουσα
813 923 869 965 ἔσται
878 919 919 966 ῦπό

138 991 211 1043 κυρίου
225 991 371 1045 φυλαττομένης
404 992 430 1033 Οἵ
439 989 494 1047 άγιοι
504 991 526 1033 έν
537 995 591 1049 τιμῇ,
606 988 620 1045 ἡ
630 987 742 1041 ἀνάπαυσις
752 990 819 1034 αὐτῶν
830 992 852 1035 έν
862 990 919 1051 δόξη,

138 1054 153 1111 ἦ
163 1056 287 1101 άπεντεῦθεν
300 1057 366 1101 αὐτῶν
378 1060 462 1113 έκδημία
473 1061 495 1103 έν
505 1057 620 1114 τελειότητι,
636 1056 648 1102 ό
659 1063 732 1116 κλῆρος
743 1059 811 1102 αὐτῶν
824 1060 845 1103 έν
857 1077 921 1113 μακα-

139 1125 225 1181 ριότητι,
240 1128 262 1169 ἐν
273 1133 343 1181 μοναῖς
354 1125 430 1184 άγίαις,
445 1126 458 1171 ό
468 1126 527 1183 χορός
538 1125 576 1183 μετ’
588 1127 685 1184 ἀγγέλων,
701 1126 715 1182 ἡ
725 1130 790 1171 δίαιτα
801 1128 822 1171 ἒν
833 1125 920 1187 οῦρανῷ,

139 1192 162 1235 τό
173 1197 281 1250 πολίτευμα
297 1197 318 1238 έν
334 1199 400 1246 θείαις
416 1202 515 1252 γραφαῖς,
536 1195 558 1240 τό
571 1197 627 1246 κλέος
644 1196 665 1238 έν
678 1199 724 1255 τιμῇ
739 1194 874 1254 ἀσυνεικάστφ
886 1198 921 1239 καὶ

139 1264 236 1316 διηνεκεῖ,
255 1263 280 1305 τά
296 1266 379 1320 βραβεῖα
393 1266 415 1308 ἐν
429 1269 510 1323 Χριστῷ
523 1264 592 1319 Ἰησοῦ
606 1269 634 1324 τῷ
647 1267 710 1323 κυρίῳ
723 1262 791 1319 ἡμῶν,
813 1262 838 1307 δι’
849 1258 875 1307 οῦ
885 1265 921 1308 καλ

140 1330 185 1385 μεθ’
195 1326 221 1374 οῦ
232 1332 281 1384 δόξα
291 1337 319 1390 τῷ
330 1334 391 1389 πατρὶ
400 1331 438 1376 σῦν
448 1332 498 1391 άγίμ
509 1332 606 1388 πνεῦματι
618 1334 645 1383 εἰς
657 1334 742 1385 αἰῶνας,
757 1330 817 1387 ἀμην.

199 1673 387 1731 Προςαγορεῦουσιν
405 1672 473 1728 3ῦμῦς
488 1672 561 1724 πάντες
577 1675 599 1716 οἱ
608 1673 702 1727 ἀδελφοί,
722 1674 841 1729 προςείπατε
853 1672 922 1716 δὲκαὶ

140 1741 198 1786 αῦτοὶ
213 1742 288 1792 πάντας
304 1741 352 1792 τοῦς
365 1740 412 1799 παρ’
425 1740 490 1797 4ῦμῖν
506 1740 605 1796 άδελφοῦς
620 1741 703 1792 πιστοῦς
718 1740 855 1799 ῦρθοδόξονς,
877 1755 922 1784 στυ·

140 1816 227 1868 γοῦντας
236 1810 383 1868 ὑπερηφανίαν,
393 1815 500 1865 μισοῦντας
509 1812 617 1854 κοινωνίαν
624 1810 733 1866 Ἀρειανῶν
741 1812 776 1854 καὶ
783 1812 923 1865 Σαβελλιανῶν

141 1882 259 1937 έρεσχελίαν,
275 1885 372 1936 τιμῶντας
383 1881 405 1924 δέ
415 1878 546 1935 θῦμοουσίως
558 1878 594 1935 την
603 1878 683 1937 τριάδα,
699 1881 774 1936 πατέρα
786 1881 820 1923 καὶ
831 1877 878 1923 υἱόν
887 1881 922 1923 καί

141 1949 198 2008 ι’ίγιον
210 1955 298 2007 πνεῦμα,
313 1956 365 2008 τρεῖς
376 1948 506 2003 ῦποστάσεις,
522 1952 569 2005 μίαν
580 1947 656 2003 οῦσίαν,
670 1950 704 1993 καὶ
715 1948 804 2006 θεότητα
813 1952 872 2005 μίαν,
887 1950 922 1994 καὶ

141 2017 263 2072 ἁπαξαπλῶς
280 2022 327 2075 μίαν
341 2022 466 2077 δοξολογίαν,
486 2020 520 2062 καί
533 2018 561 2074 μή
571 2019 720 2073 σφαλλομένους
730 2021 776 2076 περὶ
789 2017 825 2074 τήν
836 2022 873 2062 τοῦ
884 2033 922 2063 σω-

141 2094 202 2146 τῆρος
215 2087 273 2145 ἡμῶν
287 2088 385 2146 σωτήριον
398 2090 513 2144 οἰκονομίαν
527 2089 562 2131 καὶ
575 2089 670 2145 ένσαρκον
685 2090 808 2145 παρουσίαν,
829 2085 878 2131 ἀλλά
891 2105 923 2131 πι-

51 2188 85 2217 1¹³4·
92 2180 131 2211 1454.
141 2157 247 2209 στεῦοντας
259 2161 335 2208 τελείως
345 2157 382 2213 τὴν
395 2162 484 2214 Χριστοῦ
500 2155 664 2214 έυανθρῶπησιν,
686 2158 759 2200 τέλειον
769 2155 829 2208 θεόν,
849 2157 923 2201 τέλειον

141 2226 177 2271 τόν
193 2225 255 2270 αῦτόν
272 2225 393 2284 άνθρωιιον,
414 2228 474 2284 χωρίς
489 2224 595 2284 ἀμαρτίας,
615 2224 702 2281 λαβόντα
717 2224 766 2269 αῦτό
777 2224 799 2269 τό
811 2230 869 2281 σῶμα
881 2223 922 2270 ἀπδ

142 2299 237 2354 Μαρίας,
252 2297 286 2339 καὶ
300 2294 368 2351 ψυχὴν
379 2294 477 2351 λαβόντα,
492 2297 526 2338 καὶ
537 2300 587 2338 νοῦν
599 2297 634 2338 καὶ
646 2294 712 2338 πάντα
722 2297 742 2337 εί
748 2298 767 2338 τί
776 2296 829 2338 ἐστιν
841 2293 922 2351 ἀνθρω-

141 2383 191 2416 πος,
205 2366 265 2422 χωρὶς
278 2363 386 2421 ἁμαρτίας,
407 2363 432 2407 οῦ
444 2363 481 2407 δόο
493 2362 552 2416 όντα,
572 2362 610 2406 ἀλλ’
620 2365 655 2407 ἕνα
664 2362 747 2420 κῦριον,
766 2361 872 2415 έναθεόν,
887 2364 923 2407 ἕνα

142 2434 233 2489 βασιλέα,
249 2435 284 2476 ἕνα
295 2433 393 2490 ἀρχιερέα,
408 2432 459 2476 θεόν
470 2433 505 2476 καὶ
518 2430 640 2489 ἀνθρωπον,
656 2429 768 2489 άνθρωκον
779 2433 813 2474 καί
824 2430 881 2483 θεόν,
896 2432 921 2475 οῦ

142 2502 190 2557 δῦο,
211 2500 251 2544 ἀλλ’
267 2502 312 2554 ἕνα,
333 2503 470 2545 σανενωθέντα
483 2500 521 2544 οῦκ
535 2503 564 2551 είς
575 2499 680 2557 σῦγχυσιν,
695 2498 738 2544 οὐδ’
750 2502 778 2550 εἷς
790 2498 922 2557 ἀνυπαρξίαν,

144 2569 183 2613 ἀλλ’
198 2572 225 2620 είς
240 2569 326 2626 μεγάλην
340 2568 420 2627 χάριτος
434 2571 556 2624 οἰκονομίαν.
579 2567 692 2626 Ἔρρωσθε.

202 2779 235 2832 Τῷ
245 2775 267 2817 δέ
277 2778 313 2829 τῆς
325 2776 428 2828 ἐπιστολῆς
441 2770 557 2832 ἀντιγράφφ
568 2772 708 2828 ἀρκεσθέντες,
722 2777 788 2822 καλῶς
798 2774 860 2827 έχοντι
871 2771 923 2829 πρός

143 2842 179 2897 τὴν
189 2841 265 2886 τοῦτοιν
275 2843 387 2895 ἀντίθεσιν,
402 2843 440 2892 ἕως
450 2837 489 2884 ῶδε
499 2843 574 2891 ίκανῶς
583 2842 633 2895 έχειν
644 2838 788 2895 δοκιμάζοντες,
804 2842 839 2884 καί
849 2840 923 2896 ταῦτην

142 2913 163 2955 έν
174 2915 218 2970 θεῷ
232 2909 391 2968 ῦπερβεβηκότες
402 2908 430 2960 ῶς
441 2908 523 2967 ἑρπετόν
533 2907 573 2952 ἀπό
586 2908 640 2964 ῦττης
650 2907 770 2965 προκῦψαν,
791 2908 825 2952 διά
839 2915 922 2966 συνετης

167 3029 207 3061 CAP.
216 3028 273 3060 XXV.
282 3046 302 3052 -
325 3029 338 3061 1.
351 3023 453 3072 ἀντέχεσθαι
461 3028 522 3060 κοίτοιο
543 3036 569 3068 χιι.
581 3027 629 3067 fnisse
640 3027 716 3066 scriptum
726 3028 793 3059 υἱοτιιιν.

143 3076 224 3115 Petamus,
235 3077 279 3107 etita
287 3083 342 3108 τιυιιο
350 3075 445 3107 incod.1en.
456 3082 522 3107 οωακιι
568 3071 584 3104 2.
596 3082 622 3111 τις
633 3072 667 3104 τοο.
679 3072 743 3113 Βλεσίρ.
