1988 3392
256 227 349 262 Ριιιιιιιιι
361 227 405 262 urs.
414 228 444 263 ιιι.
456 225 704 262 Tom.r.1aaua.cxxu1.
832 219 872 261 101

86 307 163 350 vindex
175 305 265 352 veritatis
275 309 333 361 deus,
350 307 382 365 qui
393 310 535 363 comprehendit
543 311 638 362 sopientes
649 309 669 347 in
680 310 752 348 astutia
763 320 800 348 sua
811 306 824 333 *
835 305 849 333 *
861 306 979 354 *coenatu

86 376 118 433 qui
137 376 233 432 unigeniti
248 378 292 421 eius
308 377 345 420 lilii
360 377 511 432 cognationem,
532 377 617 419 similem
633 374 710 417 eumin
722 376 814 418 omuibus
828 389 874 419 esse

86 444 148 502 patris
164 448 287 500 asserendo,
310 460 376 488 coram
392 446 487 502 religioso
501 446 623 502 imperatore
635 445 739 501 protessus
751 452 789 487 est.
820 443 874 488 Nam

86 514 171 572 etipse,
192 522 262 573 utpote
274 516 330 573 pius,
353 528 392 556 nou
408 515 467 557 aliter
483 515 507 556 de
522 523 607 571 patrono
623 528 660 556 suo
676 527 700 555 ac
713 520 827 570 protectore
837 528 875 556 suo

85 583 145 626 unico
161 584 193 626 dei
209 584 251 627 lilio
263 584 374 635 sentiebat,
396 591 416 626 et
429 583 481 640 quod
492 584 591 626 sentiebat
601 584 634 640 pio
644 583 665 624 in
677 582 768 625 omuibus
781 598 817 625 ore
828 598 874 639 pro-

86 653 197 707 nuntiavit,
213 653 232 695 id
244 655 296 711 qnod
307 667 344 696 uos
354 652 447 695 catholici
458 652 565 705 credimus,
580 652 663 694 similem
674 665 720 694 esse
729 652 792 708 patris
802 652 872 705 lilium,

85 735 150 778 neque
167 736 203 779 per
218 724 283 779 ipsum
301 722 448 765 haereticorum
466 721 584 763 insidiosam
601 722 698 763 adversus
715 720 874 763 ecelesiasticam

85 790 145 832 tidem
163 790 289 833 calliditatem
309 805 357 833 suos
376 804 495 846 progressus
512 789 632 831 babituram.
672 788 731 844 Quae
749 790 874 832 substantiae

85 872 158 900 nomeu
173 873 197 901 eo
214 860 298 902 consilio
313 866 396 900 conatur
413 859 545 913 extinguere,
567 865 589 899 ut
599 872 638 899 uon
652 859 780 914 pronuntiata
790 858 874 913 amplius

85 941 135 968 voce
152 927 276 969 substantiae
296 928 374 969 demum
389 926 410 968 in
428 925 543 982 pectoribus
560 926 679 967 delitescens
692 927 782 968 haeresis
793 927 873 983 impune

84 1003 195 1051 grassetur.
226 994 303 1038 Verum
316 994 349 1051 qui
358 995 442 1037 similem
454 1007 500 1035 esse
512 993 626 1043 voluntate,
643 995 754 1037 substantia
770 1010 820 1038 vero
833 996 873 1038 dis·

85 1065 169 1108 similem
180 1064 242 1106 lilium
256 1078 302 1107 esse
313 1063 449 1120 scripserunt,
470 1061 544 1113 iidem,
566 1063 583 1104 si
597 1062 650 1104 bona
665 1062 705 1105 lide
717 1078 741 1106 ac
755 1064 835 1106 sincere
845 1065 873 1107 si-

85 1134 151 1176 milem
163 1134 247 1175 eundem
257 1133 278 1175 in
291 1133 383 1175 omnibus
393 1145 439 1174 esse
451 1130 538 1172 confessi
550 1138 608 1182 suut,
625 1131 745 1174 vanissimos
757 1146 827 1175 eorum
839 1148 874 1175 co-

84 1209 143 1244 natus
160 1215 206 1243 esse
222 1201 405 1258 deprehendemus,
429 1200 475 1242 dum
491 1199 615 1242 substantiae
633 1214 705 1242 nomeu
723 1201 802 1258 eripere
819 1202 873 1244 omni

84 1270 213 1312 contentione
231 1271 320 1312 student.
351 1268 432 1311 Etenim
446 1268 497 1310 siin
512 1268 615 1321 omuibus,
637 1276 659 1310 ut
675 1277 780 1322 asserunt,
802 1270 873 1312 similis

84 1339 122 1391 sit,
143 1345 313 1391 occurerem,
335 1337 385 1394 patri
399 1338 464 1389 lilius,
487 1351 527 1378 uou
538 1337 646 1379 voluntate.
655 1344 675 1378 et
686 1338 765 1380 actione
778 1338 833 1390 sola,
849 1346 872 1381 ut

83 1406 123 1449 illis
137 1407 214 1464 placet,
234 1407 269 1448 sed
282 1406 391 1448 existentia
402 1420 426 1447 ae
436 1405 547 1447 substantia
560 1412 579 1446 et
589 1406 610 1446 iu
621 1419 645 1446 eo
655 1406 699 1461 ipso
711 1407 762 1462 quod
776 1414 818 1459 est,
841 1415 872 1449 ut·

83 1482 130 1531 pote
141 1475 203 1527 filius,
219 1474 290 1517 similis
302 1475 329 1516 sit
338 1488 421 1516 neeesse
434 1481 472 1515 est.
503 1471 557 1515 Nam
569 1473 618 1515 baec
629 1473 723 1528 loquendi
736 1475 832 1526 formula,
847 1479 872 1517 In

83 1545 180 1595 omnibus,
207 1543 301 1585 universa
324 1542 475 1598 complectitur,
502 1555 540 1582 uec
562 1542 622 1584 ullum
648 1541 754 1584 discrimen
777 1542 870 1597 admittit,

84 1612 242 1668 quandoquidem
259 1612 280 1653 in
293 1612 386 1654 coulesso
403 1611 454 1668 apud
467 1603 538 1652 omues
550 1611 603 1652 istud
615 1617 657 1663 est,
678 1625 715 1653 uec
728 1611 812 1653 similem
825 1626 871 1655 esse

83 1681 121 1722 sibi
133 1687 221 1737 patrem,
244 1694 309 1735 neque
320 1679 357 1722 sibi
369 1679 407 1735 ipsi
419 1678 495 1730 lilium,
516 1679 552 1720 sed
568 1679 630 1720 lilium
644 1692 689 1720 esse
702 1680 764 1735 patris
776 1680 870 1734 similem,

83 1756 104 1790 et
114 1762 139 1790 eo
149 1748 205 1805 ipso,
228 1749 280 1803 quod
291 1748 311 1789 in
326 1747 417 1790 omnibus
429 1747 481 1804 patri
492 1747 563 1789 similis
574 1754 617 1799 est,
637 1747 700 1789 lilium
712 1762 771 1801 esse,
787 1762 828 1789 uon
837 1762 872 1803 pa-

17 1855 19 1857 .
83 1823 142 1858 trem.
173 1814 213 1871 Qui
232 1816 311 1872 quidem
331 1816 420 1872 perfecte
440 1816 557 1872 aperfeclo
576 1823 632 1872 patre
652 1822 698 1857 ante
717 1816 871 1872 intelligentiam

83 1898 174 1937 omnem,
191 1898 310 1940 omnemque
321 1884 431 1937 rationem,
448 1898 473 1925 ao
484 1891 587 1940 tempora,
609 1883 729 1941 saeculaque
741 1898 752 1926 e
762 1885 826 1940 patris
839 1893 871 1928 est

83 1952 211 1995 similitudine
222 1953 313 2009 genitus,
330 1967 355 1994 eo
367 1953 439 2004 modo,
461 1966 519 2008 quem
531 1953 586 1996 solus
596 1952 700 2009 cognoscit
711 1960 780 2009 pater,
803 1953 836 2009 qui
846 1954 871 1996 il-

82 2022 145 2065 lume
158 2022 224 2078 seipso
239 2021 289 2063 eitra
306 2020 419 2077 passionem
437 2034 515 2062 omnem
533 2021 611 2075 genuit.
642 2019 684 2063 Sed
697 2029 718 2063 et
735 2021 788 2063 lilius
804 2023 869 2074 norit,

26 2116 28 2120 ·
83 2090 116 2147 qui
132 2090 157 2132 ab
173 2104 198 2131 eo
212 2096 235 2131 ut
245 2097 300 2131 esset
314 2088 398 2144 accepit.
429 2087 494 2131 Novit
503 2096 605 2145 postremo
617 2095 638 2130 et
649 2089 667 2130 is
678 2089 710 2131 cui
721 2090 754 2132 ille
765 2090 868 2143 revelarit,

82 2159 153 2216 cuique
169 2156 236 2201 insui
253 2157 420 2215 contemplatione
437 2157 553 2214 patrissui,
575 2165 596 2199 ut
608 2171 645 2214 par
657 2164 700 2210 est,
716 2158 868 2214 intelligentiam

82 2227 214 2271 concesserit.

140 2294 216 2339 Verum
232 2310 326 2353 nequem
344 2296 479 2352 hypostaseon
492 2296 597 2353 appellatio
607 2296 651 2353 ipsa
664 2296 774 2353 perturbet.
805 2293 838 2339 01>
848 2296 869 2338 id
878 2304 974 2351 Gavat.

82 2365 135 2408 euim
150 2365 270 2423 hypostases
287 2365 312 2408 ab
328 2362 465 2408 Orientalibus
482 2372 615 2422 usurpantur,
638 2373 660 2408 ut
675 2380 806 2423 personarum
823 2379 870 2422 pro·

81 2435 178 2491 prietates
197 2435 330 2477 subsistentes
349 2435 500 2490 existentesque
519 2435 628 2477 declarent.
659 2434 712 2478 Nam
730 2434 768 2477 etsi
786 2435 869 2492 spiritus

82 2512 139 2560 pater
149 2511 188 2557 est,
205 2511 226 2546 et
237 2504 290 2547 lilius
304 2503 393 2560 spiritus,
410 2511 430 2546 et
441 2504 523 2561 spiritus
535 2511 615 2548 sauctus
626 2504 669 2562 ipse
682 2504 772 2562 spiritns,
785 2519 825 2546 uou
839 2513 869 2547 ta-

82 2587 126 2615 men
138 2579 213 2631 patrem
224 2587 270 2616 esse
281 2573 343 2615 lilium
354 2573 476 2629 concipimus
488 2573 566 2628 auim03
583 2574 629 2630 quiu
641 2581 661 2615 et
673 2574 754 2631 spiritus
763 2573 808 2631 ipse
821 2574 869 2617 sub-

81 2642 145 2694 sistit,
162 2643 194 2699 qui
205 2656 328 2699 nequaquam
341 2642 395 2684 lilius
405 2642 535 2699 intelligitur,
551 2644 661 2686 cuiusmodi
674 2651 768 2697 nonest,
785 2644 820 2686 sed
832 2659 869 2700 per

81 2711 169 2768 seipsum
187 2711 268 2769 spiritus
284 2718 366 2753 sauctus
383 2711 417 2753 ille
435 2712 533 2754 subsistit.
564 2712 603 2755 llic
614 2713 667 2755 enim
681 2727 745 2770 neque
759 2720 817 2770 pater
827 2720 867 2767 est,

80 2806 123 2837 team
132 2803 195 2836 Verum
202 2803 249 2849 ipsos
259 2809 309 2837 antea
319 2801 461 2847 deprehendimus
483 2814 515 2839 esse
527 2807 578 2840 video.

81 2848 167 2894 scripsisse
179 2853 213 2883 cett.
507 2850 524 2885 8.
537 2851 557 2887 ἐκ
568 2853 598 2887 τοῦ
610 2854 672 2885 uolebat
682 2854 763 2886 Pelooius.

104 2897 120 2929 5.
131 2896 176 2928 Lura
186 2897 234 2938 culpo
245 2891 301 2938 ὥςπερ
313 2886 347 2930 οὖν,
507 2895 525 2931 9.
536 2896 680 2940 alternantesque
691 2900 736 2932 codd.
749 2908 786 2932 mss.
797 2896 867 2939 τελείως

104 2939 121 2976 6.
134 2939 187 2985 pianr
200 2951 232 2974 om.
245 2944 279 2976 cod.
291 2942 358 2983 Rhedlp.
485 2944 529 2977 editi.

104 2986 120 3021 7.
140 2988 189 3029 Vulpo
205 2982 256 3023 αὔτὸι
272 2984 328 3023 αὐτὸν.
346 2988 379 3020 Sed
395 2990 462 3022 ulterram
510 2990 536 3023 10.
548 2985 600 3024 αὐτοῦ
612 2992 657 3024 codd.
668 3000 706 3024 mss.
715 2994 730 3023 et
738 2991 763 3023 ed.
772 2992 823 3031 pune.

82 3027 139 3070 edeta,
151 3034 194 3074 quod
200 3034 407 3076 Pennusqeoqnemetms
416 3038 462 3068 noto·
509 3034 537 3068 11.
548 3035 627 3082 παρέχων
638 3037 741 3070 emendarunt
753 3038 840 3071 Carnarius
853 3041 868 3072 et

81 3078 109 3123 ott,
116 3080 223 3113 etiomineod.
229 3081 261 3114 len.
267 3081 371 3114 marcomere
379 3081 463 3117 inductum
485 3084 565 3117 retentus.
589 3085 634 3118 turi
644 3084 702 3117 hahent
712 3081 798 3135 παρέχειν,
