1988 3392
267 244 325 279 TOM1
336 244 422 278 Pmoms
436 245 491 279 PARS
503 244 633 279 POSTERIOR.
800 237 842 278 653

61 337 111 373 quam
120 324 221 370 scripturam
231 336 276 358 nnnc
285 324 341 357 firmat
351 324 401 358 etiarn
413 326 491 359 Venetus.
516 326 562 360 Idem
572 324 616 359 liber
626 325 676 369 paulo
685 330 724 370 post
733 323 761 360 ἐπί
769 323 844 369 πλείστῳ

61 380 127 429 φθόνῳ.
141 401 161 407 -
185 381 197 415 λ.
208 381 238 415 ult.
250 382 341 425 vulgatam
352 379 441 425 ἐπινοῆσαι
451 389 508 417 tuetur
519 384 570 417 ctiam
582 383 625 416 δίου,
671 427 673 430 Ι

106 439 219 486 Papam.
242 438 254 471 l.
264 439 280 472 2.
298 437 374 472 Retineri
388 445 456 482 poterat
468 440 536 485 vulgata
550 441 633 485 scriptura
650 435 717 483 ὁρίσαι,
735 438 844 484 είςπαραχρ.

62 496 84 542 δὴ
97 516 118 522 -—
129 494 266 539 παρασκευάσαι.
290 495 327 528 Nec
337 495 387 528 aliter
397 495 459 539 legitur
468 497 485 529 in
495 498 572 538 Veneto,
585 492 612 541 qui
623 495 679 542 pergit
689 493 710 529 Ὁ
722 495 741 531 δὲ
751 494 775 540 μη
787 495 844 540 φέρων

39 549 40 552 ’
61 552 92 599 τήν
104 550 189 597 τοσαύτην
203 552 236 596 τῆς
246 554 324 598 διαβψ
347 552 359 586 λ.
367 549 384 586 4.
396 551 456 598 γνώμῃ
467 551 517 589 πάλιν
527 554 576 590 τοῦτο
586 555 663 587 Ven.-
686 552 744 586 λόει
754 552 770 587 6.
782 551 843 596 ἐπειδὴ

62 607 107 649 όλως
119 611 187 653 καθωμ.
199 620 215 644 τ.
227 621 264 654 πρ,
284 610 321 655 βαλ.
337 608 366 645 ἐπί
382 613 441 656 χεῖρας
454 607 506 645 αἰτοῦ
518 612 560 644 Ven.
573 630 593 636 -
617 611 628 643 l.
636 609 653 644 9.
668 608 698 651 δὲ,
714 616 754 653 post
763 605 845 651 ’Δλεξαν-

62 666 121 713 δρείᾳ,
140 678 172 700 om.
189 668 232 699 Veu.
245 685 266 691 -
289 665 302 698 l.
312 666 337 699 10.
353 664 385 711 τήν
397 666 517 702 Παλαιστινῶν
533 669 575 701 Ven.
588 687 610 692 —
632 668 706 702 Nicetae
720 666 813 706 Choniatae
823 666 845 699 de.

62 725 134 768 Origene
144 735 164 756 ex
176 722 269 767 Epiphanio
280 723 322 756 haec
335 730 360 756 est
370 725 444 757 narratio
456 724 536 758 Thesaur.
548 724 618 757 Orthod.
631 725 668 757 Fid.
678 726 713 764 IV,
724 723 757 758 31:
775 720 845 767 Ὠριγέ-

62 793 101 826 νης,
120 778 129 816 ὁ
142 779 172 814 καὶ
185 775 308 824 Ἀδαμάντινος
323 779 456 824 ἐπονομασθείς,
474 777 566 825 λεγόμενός
581 779 618 816 ἐστι
632 781 661 816 καὶ
672 780 775 825 Συντάκτης
786 778 815 815 διά
824 777 844 815 τό

62 838 129 883 πλῆθος
145 837 178 872 τῶν
197 834 340 882 συγγραμμάτων.
368 836 395 872 Τό
411 836 501 882 μὲνγένος
514 830 536 881 ἦν
549 835 650 882 Αἰγύπτιος,
669 836 706 877 υἱός
717 838 804 873 Λεωνίδου
815 838 853 871 τοῦ

62 892 158 940 οἱγιωτάτου
168 891 264 938 μάρτυρος,
275 893 293 928 ἐν
304 890 424 939 Ἀλεξανδρείᾳ
434 893 454 929 δὲ
463 892 495 938 τήν
506 895 572 938 οἴκησιν
583 893 673 940 ἐσχηκώς,
685 890 738 929 κοῖκεῖ
746 892 846 933 παιδευθείς

63 951 92 987 καὶ
102 947 210 995 άνατραφείς.
232 947 329 995 Ἐφοίτησε
339 949 369 986 κοιλ
380 954 416 990 τοῖς
430 949 447 986 ἐν
457 947 540 995 Ἀθήναις
550 951 687 995 παιδευτηρίοις,
699 951 729 986 καὶ
744 950 803 995 γέγονε
815 948 845 995 μὲν

63 1006 119 1054 λόγιος
128 1005 159 1053 τὴν
170 1004 273 1053 Ἑλληνικὴν
284 1007 367 1044 παιδείαν.
390 1005 490 1053 Ἐσχόλασε
501 1006 520 1043 δὲ
530 1007 604 1047 καὶτοῖς
618 1008 767 1052 ἐκκλησιαστικαῖς
777 1006 845 1052 δόγμα-

65 1077 95 1101 σιν.
117 1061 161 1099 Ἐπί
172 1062 192 1100 δέ
202 1065 232 1100 τοῦ
244 1063 289 1100 κατά
300 1064 358 1100 Δέκιον
371 1064 448 1108 διωγμοῦ
461 1063 514 1101 πολλοὶ
529 1063 559 1099 κοιλ
570 1062 623 1104 αῦτός
631 1065 713 1100 πέπονθεν
723 1061 765 1108 ῦπὲρ
775 1064 805 1098 τοῦ
815 1061 845 1099 λό-

63 1134 93 1167 γου
105 1123 137 1167 τῆς
147 1121 231 1163 πίστεως,
243 1118 369 1166 ὀνειδιζόμενός
379 1121 438 1157 τεκαὶ
447 1120 538 1165 συρόμενος
548 1120 577 1157 διά
586 1121 642 1166 μέσης
649 1122 682 1166 τῆς
690 1119 764 1160 πόλεως,
774 1120 806 1156 καλ
815 1122 846 1167 βα·

64 1177 121 1217 σάνσις
132 1175 268 1225 ῦποβαλλόμενος
277 1177 307 1213 καλ
317 1176 445 1224 χλευαζόμενος.
470 1174 501 1212 Ἐν
513 1180 544 1225 μιᾷ
556 1177 599 1223 γάρ,
618 1175 643 1218 ὦς
653 1177 730 1223 λέγεται,
742 1174 846 1222 ξυρήσαντες

64 1232 116 1271 αὐτόν
127 1231 235 1280 οἱἝλληνες
246 1233 289 1279 πρός
297 1236 319 1281 τῇ
332 1230 415 1281 οἷναβάσει
424 1235 454 1270 τοῦ
465 1235 564 1279 Σαραπείον
579 1235 682 1280 καλουμένου
693 1235 773 1280 τεμένους
784 1233 846 1271 ἐκάθι-

66 1304 107 1335 σαν,
124 1290 198 1332 θαλλοὺς
212 1291 333 1335 ἐπιτρέψαντες
349 1289 415 1327 διδόναι
429 1292 509 1336 φοινίκων
519 1296 555 1331 τοῖς
566 1289 640 1327 άνιοῦσιν
651 1292 676 1330 εἰς
686 1291 799 1336 προςκόνησιν
815 1292 845 1326 τοῦ

64 1345 169 1392 Σαράπιδος.
192 1348 248 1384 Τοῦτο
262 1347 337 1397 γάρκαὶ
349 1348 366 1383 οἱ
374 1349 408 1384 τῶν
418 1346 493 1384 εἰδώλων
505 1346 592 1385 εἰωθοισαν
606 1353 659 1399 ποιεῖν
671 1349 728 1393 ἱερεῖς.
751 1347 773 1382 Ὁ
784 1346 804 1383 δὲ
814 1349 846 1383 λα·

65 1404 100 1452 βολν
110 1404 177 1451 μεγάλῃ
189 1405 239 1451 φωνῇ
246 1430 250 1446 ,
264 1404 318 1449 μηδὲν
328 1405 396 1446 δείσας,
410 1403 455 1450 μηδὲ
466 1404 486 1441 δὲ
496 1404 590 1448 διστάσας,
602 1403 654 1452 ἐβόα,
667 1407 729 1448 Δεῦτε,
742 1403 812 1451 λάβετε,
825 1401 845 1440 ου’

64 1461 93 1498 τόν
103 1460 165 1498 θαλλόν
174 1464 204 1497 τοῦ
218 1458 295 1504 εἰδώλου,
308 1458 352 1497 α’λλά
360 1461 390 1497 τόν
400 1460 462 1497 θαλλόν
468 1462 498 1496 τοῦ
506 1461 587 1506 Χριστοῦ.
605 1463 628 1497 Οἱ
635 1462 655 1498 δὲ
660 1463 694 1507 τῆς
703 1461 766 1502 κακίας
775 1460 846 1506 ἐργάται

65 1518 196 1565 παροξυνθέντες
207 1518 271 1564 αἵρεσιν
283 1515 330 1564 αὐτῷ
341 1514 439 1564 προῦτειναν
450 1513 463 1563 ἦ
475 1519 528 1554 θῦσαι
538 1523 574 1559 τοῖς
584 1519 674 1565 δαίμοσιν,
691 1515 704 1564 ἦ
714 1518 734 1555 τό
746 1519 797 1564 σῶμα
806 1515 845 1563 παρ’

67 1577 147 1617 Αἰθίοπος
157 1576 254 1622 μιανθῆναι.
278 1574 300 1610 Ὁ
311 1574 332 1612 δὲ
343 1575 400 1621 φέρων
410 1576 448 1620 (sic,
460 1576 490 1609 sed
498 1576 671 1611 Mamilium-vertisse
680 1589 701 1610 ex
712 1589 742 1611 suo
753 1576 812 1610 codiee
819 1576 847 1609 .νὶ-

67 1634 101 1668 deo
110 1646 161 1678 „curn
170 1641 204 1668 tarn
213 1634 312 1668 scelemtum
322 1640 398 1679 stuprum
409 1633 450 1667 ferri
459 1644 491 1667 νιονι
501 1635 581 1679 posset“)
591 1633 623 1679 τήν
634 1634 718 1678 τοσαύτην
728 1630 782 1679 ὕβριν,
795 1632 847 1669 ἐλεει·

66 1690 96 1737 νήν
107 1690 165 1737 φωνην
176 1691 232 1735 (deest
242 1691 311 1724 verbum
321 1689 390 1735 ἔρρηξε)
401 1688 427 1730 rig
438 1691 510 1734 αἱρεῖται
520 1693 583 1735 μᾶλλον
595 1690 647 1728 θῦειν.
670 1692 707 1727 Καὶ
720 1688 745 1731 οἷς
756 1689 786 1735 μὲν
798 1688 807 1725 ό
818 1702 848 1725 πο·

67 1748 97 1789 λιλς
108 1748 143 1795 ἔχει
153 1746 204 1793 λόγος
214 1746 325 1793 μετεμελήθη
335 1745 390 1792 πάλιν,
402 1747 432 1783 καλ
441 1744 473 1783 οῦκ
482 1745 561 1793 ἐβούλετο
573 1753 632 1793 ποιεῖν,
645 1749 706 1784 ἐκεῖνοι
716 1747 736 1784 δὲ
747 1748 780 1792 τῆς
789 1746 848 1792 προτέ·

68 1818 98 1851 ρας
109 1804 211 1851 δραξάμενοι
221 1805 332 1844 καταθέσεως
343 1805 408 1851 λίβανον
422 1808 461 1844 ταῖς
472 1803 532 1840 τοῦτον
542 1807 600 1852 χερσίν
614 1806 707 1851 ἐνέθηκαν,
725 1804 756 1840 καί
770 1806 849 1840 καθεῖναι

66 1862 196 1909 παρεσκεύασαν
206 1863 231 1903 εἰς
239 1861 258 1898 τό
270 1862 308 1906 πῦρ.
316 1858 372 1898 Ὅθεν
382 1861 412 1897 καὶ
422 1860 468 1906 παρά
478 1860 544 1898 πάντων
555 1864 589 1898 τῶν
601 1861 710 1908 ὁμολογητῶν
720 1861 794 1897 καὶτῶν
806 1873 847 1906 μαρ·

66 1919 121 1966 τύρων
131 1920 241 1965 κατακριθελς
254 1916 340 1965 ἐξεβλήθη
350 1919 383 1962 τῆς
394 1918 491 1962 ἐκκλησίας.
515 1918 578 1955 Δοιπόν
589 1918 610 1955 δὲ
620 1918 645 1964 μη
656 1919 712 1965 φέρων
722 1918 754 1963 τήν
765 1917 848 1964 αἰσχύνην

67 1974 124 2022 άπήρε
134 1978 167 2022 τῆς
177 1973 307 2020 Ἀλεξανδρείας
319 1975 349 2010 καὶ
359 1975 444 2022 κατέλαβε
453 1974 485 2019 τήν
495 1975 617 2020 Παλαιστίνην.
640 1973 752 2021 Ἐπιτραπελς
766 1973 787 2011 δὲ
801 1973 848 2019 παρὰ

67 2035 96 2070 τοῦ
107 2034 124 2071 έν
134 2031 260 2078 Ἱεροσολύμοις
273 2032 355 2077 ἱερατείαν
367 2032 416 2078 λόγον
433 2032 484 2068 εἰπεῖν
495 2045 532 2069 τινα
541 2031 640 2070 διδακτικόν
650 2025 680 2078 (ἦν
690 2031 734 2079 γάρ,
745 2032 801 2078 φησί,
818 2031 849 2067 καλ

67 2092 188 2138 πρεσβυτερίου
197 2090 229 2135 πρὸ
240 2090 270 2125 τοῦ
280 2090 333 2125 θῦσαι
343 2089 477 2135 κατηξιωμένος)
486 2087 561 2130 οἱναοτάς
571 2090 641 2136 ἔφητοῦ
651 2090 790 2134 τεσσαρακοστοῦ
802 2087 847 2126 ἐννά·

67 2160 96 2184 τον
108 2149 176 2194 ψαλμοῦ
187 2146 249 2194 ῥητὸν,
261 2147 293 2193 Τῷ
305 2145 325 2183 δὲ
336 2144 433 2194 ἁμαρτωλῷ
444 2149 480 2182 κτλ.
494 2166 514 2174 -
537 2148 549 2181 l.
558 2148 583 2183 11.
596 2148 667 2193 Repoue
677 2147 734 2183 είλατο
746 2160 766 2181 ex
776 2148 818 2182 δῖον.
831 2155 848 2181 er

68 2207 106 2239 Bas.
130 2206 184 2241 εἵλετο
195 2205 232 2239 sola
240 2204 292 2238 habet
303 2204 344 2238 edit.
356 2206 447 2238 Petav.-
470 2205 482 2238 l.
493 2206 518 2240 12.
535 2205 565 2241 καὶ
575 2202 600 2245 ὦς
609 2205 663 2239 habet
672 2205 724 2239 etiam
735 2206 778 2239 Ven.
801 2205 848 2238 idem

24 2286 25 2289 =
67 2261 114 2299 1-13.
125 2262 204 2308 ἱερατίαν.
215 2282 233 2287 -
253 2261 264 2295 λ.
273 2259 299 2296 11,
312 2263 383 2308 Repone
390 2261 528 2307 προτρεπομένων
538 2255 573 2305 οῦν,
584 2262 630 2307 quod
640 2262 681 2296 olim
693 2263 786 2307 suspicatus
796 2274 848 2304 erem,

68 2331 113 2354 nune
123 2332 144 2354 ex
153 2320 254 2354 auctoritare
265 2319 332 2353 Veneti.
356 2319 402 2353 Idem
412 2320 455 2353 liber
464 2319 514 2353 etiam
525 2320 536 2353 l.
548 2320 574 2354 15.
586 2320 641 2354 firmat
651 2320 697 2365 quod
707 2320 772 2364 scripsi,
784 2319 848 2353 habens

70 2376 234 2422 καταναγκασάντων
249 2377 283 2413 τῶν
300 2376 319 2413 τό
331 2378 429 2422 τηνικαῦτα.
440 2397 463 2403 -
485 2378 496 2410 λ.
507 2377 533 2412 17.
550 2375 599 2421 μόνον
610 2376 629 2413 τό
641 2377 671 2413 τοῦ
687 2377 756 2422 ψαλμοῦ
771 2378 801 2413 τοῦ
818 2374 848 2422 μθ’

70 2432 143 2471 ἐπειπών
153 2436 196 2469 Ven.
206 2454 227 2473 ,-
239 2434 250 2468 l.
259 2435 287 2469 Ἡ.
300 2433 330 2470 κοιλ
341 2433 408 2470 πάντων
418 2432 462 2479 ὁμοῦ
472 2435 514 2468 ven.
538 2433 585 2468 Idem
594 2434 641 2469 1.23.
652 2434 698 2468 delet
709 2434 745 2470 Καί
754 2441 794 2468 ante
806 2433 850 2480 μετά

70 2489 134 2537 χρόνον.
148 2513 166 2518 -
191 2492 202 2526 Ι.
210 2491 238 2526 26.
250 2491 344 2539 Σαβέλλιον
353 2493 396 2526 Ven.
410 2513 433 2518 —
455 2492 467 2525 λ.
477 2492 504 2527 21.
520 2490 551 2535 τὴν
561 2491 617 2527 πίστιν
628 2487 745 2534 άναδέξασθαι
755 2492 787 2537 (ita
798 2495 850 2526 resti-

70 2549 159 2595 tuendum]
171 2549 204 2593 τῆς
219 2547 246 2594 οἱγ.
258 2549 299 2585 θεοῦ
311 2549 415 2594 ἐκκλησίας·
430 2542 452 2594 οἷν
462 2547 495 2595 γάρ
505 2545 544 2585 τότε
554 2546 564 2583 ό
574 2546 627 2590 αῦτός
639 2545 731 2594 Ὠριγένης
745 2550 778 2591 τῆς
793 2546 850 2594 όρθῆς

71 2604 100 2641 καλ
110 2606 205 2650 καθολικῆς
215 2604 313 2651 ἐκκλησίας.
331 2604 352 2642 Ὁ
363 2605 382 2643 δὲ
392 2619 481 2652 προειρημ.
492 2612 543 2650 auget
552 2607 631 2640 Venetus.
643 2626 665 2632 -
687 2606 698 2639 l.
705 2608 722 2640 ὁ.
733 2606 754 2641 ab
764 2607 796 2641 inf.
809 2607 849 2653 βαθ.

70 2663 104 2699 τῶν
115 2661 196 2709 ῥημάτων
205 2660 233 2708 η’ξ.
244 2665 286 2698 ven.
296 2684 319 2690 -
340 2664 353 2697 l.
365 2664 394 2699 ult.
406 2662 472 2710 τροφάς
483 2661 530 2710 αὐτῷ
542 2664 584 2696 Ver.

115 2722 170 2768 rag.
178 2723 230 2758 232.
252 2720 290 2756 1-1.
302 2720 382 2765 ἐπιμελὲς
389 2722 433 2756 Ven.
442 2741 463 2747 —
486 2721 520 2755 λῖν.
532 2719 569 2760 καί,
581 2726 621 2754 ante
632 2722 740 2762 θεοδοτίσνος
752 2722 784 2766 (ita
796 2721 849 2755 estin

72 2777 123 2823 παλ),
137 2789 171 2812 om,
183 2780 231 2819 Veri,
244 2779 272 2823 qui
282 2778 338 2823 pergit
347 2778 433 2823 Πέμπτης
442 2790 461 2814 τε
473 2777 560 2817 ἐκδόσεως
570 2776 614 2822 μετά
625 2779 739 2824 παραθέσεως
749 2778 787 2822 (καὶ
798 2778 849 2823 ἕκτης

72 2832 132 2868 desunt
141 2835 237 2880 igitur).—
260 2836 294 2870 λδ.
307 2833 393 2882 Ἑβραῐκῇ
405 2835 516 2880 μἐνλίενι.-
538 2835 583 2868 l.11.
595 2835 635 2880 τῆς,
646 2843 686 2881 post
694 2835 803 2880 παραθέσεις,
815 2846 849 2869 om.

71 2891 124 2933 Vere,
141 2905 212 2937 pergens
227 2891 277 2939 Ἑβρ.
288 2891 341 2938 φύσει
353 2891 397 2937 μετά
413 2893 498 2939 στοιχείων
508 2891 537 2928 καλ
546 2889 645 2938 Ἑβραῖκῆς
656 2890 678 2930 δι’
689 2891 794 2936 Ἑλληνικῶν
805 2903 850 2927 στοι-

72 2947 131 2993 χείων,
144 2947 193 2991 ιλςτε.
205 2969 228 2976 -
250 2950 296 2985 115.
308 2950 342 2985 τῶν
353 2947 384 2986 δῦο
395 2951 429 2986 τῶν
442 2948 491 2998 Ἑβρ.
502 2951 545 2983 ven.
568 2949 615 2982 Idem
623 2950 636 2983 l.
644 2949 669 2985 14.
680 2948 816 2994 πεφιλοτίμηται
830 2969 850 2975 -

71 3003 83 3037 λ.
94 3005 119 3040 19.
132 3004 163 3054 οῦχ
173 3008 189 3043 οἱ
198 3010 262 3052 πρῶτοι
274 3007 290 3043 οῖ
298 3005 330 3053 τήν
341 3007 403 3051 legitur
416 3007 467 3042 etiam
476 3007 493 3040 iu
503 3008 545 3042 Ven.
558 3026 580 3032 —
603 3006 615 3042 λ.
623 3007 652 3042 23.
664 3004 709 3042 κατά
718 3005 738 3042 τό
751 3004 849 3051 σωμάτιον.

73 3062 88 3097 ολ
98 3061 128 3107 μὲν
139 3064 174 3110 λέγ.
186 3062 237 3102 αῦτὸν
246 3067 303 3111 νεῦρον
312 3064 355 3099 ven.
368 3083 389 3091 -
413 3064 502 3099 1.5.afin.
519 3056 571 3109 ηῦρεν
579 3064 623 3099 ven.
646 3064 693 3098 Idem
702 3064 754 3109 paulo
762 3071 803 3109 post
811 3064 851 3110 περὶ

72 3115 124 3156 αὐτοῦ
134 3120 223 3167 λεγόμενα.
236 3143 258 3150 -
282 3123 360 3157 ceterum
374 3122 419 3169 apud
428 3123 506 3158 Nicetam
518 3122 572 3157 (λίνου.
582 3121 634 3157 Thes.
645 3121 717 3157 Orthod.
728 3121 766 3156 Fid.
777 3122 807 3157 λλ.
817 3123 851 3162 hoe
