1988 3392
152 227 194 268 516
440 232 523 267 ελαοτι
534 231 649 267 τοιουτου

65 321 111 367 Κεφ.
118 320 143 356 ιε’.
207 310 254 354 Ὅτι
270 308 373 366 ἀληθινῶς
388 310 487 367 ἐγεννήθη
500 309 587 368 Χριστός
599 308 640 353 άπό
653 312 737 367 Μαρίας
747 314 783 365 τῆς
796 307 938 368 ἀειπαρθένου,

152 380 220 436 λαβσίν
235 378 258 423 τό
272 385 328 435 σῶμα
344 381 365 423 έν
375 378 471 438 ἀληθείμ,
493 381 528 423 καὶ
543 377 582 423 ούκ
597 379 618 423 έν
634 377 726 433 δοκήσει,
748 378 813 437 σάρκα
828 378 938 435 ἀληθινῶς,

153 455 210 505 σῶμα
226 447 339 504 ἀληθινῶς,
361 447 398 492 σύν
414 448 492 499 ὀστέοις
508 450 542 492 καὶ
558 446 638 506 νεύροις
655 448 690 491 καλ
705 452 755 491 πάσι
770 453 813 499 τοῖς
828 445 939 506 ἡμετέροις,

153 519 215 575 μηδέν
227 516 262 573 ἀφ’
273 516 331 573 ἡμῶν
342 518 496 575 διηλλαγμένος,
511 516 526 573 ἢ
537 516 599 572 μόνον
610 514 632 559 τό
645 517 726 568 ἔνδοξον
737 521 772 573 τῆς
784 514 847 561 αύτοῦ
859 516 937 575 ἀγιότη-

152 605 187 638 τος
201 589 236 631 καί
247 586 343 641 θεότητος
354 587 390 630 καὶ
400 585 486 638 σκεύους
498 584 626 643 ιἀγιωσύνης
636 586 671 628 καὶ
684 585 824 641 δικαιοσύνης,
845 587 880 630 καὶ
890 586 939 629 ἀνα-

153 656 258 714 μαρτήτως
273 653 298 697 τό
309 654 375 698 πάντα
389 658 466 705 τελείως
479 656 540 710 έχων,
561 656 595 698 καὶ
607 652 695 709 έσχηκολς
708 653 937 720 ημηηντηηξνθρριπί-

100 755 102 758 -
152 724 332 782 νηνέαάλνλθὶίν,
348 722 445 779 ναύκτόν
455 721 727 783 ἄνθρύυννανένιᾶλθὲἱίίι
742 721 778 778 οὖν
789 720 817 773 ὦς
826 720 885 777 λαῶν
896 725 939 774 διν-

152 776 414 855 βεχβαηοηένων,,τόηνρῧγ
430 789 619 841 εἷναι-ύπόστασιν,
638 788 710 841 καθολς
723 788 779 835 ἀλλον
792 796 877 848 λεγουσι.
909 790 938 835 Τό

122 846 127 895 ί
153 862 219 904 πάντα
230 861 251 904 δέ
262 849 415 917 μῆχραν-θέντα
423 861 445 903 ἒν
458 857 555 919 ἀμαρτίμ,
571 857 634 913 στόμα
646 857 674 914 μη
687 858 826 914 ψευσάμενον,
847 862 899 915 χείλη
910 859 939 916 μή

152 928 264 984 λαλήσαντα
275 927 341 981 δόλον,
355 932 440 986 καρδίαν
451 927 478 983 μη
491 931 585 972 κλίνασαν
598 928 626 977 είς
637 925 756 984 ἐρεθισμδν,
771 931 821 971 νοῦν
832 927 860 983 μη
870 929 938 986 ἐκτρα-

152 999 226 1050 πέντα,
242 999 270 1047 εἷς
283 996 296 1040 δί
309 996 336 1052 μη
346 997 395 1055 χρη,
417 996 481 1054 σάρκα
493 996 520 1052 μή
532 996 557 1040 τά
568 995 643 1053 σαρκός
655 994 731 1051 ἡδονῆς
744 997 889 1054 ἐργασαμένην·
909 998 939 1041 τέ-

151 1072 203 1117 λειος
215 1065 298 1110 άνωθεν
307 1065 368 1119 θεός,
389 1066 427 1110 ούκ
440 1065 506 1109 έλθνίν
521 1070 640 1121 κατοικῆσαι
653 1066 674 1108 ἓν
686 1063 802 1125 ἀνθρώπῳ,
823 1064 863 1108 ἀλλ’
878 1064 939 1117 αύτός

116 1146 118 1159 ¹
153 1133 165 1178 ό
176 1134 237 1192 λόγος
248 1134 419 1198 ένανθρωπησας,
440 1134 465 1177 ού
478 1132 693 1199 τρμκπείκςηηνμύσνν,
713 1132 938 1191 σνμπεριειληφοίςάμα

113 1210 116 1242 ἕ
152 1208 178 1262 τῇ
190 1203 272 1258 θεότητι
283 1196 324 1258 την
335 1195 399 1246 ίδίανψ
406 1196 572 1259 ένανθρσίπησιν,
584 1192 620 1246 {J
627 1193 694 1260 μιλτρμ
704 1204 811 1259 παρθένον
820 1201 906 1259 γεγονιδς
917 1204 939 1246 έν

153 1271 249 1330 ἀληθείᾳ,
271 1273 411 1329 κυοφορηθελς
423 1269 457 1314 διό
467 1274 588 1327 γεννητικῶν
598 1269 667 1327 πόρων
678 1268 850 1326 άνεπαισχύντως,
865 1270 938 1328 ἀχρόν-

151 1357 202 1392 τως,
223 1338 350 1395 ἀμολύντως,
371 1340 503 1395 ἀνατραφεὶς,
526 1340 560 1382 καὶ
576 1340 726 1395 έναγκαλισθείς
741 1337 783 1383 ύιιό
797 1355 818 1382 τε
829 1343 938 1394 Συμεῶνος

152 1406 278 1462 κάλ’Ἇννης,
299 1410 419 1463 βασταχθελς
430 1405 471 1450 ύπδ
482 1409 577 1463 Μαρίας,
598 1406 704 1460 πεζεύσας,
724 1405 871 1464 όδοιπορήσας,
893 1425 938 1451 παι-

152 1479 197 1520 δίον
214 1474 312 1533 γεγοναδς,
333 1474 443 1533 άδρυνθείς
457 1479 482 1534 τῇ
493 1473 572 1534 ἡλικία,
593 1473 618 1517 τά
632 1475 697 1518 πάντα
713 1477 762 1531 έχων
774 1477 868 1535 ένέαυτῷ
881 1477 902 1520 έν
913 1481 937 1536 τῇ

152 1547 270 1600 τελειότητι,
292 1545 314 1587 έν
325 1544 408 1604 ἀριθμῷ
425 1546 475 1587 ἐτῶν
486 1545 595 1601 λογισθεὶς,
616 1545 637 1586 έν
647 1544 730 1604 ἀριθμῷ
742 1549 822 1600 μηνοῖν,
841 1546 938 1604 ἐνκοιλίμ

153 1614 305 1671 κυοφορηθεὶς,
326 1612 433 1670 γενόμενος
445 1615 467 1656 ἒκ
478 1612 585 1669 γυναικός,
605 1611 711 1668 γενόμενος
726 1611 766 1657 ύπό
779 1613 852 1668 νόμον,
873 1613 939 1657 έλθοδν

153 1683 187 1726 ε’πὶ
201 1681 236 1726 τόν
250 1680 362 1739 Ἰορδάνην,
384 1683 505 1737 βαπτισθεὶς
519 1679 559 1724 ύπό
573 1679 678 1733 Ἰωάννου,
700 1679 737 1725 σύν
752 1681 880 1737 έπιδεόμενος
893 1688 939 1727 λου-

151 1756 214 1808 τρῶν,
231 1751 266 1795 διά
276 1767 297 1793 τε
308 1749 330 1794 τό
341 1748 458 1794 ἀκόλουθόν
468 1755 503 1805 της
515 1751 537 1793 ἐν
548 1749 604 1810 νόμῳ
615 1749 789 1807 ένανθρωπήσεως
797 1750 825 1806 μη
834 1751 939 1810 ταράσσων

152 1818 174 1864 τό
187 1823 275 1874 δίκαιον,
298 1818 354 1870 ὅπως
366 1824 478 1879 πληρωθῇ,
500 1818 528 1870 σός
541 1817 601 1870 αύτδς
614 1820 664 1874 έφη,
687 1824 742 1863 πάσα
754 1819 883 1876 δικαιοσύνη,
904 1823 938 1865 ’ίνα

152 1892 207 1950 δείξη
219 1889 249 1934 ότι
260 1887 360 1945 ἀληθινὴν
372 1889 437 1947 σάρκα
447 1888 564 1941 ἐνεδύσατο,
580 1887 681 1945 ἀληθινὴν
691 1887 856 1947 ένανθράπησιν,
871 1908 937 1949 κατερ-

152 1958 236 2015 χόμενος
252 1961 281 2010 είς
295 1958 320 2002 τά
335 1958 410 2012 ύδατα,
432 1958 502 2010 διδούς
516 1957 568 2016 ἥπερ
584 1957 700 2014 λαμβάνων,
723 1959 872 2017 2παρεχόμενος
887 1959 938 2019 ἥπερ

152 2028 292 2084 ἕπιδεόμενος,
312 2031 404 2083 φωτίζων
416 2026 479 2081 αὐτά,
500 2030 618 2085 ἒνδνναμοῑν
632 2027 684 2071 αὐτά
697 2030 725 2079 εἰς
736 2027 801 2072 τύπον
810 2033 850 2073 τῶν
859 2029 938 2085 μελλόν-

56 2123 142 2162 pag.1⁰98.
152 2115 192 2141 των
209 2099 231 2141 έν
247 2095 302 2156 αύτῷ
316 2103 452 2151 τελειοῦσθαι,
473 2096 529 2149 ὅπως
547 2100 568 2142 οἱ
578 2097 632 2157 αύτῷ
647 2097 799 2149 πεπιστευκότες
813 2100 835 2143 ἒν
845 2097 938 2160 άληθείγ,

151 2169 187 2212 καὶ
204 2169 280 2223 ἔχοντες
295 2165 332 2222 την
345 2170 411 2211 πίστιν
425 2171 461 2222 τῆς
478 2167 576 2222 ἀληθείας
581 2202 587 2221 ,
607 2165 701 2222 μάθωσιν
715 2167 746 2212 ότι
764 2166 867 2223 ἀληθινοῖς
882 2170 938 2225 ἐνην-

152 2235 271 2295 θρσίπησεν,
293 2236 396 2291 ἀληθινοῖς
409 2238 532 2292 ἐβαπτίσθη,
554 2238 588 2280 καί
600 2235 665 2287 ούτως
675 2235 709 2280 διά
720 2242 755 2293 τῆς
767 2235 830 2281 αύτού
841 2252 939 2296 συγκατα-

152 2307 230 2357 θέσεως
241 2307 276 2349 καὶ
292 2304 350 2348 αύτοὶ
366 2305 469 2363 ἐρχόμενοι
484 2305 560 2361 λάβωσι
570 2310 606 2361 τῆς
615 2303 679 2349 αύταύ
690 2304 820 2362 καταβάσεως
830 2306 867 2362 την
879 2307 938 2352 δύνα-

154 2394 199 2431 μιν,
220 2376 255 2419 καί
270 2380 401 2430 φωτισθαῖσιν
413 2373 453 2417 ἀπό
465 2373 575 2430 τηςαύτοῦ
588 2378 732 2432 φωταγωγίας,
752 2378 892 2434 πληρουμένου
901 2382 938 2422 τοῦ

153 2447 174 2488 έν
185 2449 214 2505 τῷ
224 2446 320 2504 προφητη
332 2447 395 2502 ῥητοῦ
399 2480 404 2499 ,
420 2446 459 2495 Εἰς
471 2444 592 2502 μεταλλαγὴν
604 2444 719 2500 δυνάμεως,
734 2447 763 2497 είς
772 2444 863 2503 παροχην
874 2460 936 2503 σωτη-

153 2516 198 2572 ρίας
214 2519 250 2570 της
267 2512 373 2569 δυνάμεως
387 2519 424 2557 τοῦ
441 2511 515 2570 ἀρτου,
536 2512 576 2558 ἀπό
590 2518 626 2569 της
637 2512 763 2571 Ἰερουσαλὴμ
777 2517 935 2572 λαμβανομένης,

153 2584 236 2638 καὶτῆς
250 2581 458 2647 ι’σγύοςτοῦύδατος.
487 2580 588 2626 Ἑνταύθα
603 2583 625 2626 δέ
641 2585 662 2627 έν
678 2588 758 2643 Χριστῷ
775 2586 938 2641 ίσηυροποιονμέ-

130 2672 134 2713 3
154 2668 194 2693 νων
208 2656 244 2707 τῆς
261 2650 366 2706 δυνάμεως
381 2657 418 2695 τού
431 2650 504 2708 άρτου,
524 2653 605 2708 καὶτῆς
621 2657 657 2695 τού
669 2652 743 2704 ύδατος
755 2652 832 2709 ἰσχύος,
853 2655 888 2698 ἰ’να
900 2653 938 2699 ούκ

154 2718 215 2777 άρτος
229 2718 278 2775 ἡμῖν
294 2720 374 2776 γε’νηται
389 2720 483 2775 δύναμις,
498 2718 546 2763 ἀλλά
556 2720 641 2776 δύναμις
655 2720 728 2778 ἀρτου,
751 2722 801 2765 3καί
814 2724 889 2779 βρῶσις
901 2724 938 2778 μέν

178 2814 218 2848 Gn.
229 2813 268 2847 XV.
281 2833 303 2839 -
327 2814 342 2847 1.
359 2810 452 2858 ἀγνοούσης
464 2814 489 2846 εδ.
504 2815 535 2847 Pe·
556 2817 613 2848 vitium
622 2816 656 2848 iam
666 2825 676 2848 a
687 2817 765 2849 comario
774 2817 791 2848 λιι
799 2817 870 2850 versione
878 2817 938 2851 Latina

153 2863 193 2940 ωυλ.
211 2903 335 2950 παρερχόμενος
352 2908 399 2948 υυλρο
417 2907 475 2939 habent
493 2907 534 2947 libri,
557 2863 669 2947 σογέίθόίηύνν
682 2905 712 2940 καλ
728 2907 774 2940 hahet
790 2908 937 2943 codd.mss.uter-

556 2963 591 2995 que.
615 2953 640 2994 Cf.
651 2953 747 2994 λκαοιμλιαλ.
758 2962 797 2995 ρας.
808 2950 846 2988 154.
