1988 3392
149 221 191 264 380
436 226 647 262 ειαοτῐοεωΗλΝιι

150 309 271 367 βεβιασμένη
282 308 362 355 διάνοια
372 311 412 353 τόν
424 306 460 353 τόν
470 313 519 352 υούν
530 305 718 366 παρεκβαλλόνιωνς
738 305 807 363 Ἀλλά,
829 313 891 368 φησὶ,
907 312 933 358 οιί

149 381 199 438 λε’γω
210 379 241 425 ότι
251 385 301 425 νοῦν
313 383 393 436 είληφεν
404 378 542 437 οἰνθροίπινον,
558 379 602 424 ἐπεὶ
612 377 727 434 ποιήσωμεν
736 377 799 423 αὐτόν
808 381 933 439 ἐπιθυμοῦν

149 468 183 504 τα,
204 451 352 508 ἐρεθιζόμενον·
372 448 441 504 ἐπειδὴ
456 448 495 507 γάρ
511 451 532 493 ἐν
543 447 592 505 ἡμῖν
609 447 736 504 ἐπιθυμητὴς
751 447 824 501 όνοῧς
834 451 933 508 τυγχάνει.

150 521 192 562 Καὶ
205 518 273 571 άπλοῐς
288 517 350 573 πολλὴ
367 516 539 577 τοῖύάνθροίπων
555 521 662 576 ἐρεσγελία,
682 516 710 569 τίς
721 519 810 575 είρηκεν,
829 517 934 576 Ἐποίησεν

150 587 162 633 ό
174 587 224 640 θεός
236 588 314 632 άπλοῦν
327 587 408 632 συνετόν
424 585 547 645 άνθρωτιον,
569 585 628 630 αύτοί
640 587 662 630 δέ
673 588 769 642 ἐποίησαν
786 589 864 640 ἑαυτοῖς
882 594 932 648 λογι.

150 657 215 714 σμούς
227 657 317 708 πολλούς.
347 658 376 699 Εἰ
388 656 426 717 γάρ
438 656 488 707 ὅλως
506 655 675 712 3ὁμολογούντων
690 654 748 711 ἡμῶν
764 661 813 700 νούν
831 659 933 713 εἰληφέναι

150 725 186 769 τόν
197 725 339 783 άνθροίπινον,
361 725 478 780 4υοησομεν
492 727 520 775 είς
532 724 603 768 ἑαυτόν
618 729 654 779 τῆς
664 723 760 782 ἡμετέρας
774 725 897 777 ἐλαττώσεως
908 727 934 770 τολ

150 796 211 851 μέρη,
232 799 299 853 πολλῷ
311 798 386 848 μᾶλλον
402 792 554 851 ὁμολογούντων
564 791 622 847 ἡμῶν
633 791 698 850 σάρκα
709 791 771 838 αὐτόν
782 796 885 850 εἰληφέναι
895 794 934 838 διό-

150 877 211 916 σομεν
227 861 278 906 κατά
293 861 315 905 τό
329 863 389 918 μέρος
400 867 459 906 τοῦτο
472 860 524 904 κατά
534 859 570 904 τόν
581 859 644 903 αὐτόν
655 860 714 917 λόγον
726 862 757 905 ότι
769 864 791 905 ἐν
804 863 863 918 σαρκί
874 862 933 917 ἠλάτ-

149 947 219 982 τωται,
239 930 290 985 ὅπερ
302 929 422 986 μήγένοιτο.
451 924 533 979 Ώςοάν
545 929 602 971 ῡούκ
614 931 741 987 ἐντῇσαρκλ
756 928 870 983 ἐλαττοίθη,
890 933 933 973 καί·

149 1014 186 1053 περ
198 996 298 1051 άληθινην
309 996 373 1052 σάρκα
383 999 443 1051 ἔχων,
459 995 526 1039 ἐλθοίν
538 994 550 1039 ό
561 995 629 1052 λόγος,
645 995 692 1039 ούδέ
704 997 725 1039 ἐν
735 1002 764 1055 τῷ
776 1002 805 1056 νῷ
816 996 841 1040 τοί
851 996 879 1052 μὴ
890 999 932 1055 τρέ-

149 1083 214 1109 ποντα
223 1071 248 1126 τῇ
260 1065 323 1109 αὐτοῦ
333 1064 415 1121 θεότητι
425 1063 555 1119 διανενόηται.
582 1062 634 1107 Ἀλλ’
645 1064 682 1108 όσα
691 1061 718 1120 ἦν
730 1063 801 1123 εύλογα
812 1066 882 1124 σαρκί,
897 1068 933 1110 καί

149 1140 218 1193 ψυχῇ,
238 1136 272 1178 καλ
283 1139 313 1193 νῷ
323 1133 458 1192 ἀνθρωπίνῳ,
479 1137 541 1176 ταῦτα
553 1133 652 1177 θέτιετέλει
664 1132 729 1178 ἐλθοίν
743 1132 845 1191 όκύριος,
860 1136 894 1177 ίνα
905 1134 932 1191 μὴ

148 1202 224 1264 ταράξῃ
235 1208 271 1259 τῆς
282 1201 381 1260 άληθινῆς
392 1202 491 1262 ἐνσάρκου
503 1205 615 1260 παρουσίας
628 1202 665 1260 την
680 1202 810 1248 ἀκολουθίαν.
840 1201 933 1263 Εύλογον

149 1273 186 1332 γάρ
199 1269 225 1331 ἦν
235 1277 305 1328 πείνα,
319 1275 355 1319 καλ
364 1276 427 1330 δίψα,
441 1274 477 1318 καὶ
486 1273 585 1329 κάματος,
607 1274 642 1317 καί
653 1272 728 1328 ύπνος,
748 1272 856 1333 ὁδοιπορία
865 1292 886 1320 τε
897 1277 933 1320 καὶ

149 1345 213 1400 λύπη,
228 1343 344 1401 κλαυθμός,
359 1346 393 1388 καί
405 1346 527 1401 ἐμβρίμησις.
561 1348 629 1387 Ταῦτα
640 1344 662 1387 δὲ
674 1343 795 1396 ἀκολούθως
805 1346 827 1389 ἐν
838 1345 893 1406 αὐτῷ
903 1362 932 1390 τε·

149 1415 245 1458 λεσθέντα
260 1412 332 1473 εύλογα
346 1419 382 1470 τῆς
397 1413 495 1472 ἐνσάρκοο
511 1411 610 1469 άληθινῆς
624 1415 736 1470 παρουσίας
750 1412 860 1470 ύπὲφηνεν.

57 1682 144 1728 Κεφ.κη’.
211 1676 242 1720 Ού
255 1676 293 1733 γάρ
303 1678 412 1734 γέγραπται
421 1675 453 1720 ότι
463 1676 590 1731 ἐπεθύμησεν
602 1678 713 1731 ἐπιθυμίαν
729 1675 814 1731 φαύλην.
842 1676 933 1735 Ἀγαθιλν

150 1747 172 1789 δὲ
190 1747 300 1799 ἐπιθυμίαν
318 1744 444 1799 ἐπεθύμησε,
466 1744 543 1798 φήσας,
562 1744 677 1803 Ἐπιθυμίᾳ
696 1744 815 1799 ἐπεθύμησα
831 1751 891 1790 τοῦτο
908 1747 931 1791 τό

151 1814 223 1869 Πάσχα
235 1820 307 1870 φαγεῖν
316 1811 361 1868 μεθ’
370 1811 433 1867 ὑμῶν.
459 1812 574 1866 Ἐπιθυμία
582 1812 604 1854 δὲ
615 1814 637 1855 ἐκ
647 1811 745 1866 θεότητος
753 1812 778 1855 ού
789 1816 869 1870 γίνεται,
884 1815 933 1859 οὐδὲ

149 1884 171 1925 ἐκ
183 1881 258 1938 σαρκός
268 1881 393 1936 μονωτάτης,
415 1879 462 1923 ούδὲ
473 1881 495 1923 ἐκ
507 1885 575 1934 ψυχῆς
586 1878 749 1941 άνοήτου,.άλλά
760 1882 782 1924 ἐκ
792 1885 866 1932 τελείας
876 1883 933 1926 ἐναν-

149 1949 275 2006 θρωπήσεως
286 1947 378 2003 σώματος
390 1950 425 1992 καλ
437 1952 473 1991 τοῦ
485 1952 533 2001 νοῦ,
549 1949 584 1991 καί
593 1946 669 1998 παντός
680 1943 760 1999 οὗτινος
769 1954 806 1992 τού
819 1951 840 1993 ἐν
850 1950 931 2008 άνθροίε

149 2036 181 2078 πω
197 2017 335 2076 τυγχάνοντος.
359 2015 417 2072 Ἔσχε
428 2015 466 2074 γάρ
482 2020 545 2059 ταῦτα
559 2014 624 2061 ἐλθοίν
637 2014 649 2060 ό
660 2015 729 2074 λόγος,
751 2022 808 2073 σῶμα
818 2020 853 2063 καί
863 2018 933 2077 ψυχὴν

149 2089 184 2134 καί
195 2093 255 2143 νοῦν,
275 2088 310 2132 καλ
325 2085 391 2132 πάντα
405 2087 425 2131 εί
434 2089 453 2131 τί
462 2087 514 2131 ἐστιν
529 2083 650 2143 ίίνθρωπος,
669 2088 730 2145 χωρίς
746 2085 853 2146 ἁμαρτίας,
872 2091 933 2148 χωρίς

150 2157 295 2214 ἐλαττώματος·
315 2156 365 2201 κατά
379 2155 401 2201 τό
412 2157 527 2214 εἰρημένον,
549 2158 701 2214 Πεπειραμένος
716 2157 768 2202 κατά
779 2158 845 2203 πάντα
860 2158 888 2212 τός
898 2159 932 2204 άν-

149 2237 246 2286 θρωτιος,
266 2228 326 2285 χωρίς
342 2225 444 2284 άμαρτίας.
475 2228 504 2269 Et
518 2227 540 2270 δέ
556 2225 581 2269 τά
598 2225 663 2269 πάντα
679 2231 807 2284 πεπείραται,
827 2228 852 2272 τά
866 2229 933 2273 πάντα

149 2297 281 2354 ἐσγενέλθοίν
294 2296 382 2353 όλόγος.
413 2294 485 2339 Πάντα
496 2295 518 2338 δέ
530 2296 581 2350 ἐγων
591 2294 691 2350 άνηττητα
704 2297 725 2340 ἐν
737 2296 792 2356 αύτῷ
804 2292 839 2353 ἦν,
862 2297 932 2355 όίγραν-

149 2366 174 2410 τά
185 2383 206 2409 τε
217 2365 330 2421 διετήρησε,
350 2365 423 2414 τέλειος
439 2363 468 2407 τίν
482 2362 542 2417 θεός,
565 2365 588 2407 ἐκ
598 2363 672 2420 σαρκός
686 2366 836 2421 γεγεννημένος,
856 2368 933 2411 καίτε-

58 2457 93 2486 pag.
102 2449 142 2478 ωτι.
151 2438 208 2484 λείως
222 2434 247 2477 τύ
259 2433 325 2477 πάντα
339 2432 456 2489 πληρώσας,
477 2430 505 2482 τίς
518 2431 623 2489 πληρωτὴς
639 2431 668 2475 οίν
681 2432 730 2475 ὅλου
740 2438 777 2477 τού
788 2434 883 2489 σκεύους,
904 2435 933 2491 μη

150 2506 277 2559 μερισθείσης
288 2507 324 2556 τῆς
338 2500 413 2557 σαρκός
432 2500 579 2556 1ἀναρμόστως
591 2500 724 2555 ἐπιτηδεύσει,
748 2501 776 2557 μή
786 2505 933 2560 παρελκυσθείς

149 2577 178 2630 τῷ
188 2576 224 2613 τοῦ
237 2576 275 2613 νοῦ
284 2571 355 2629 ἀλλοίῳ
374 2571 396 2612 ἐν
407 2568 456 2624 ἡμῖν
470 2568 589 2623 φρονήματι.
622 2569 652 2611 Οὐ
667 2567 705 2626 γάρ
717 2569 788 2621 όνούς
802 2569 860 2626 ἡμῶν
870 2574 898 2622 είς
909 2571 932 2615 τό

150 2638 271 2696 ἁμαρτάνειν
286 2636 335 2692 ἡμῖν
349 2639 461 2694 γεγένηται,
483 2634 532 2678 ἄλλά
548 2633 582 2678 διά
596 2635 618 2679 τό
633 2644 716 2681 σκοπεῖν
732 2643 773 2681 τῶν
788 2640 809 2682 ἐν
821 2637 870 2693 ἡμῖν
884 2641 933 2683 ἀνα-

150 2707 298 2763 θεωρουμένωυ
313 2704 355 2748 κατ’
372 2705 451 2761 ἀμφοῖν
467 2702 589 2760 πραγμάτων
604 2703 629 2747 τά
644 2706 717 2757 τέλεια,
739 2707 773 2749 καί
788 2705 823 2762 τήν
840 2708 933 2764 ἐργασίαν

150 2781 186 2831 τῆς
198 2773 327 2828 δικαιοσύνης
342 2775 393 2817 2καὶ
407 2771 549 2827 ἐναντιότητος.
581 2778 655 2824 3Νοῦς
669 2775 705 2829 μὲν
714 2774 752 2832 γάρ
764 2774 844 2831 ῥήματα
856 2778 933 2833 διακρί-

172 2857 188 2892 3.
203 2854 295 2901 δμολόγονν
308 2856 342 2892 τῶν
357 2858 391 2890 cod.
407 2858 439 2890 λιιι.
463 2852 530 2898 οδμολό-
552 2853 624 2891 ἐπιτέλει
635 2857 670 2890 coa.
681 2857 748 2900 λλλτιλίς,

150 2916 189 2950 γονν
198 2904 232 2940 τῶν
241 2904 265 2937 τὰ.
273 2905 326 2946 μίαν.
350 2899 447 2948 ιδμαλόγονν
456 2899 485 2938 τόν
495 2903 529 2936 τοο,
576 2902 616 2936 (λιν.
624 2902 706 2938 xxvln.
718 2922 740 2929 -
765 2903 780 2939 λ.
791 2900 895 2950 ἀναρμίσως
907 2908 932 2939 vi·

149 2953 216 2994 Βλιιλὶς.
552 2952 592 2983 tium
608 2953 631 2984 est
649 2952 673 2984 ed.
691 2953 746 2985 Ριλαν.
775 2953 851 2988 Ριλουίαε
868 2955 933 2988 coniecit

172 2996 189 3032 4.
201 2996 290 3042 νοήσωμεν
301 2998 326 3031 ed.
337 3000 388 3038 μιίαι.
552 2992 662 3044 ἀναρμόστῳ.

173 3046 190 3079 5.
202 3042 233 3080 οὐκ
245 3047 289 3078 abest
299 3055 310 3077 α
321 3045 365 3078 libris
376 3045 453 3078 omnibus.
575 3043 591 3076 ¹2.
610 3042 640 3079 καλ
655 3046 708 3080 omiss.
721 3046 739 3079 λη
753 3045 791 3079 τοῖο.
805 3047 860 3083 Ριλου,
877 3048 931 3083 colon.

174 3089 190 3125 6.
207 3089 235 3126 ἐπὶ
250 3090 295 3127 τέλει
311 3091 346 3125 τοο.
359 3091 391 3127 len.
407 3094 421 3125 τί
439 3090 463 3124 ed.
478 3091 529 3132 princ.
551 3093 598 3134 repet.
