1988 3392
247 238 339 273 raanan
351 237 394 271 ch.
402 239 430 273 rn.
444 240 498 274 rom.
507 241 528 274 n.
541 237 711 272 nnaamxxvnr.
827 226 868 267 443

35 333 37 338 ·
92 321 168 379 quidem
178 319 257 376 impium
270 334 292 362 ae
303 319 407 361 scelestum
420 327 458 372 est,
475 327 494 362 et
504 335 514 362 a
526 320 588 362 sancti
598 318 679 376 spiritns
689 318 778 359 doctrina
789 329 870 373 prorsus

91 391 184 434 alienum
216 387 284 444 Quare
300 395 362 430 totum
379 388 426 429 illud
440 403 451 429 a
467 389 567 430 daemonis
584 389 649 430 afflatu
665 393 685 427 et
700 386 769 442 impuri
788 385 870 442 spiritus

91 456 194 514 disciplina
211 459 319 514 prolectam
337 464 375 498 est.
411 455 455 498 Hoc
474 457 562 499 enimin
580 458 628 514 ipsis
649 456 753 513 impletur,
777 457 964 539 Deficr'eotnupqotu.

91 530 164 584 pardem
175 541 187 567 o
197 541 245 567 sorau
256 528 489 575 recommemorata
497 528 566 581 sodol'
557 542 573 567 rs
585 535 605 567 et
615 528 707 567 doctrinis
720 527 867 565 doemoniorum.

92 600 157 639 Erunt
169 598 228 644 enim,
245 595 320 651 inquit,
342 603 426 635 mortuos
437 598 531 644 colentes,
554 595 716 650 quemadmodum
729 594 779 649 apud
791 590 871 634 lsrae'li-

92 674 122 708 tas
134 664 209 705 bonore
221 670 268 704 sunt
280 664 354 705 allecti.
385 662 416 705 Ita
431 665 502 705 lactrrm
519 671 549 704 est
565 670 585 704 ul
597 671 710 705 sanctorum
725 663 757 717 qni
768 661 810 703 suis
821 668 871 702 tem-

92 732 172 810 poribus
187 732 297 773 durnerunt
311 732 423 773 redundans
440 731 459 772 in
472 732 529 773 deum
545 731 608 786 gloria
619 731 663 772 aliis
675 731 708 786 qui
718 731 823 772 veritatem
835 728 872 769 mi-

92 801 144 842 nime
159 799 294 855 perspicerent
309 800 434 841 occasionem
449 800 525 840 erroris
540 800 634 840 attulerit.

148 865 228 908 Etenim
242 865 334 918 Sicinris,
356 882 406 923 quae
419 867 476 908 bodie
489 866 682 922 Neapolisdieitur,
705 880 761 907 sacra
772 866 868 921 quaedam
902 870 943 914 Gap.

92 935 116 977 ab
128 931 244 989 indigenis
238 949 258 975 rn
274 935 368 976 bonorem
381 935 457 991 puellae
469 935 606 985 celebrantur,
628 934 678 989 quod
691 934 715 974 ab
726 932 842 990 lepbtlaaer
831 933 869 974 lilia
888 915 954 987 ,nillil

92 1016 185 1045 manasse
196 1003 286 1053 videtur,
308 1016 358 1058 qnae
376 1004 413 1043 deo
429 1003 526 1058 qnondam
542 1002 651 1043 sacrificata
665 1003 736 1042 luerat
768 1000 871 1055 Quaeres

92 1071 170 1114 miseris
187 1070 298 1112 bominibus
316 1071 440 1112 idololatriae
451 1071 601 1126 inanissimique
618 1070 682 1111 cultus
698 1069 800 1110 materiam
815 1083 872 1125 prae-

92 1139 143 1182 buit.
174 1138 288 1194 Quinetiam
300 1137 411 1181 Pharaonis
423 1139 495 1191 tiliam,
517 1153 566 1194 quae
578 1153 657 1180 serrum
669 1138 699 1179 dei
710 1136 797 1194 Moysen
811 1138 873 1179 liono-
885 1153 933 1183 uma.
943 1155 956 1183 ε,

93 1208 157 1261 ravit,
179 1215 199 1250 et
211 1207 309 1250 sublatum
321 1208 427 1261 enutrivit,
450 1215 530 1265 propter
545 1208 642 1249 celebrem
657 1207 732 1264 pueruli
749 1208 820 1248 lamam
837 1206 873 1247 irn-

93 1277 174 1335 pcnsins
190 1283 248 1334 quam
263 1292 299 1335 par
314 1285 357 1320 erat
374 1292 397 1320 ac
415 1293 450 1335 pro
469 1279 506 1320 deo
520 1284 640 1320 venerantes
653 1275 747 1334 Aegyptii
762 1274 873 1319 istiusmodi

93 1347 252 1405 superstitionem
272 1347 292 1389 in
308 1348 391 1390 stolidos
408 1348 498 1390 homines
513 1348 621 1390 derivatam
639 1348 713 1389 nelarie
730 1353 871 1404 propagarunt.

93 1416 149 1472 Ergo
162 1416 189 1458 illi
201 1416 320 1458 Tlrermntin
332 1416 443 1474 Amenoplri
456 1417 526 1466 dliam,
547 1417 584 1458 boc
600 1424 632 1458 est
641 1415 764 1467 Pharaonis,
789 1417 872 1457 adorare

93 1492 189 1542 pergunt,
204 1486 268 1541 quod,
290 1492 379 1527 utanlea
392 1487 445 1538 dixi,
466 1485 552 1542 lllopsen
565 1487 687 1527 educaverit.
717 1484 821 1526 Eiusmodi
832 1485 873 1541 plc-

93 1568 155 1610 raqne
168 1555 192 1595 ad
203 1568 308 1595 caecorum
327 1554 426 1596 lrominum
439 1555 527 1596 fraudem
539 1562 559 1596 et
574 1568 663 1596 errorem
675 1554 695 1595 in
708 1555 800 1595 mnndum
812 1554 873 1594 intro·

94 1623 152 1664 ducta
162 1629 219 1674 sunt,
242 1637 282 1663 nou
299 1623 350 1678 qnod
368 1623 431 1664 saneti
447 1618 537 1678 cuiquam
549 1622 666 1664 offensionis
678 1637 745 1664 arrsnnr
758 1622 872 1679 praebeant,

94 1692 128 1733 sed
140 1692 190 1746 quod
203 1690 344 1746 conquiescere
355 1705 411 1732 mens
423 1691 522 1732 bominum
533 1699 625 1747 nequeat,
642 1692 695 1732 etad
707 1706 768 1748 prava
780 1691 872 1731 declinet.

94 1758 173 1801 Etenim
188 1759 232 1800 sive
248 1767 325 1800 mortua
341 1767 371 1801 εει
387 1759 444 1815 virgo
460 1760 597 1811 sanctissima,
618 1774 641 1801 ac
653 1760 729 1816 sepulta
739 1773 816 1801 summo
830 1773 874 1800 curn

94 1829 200 1885 splendore
215 1828 319 1869 coniuncta
336 1843 389 1870 mors
400 1828 453 1870 illins
464 1835 508 1880 est,
530 1835 550 1870 et
560 1829 683 1871 castissimus
696 1829 775 1880 exitus,
798 1842 822 1870 ac
834 1828 874 1870 vir-

94 1897 182 1952 ginitatis
199 1896 218 1938 ei
232 1911 306 1938 corona
318 1911 425 1938 concessa:
447 1898 490 1938 sive
504 1898 619 1948 interiecta,
640 1904 661 1938 nt
674 1897 763 1938 indicare
776 1897 874 1953 scriptura

94 1965 174 2007 videtur
184 1965 214 2007 his
223 1966 298 2017 verbis,
314 1969 343 2006 Et
351 1969 410 2018 r'psz‘zrr
420 1968 501 2005 anemone
508 1968 618 2018 penetrabit
624 1969 709 2018 gladios,
727 1966 809 2021 gloriam
820 1979 872 2006 mar·
880 1973 938 2009 huc-²,
945 1973 968 2001 ιι

94 2039 150 2089 tyres
162 2034 215 2075 inter
225 2048 248 2084 ac
258 2033 318 2075 decus
332 2033 419 2085 obtinet,
443 2040 463 2074 et
473 2047 550 2074 sacrun]
564 2033 617 2074 illius
629 2047 700 2088 corpus
714 2035 767 2075 onrni
780 2034 874 2075 felicitate

95 2101 213 2143 cumulatum
229 2108 271 2153 est,
293 2115 395 2157 perquam
408 2101 480 2142 mundo
494 2101 559 2142 lumen
570 2100 644 2142 illuxit.
675 2100 745 2143 Potest
758 2102 843 2156 denique
854 2109 875 2143 et

94 2168 115 2209 iu
126 2168 167 2209 vita
178 2169 283 2210 mansisse.
314 2167 384 2210 Potest
397 2169 449 2209 enim
460 2169 508 2209 deus
521 2169 611 2223 quicquid
626 2169 705 2209 libuerit
717 2170 807 2220 efficere,
829 2183 873 2210 nam

95 2236 119 2277 de
130 2237 183 2277 illius
194 2237 251 2278 exitu
261 2236 309 2278 nibil
320 2244 375 2277 certo
387 2243 471 2277 constat.
502 2234 567 2277 Porro
578 2237 630 2277 ultra
642 2251 699 2291 quam
711 2251 747 2292 par
757 2237 783 2277 sit
793 2244 873 2278 sanctos

95 2304 187 2346 venerari
203 2306 260 2345 nelas
274 2311 317 2356 est,
339 2304 374 2345 sed
390 2304 469 2344 illorum
483 2303 609 2345 honorandus
625 2311 656 2345 εει
670 2304 776 2346 dominns,
800 2303 875 2359 Quam-

95 2371 164 2414 obrem
176 2371 253 2414 desinat
264 2373 341 2415 taudem
354 2371 461 2414 infelicium
476 2372 509 2414 ille
525 2371 624 2414 bominum
638 2387 703 2415 error.
734 2372 805 2429 Neque
822 2373 875 2416 enim

95 2439 161 2482 Maria
172 2442 221 2484 deus
232 2448 275 2493 cst,
292 2455 356 2497 neque
368 2441 392 2482 de
403 2441 459 2481 coelo
470 2455 541 2497 eorpus
551 2442 639 2497 accepit,
661 2443 696 2484 sed
708 2443 732 2484 ab
743 2444 787 2484 viro
799 2458 822 2483 ac
833 2458 875 2484 mu-

95 2509 144 2552 liere
156 2511 234 2566 genita,
252 2510 330 2552 tarnetsi
342 2524 368 2552 ex
382 2510 524 2568 promissione,
540 2518 561 2552 ut
572 2510 617 2552 olim
630 2509 720 2565 isaacus,
736 2512 831 2568 singulari
844 2512 875 2554 dei

96 2579 122 2622 sit
138 2580 261 2638 providentia
279 2594 382 2623 concessa.
414 2579 480 2622 Neruo
496 2595 545 2623 vero
561 2580 582 2622 in
598 2581 651 2623 illins
667 2596 739 2624 nomen
757 2581 875 2623 sacrificinm

97 2650 179 2703 offerat,
196 2650 357 2706 alioqnianimae
366 2664 414 2693 suae
425 2658 508 2693 mortem
520 2658 578 2707 atque
589 2650 673 2693 exitium
683 2652 802 2694 conseiscel.
832 2651 876 2694 Ne-

97 2734 134 2775 que
153 2734 202 2762 vero
220 2720 241 2761 in
261 2720 404 2762 sanctissimam
424 2720 478 2761 illam
496 2720 638 2763 contumeliose
659 2721 776 2777 perbacbari
795 2721 873 2763 audeat.

96 2788 156 2830 Absit
171 2789 223 2831 enim
235 2796 255 2831 ut
268 2796 312 2846 post
323 2790 396 2830 editum
414 2789 534 2832 salvatorem
550 2797 584 2831 ant
597 2797 643 2831 ante
656 2798 733 2848 partum
745 2805 817 2847 eorpus
831 2805 874 2832 cum

96 2857 136 2899 ullo
152 2859 281 2900 coniunxisse
296 2858 379 2899 dicatur.

153 2926 209 2969 llaec
219 2927 321 2970 babuimus
332 2941 381 2983 quae
392 2928 442 2984 apud
455 2942 491 2971 nos
503 2929 596 2971 meditata
607 2927 628 2969 in
642 2942 710 2971 eornm
722 2928 804 2984 gratiam
818 2928 875 2972 brevi
904 2944 945 2988 cap,

895 2991 955 3027 XXV·

119 3041 135 3076 5.
148 3043 251 3076 Scribendcm
259 3047 298 3085 pulo
308 3041 338 3077 καὶ
349 3041 366 3077 ἐν
379 3044 427 3088 τιμῇ.
497 3043 513 3079 ἐν
519 3041 611 3099 poparum.

119 3086 135 3121 θ.
147 3090 219 3122 Fortasse
232 3088 474 3132 trieqaoquesertbendumaal
519 3090 535 3124 T
547 3085 626 3125 circellie
637 3092 671 3125 oud
682 3092 733 3125 Poris
745 3092 862 3125 testePetooto.
