1988 3392
132 228 174 269 410
420 236 502 269 σιαανι
513 220 631 269 mmmm

133 313 230 369 θεότητος
242 314 277 368 δν,
293 318 327 358 καὶ
339 315 366 370 μή
379 314 505 369 ἐνδεχόμενον
515 312 566 358 εἶναι
576 314 679 372 ἀλλότριον
689 319 725 371 τῆς
735 315 844 369 θεότητος,
866 317 914 371 βοό-

133 391 209 439 λονται,
232 383 260 436 τίς
274 384 331 428 αὐτοὶ
348 385 439 435 ἐξουσίαν
451 386 527 440 ἔχοντες
541 383 626 428 κελεύειν
639 388 712 439 μᾶλλον
725 388 770 443 θεῷ
783 383 834 441 ήπερ
849 385 915 430 κελεῦ-

133 460 202 507 εσθαι,·
235 455 279 498 Οῦκ
289 453 427 508 αἰσχυνόμενοι
436 453 474 511 γὰρ
485 453 588 511 ἁλλότριον
600 453 622 497 τό
632 458 712 507 πνεῦμα
722 454 807 510 λέγουσι,
822 455 857 498 καί
869 457 916 499 δοῦ-

132 528 179 576 λον,
199 525 234 567 καὶ
252 526 333 576 κτίσμα,
353 524 388 566 καὶ
406 522 535 581 πρόσφατον,
555 525 590 566 καί
608 521 703 578 ποιητόν,
724 523 759 566 καί
774 525 794 566 εἷ’
811 542 829 567 τι
849 525 916 582 ἕτερον

134 593 215 650 αἰσχρόν
226 592 276 649 πρός
286 589 386 635 ὑπόνοιαν
402 594 448 649 περὶ
459 592 522 635 αῦτοῦ
536 592 615 642 ἑαυτοῖς
629 597 701 646 μᾶλλον
712 593 816 636 ἐπινοοῦσι
827 610 915 650 προςτιο-

134 664 235 714 ρίσασθαι.
267 660 338 703 3Ἐπεί
350 655 409 704 οῦνό
423 659 497 715 κόσμος
506 662 552 703 νννὶ
568 660 633 711 οῦτως
646 665 720 715 μᾶλλον
740 663 821 718 πληγείς
838 661 916 719 πληγήν

134 728 215 772 ἁνίατον
231 729 333 781 ἀπιστίας,
353 732 387 772 ἵνα
398 730 460 784 μηδὲν
476 748 494 772 τι
506 732 620 789 παραλείψη
638 728 735 785 ήὰνομία
746 727 759 784 η’
770 729 819 780 τοῦς
833 727 916 788 οἷνθρτί-

134 816 186 847 πονς
201 796 362 858 ἁπολλῦονσατή
375 801 481 857 κακονοίᾳ,
501 796 640 857 καὶοῖπιστίιμ,
660 797 803 857 καὶῦγνωσίηι,
824 797 859 842 οἷα
869 798 917 850 τοῦς

133 864 289 923 α’ποδρὰσαντας
303 871 339 921 τῆς
351 868 395 924 περί
408 866 444 921 τήν
458 866 517 925 ἁγίαν
529 866 601 923 τριάδα
612 870 739 922 βλασφημίας
753 869 782 918 είς
791 869 847 924 ἕτερα
858 867 917 911 πόλιν

134 933 148 991 ή
159 935 210 992 ἁργή
220 937 255 979 καί
265 935 389 991 κακόβουλος
400 937 466 980 ἔννοια
477 937 621 994 περιέσπασεν,
635 938 669 979 ίνα
680 936 748 991 μηδεὶς
757 935 818 980 λοίθοι
829 934 917 993 ἁμαρτό-

134 1022 180 1048 νων.
210 1004 276 1049 Κενόν
292 1004 329 1062 γάρ
344 1023 362 1048 τι
374 1003 443 1049 ἁκαῦω
455 1007 500 1063 περὶ
515 1010 550 1060 τῆς
566 1003 623 1062 ἁγίας
635 1007 719 1063 Μαρίας
732 1009 768 1060 τῆς
781 1003 917 1063 ἁειπαρθὲνον

134 1072 179 1117 τινδι
194 1076 331 1127 διανοεῖσθαι,
352 1076 388 1117 καί
404 1079 477 1130 τολμᾶν
494 1073 613 1130 βλασφημία
631 1092 675 1117 τινα
692 1072 791 1118 ἁπόνοιαν
808 1072 838 1118 ἐπ’
853 1074 918 1130 αῦτήν

135 1142 260 1198 ε’νσιιήπτειν,
282 1145 310 1193 είς
321 1143 343 1186 τό
355 1144 377 1186 ἐκ
388 1143 516 1198 πανταχόθεν
527 1140 578 1186 εἶναι
587 1142 623 1187 τόν
632 1143 704 1200 χρόνον
713 1141 771 1198 ήμσῦν
783 1146 841 1199 δίκην
853 1149 918 1189 κακοῦ

135 1211 202 1265 ῦφτως
213 1214 265 1254 *wal
276 1211 341 1270 θηρός
352 1211 433 1266 ἰοβόλον
446 1213 468 1254 ἒν
477 1210 542 1271 σκότῳ
554 1212 716 1267 ἒμφωλεῦοντος,
731 1213 765 1255 καὶ
778 1218 821 1263 τοῖς
831 1212 918 1270 δήγμασι

134 1280 211 1330 πάντας
222 1280 360 1337 πειρὰζοντος,
375 1280 410 1323 τόν
421 1281 456 1334 μὲν
465 1281 510 1336 περὶ
521 1279 543 1323 τό
554 1280 673 1337 πρόςωπον,
689 1279 747 1324 ῦίλλον
759 1283 804 1338 περί
814 1280 851 1335 τήν
860 1282 918 1339 πτέρ-

134 1367 181 1401 ναν,
197 1350 264 1404 ἕτερον
276 1351 322 1406 περὶ
332 1348 368 1403 τήν
380 1355 444 1404 χεῖρα
460 1351 493 1391 ίνα
505 1350 581 1403 μηδένα
591 1349 652 1392 λόθοι
662 1348 684 1393 τό
695 1352 763 1405 δήγμα
773 1354 809 1404 τῆς
819 1348 918 1403 ἁττιστίας,

135 1416 183 1460 ἁλλὰ
194 1415 206 1460 ό
219 1420 284 1461 δοκιῦν
296 1417 393 1476 ἐντούτῳ
406 1416 529 1473 ἁποδρῦναι,
545 1418 616 1474 ἑτέρως
628 1417 663 1460 τόν
675 1416 706 1460 ἰόν
716 1417 743 1473 μή
753 1417 818 1478 λὰθη,
833 1417 845 1461 δ
857 1419 879 1462 δὲ
897 1420 919 1462 ἔν

134 1485 186 1544 ίίλλῳ
204 1484 252 1543 ῦγιη
267 1488 316 1541 ἔχων
331 1485 368 1541 τήν
382 1488 458 1540 πίστιν,
481 1485 544 1536 ἄλλως
562 1503 606 1536 πως
622 1485 746 1541 βλάπτεσθαι
761 1485 833 1531 ἒαντόν
848 1490 918 1545 προξε·

134 1554 218 1610 νήσειεν.

47 1777 93 1822 Κεφ,
104 1775 126 1816 ς’,
196 1759 268 1803 Πόθεν
277 1758 327 1814 αῦτη
338 1758 351 1814 ή
361 1759 468 1811 κακόνοια,
500 1758 572 1801 Πόθεν
585 1757 778 1813 ήτασαῦτητόλμα,’
810 1760 883 1803 1Αῦτό
896 1759 919 1803 τό

136 1826 200 1881 ῦνομα
212 1828 237 1871 οῦ
249 1835 350 1885 μαρτυρεῖ,
366 1827 391 1870 οῦ
402 1830 468 1870 πείθει
479 1842 511 1879 σε,
526 1821 543 1869 τῦ
555 1825 665 1880 φιλόνεικε,·
698 1829 732 1876 Τίς
743 1844 798 1880 ποτε,
813 1827 859 1882 ήέν
869 1831 919 1887 ποίᾳ

43 1920 77 1949 pag.
88 1913 126 1941 τοτε,
135 1899 194 1954 γενεᾷ
205 1896 311 1950 τετόλμηκε
323 1901 389 1938 καλεῖν
400 1894 422 1937 τό
435 1894 498 1949 όνομα
509 1897 595 1951 Μαρίας
608 1899 645 1948 τῆς
657 1893 725 1950 ἁγίας,
747 1896 781 1937 καὶ
792 1895 920 1951 ἐρωτώμενος

134 1965 173 2007 οῦκ
190 1963 254 2014 εῦθὰς
265 1963 361 2020 ἐπήνεγκε
376 1962 398 2005 τό
403 1998 409 2014 ,
432 1963 552 2020 Παρθένον,
580 1960 613 2013 Ἐξ
631 1962 698 2005 αῦτσῦν
712 1961 750 2018 γὰρ
764 1967 804 2005 ττῦν
819 1964 920 2007 ἐπιθέτων

135 2031 240 2085 όνομοίτων
255 2033 335 2086 καὶτῆς
345 2029 417 2085 ἁρετής
426 2029 537 2083 ὑποφαίνει
548 2029 573 2073 τὰ
582 2030 685 2085 τεκμήρια.
711 2030 826 2085 Ἀξισίματα
835 2032 871 2086 μὲν
881 2031 919 2089 γὰρ

135 2098 249 2154 όνομασιῦν
265 2099 370 2154 εἰλήφασιν
383 2102 404 2141 οί
419 2101 496 2141 δίκαιοι
507 2097 583 2156 ἑκάστω
600 2098 726 2153 πρεπόντως,
748 2099 782 2140 καί
797 2097 825 2149 τίς
841 2098 919 2156 ήρμοζ.

136 2170 213 2227 Καὶτῷ
226 2169 261 2222 μὲν
270 2166 361 2222 Ἁβραὰμ
372 2168 483 2223 προςετέθη
495 2166 518 2208 τδ
532 2170 594 2216 Φίλος
608 2171 671 2218 θεοῦ,
685 2167 720 2208 καὶ
732 2165 758 2209 οῦ
769 2167 920 2222 διαλυθήσεται,

134 2242 162 2294 τῷ
174 2237 195 2279 δὲ
209 2234 282 2290 Ἰακσίβ
293 2235 315 2278 τό
329 2234 407 2290 Ἰσραήλ
418 2240 531 2286 καλεῖσθαι,
551 2235 585 2277 καὶ
597 2234 635 2276 οῦκ
647 2232 813 2290 ἁλλοιωθήσεται,
832 2237 922 2287 καὶτοῖς

135 2303 287 2354 ἁποστόλοιςτδ
301 2304 420 2360 Βοανεργὲς,
440 2303 541 2345 τουτέστιν
554 2303 706 2358 Τίοὶβροντής,
726 2302 809 2347 καὶούκ
819 2302 921 2348 όποκατα-

135 2372 275 2427 λειφθήσεται,
296 2373 331 2414 καί
346 2369 428 2430 τήὰγίμ
441 2374 514 2428 Μαρίᾳ
529 2369 551 2413 τό
566 2372 685 2427 Παρθένος,
706 2373 741 2414 καὶ
755 2371 780 2414 οῦ
793 2373 921 2429 τραπήσεται.

131 2441 240 2497 ’Ἁχραντος
257 2440 295 2497 γὰρ
313 2442 409 2495 διέμεινεν
423 2439 437 2494 ή
453 2438 505 2497 ἁγία,
535 2436 593 2493 Λῦτή
611 2437 625 2494 ή
640 2438 701 2493 φῦσις
716 2440 740 2483 οῦ
754 2441 845 2484 διδάσκει
856 2438 920 2496 ῦμῦς;

131 2510 159 2553 Ὦ
169 2515 240 2565 καινης
253 2512 335 2565 μανίας,
356 2507 460 2552 σ’ίκαινῦν
476 2505 602 2564 πραγμάτων.
634 2507 702 2552 Πολλὰ
711 2510 734 2553 δέ
747 2510 799 2553 ἔστιν
810 2510 866 2566 ἕτερα
877 2509 890 2553 δ
901 2511 922 2554 ἒν

137 2586 178 2630 τοῖς
194 2585 286 2629 παλαιοῖς
298 2577 378 2635 χρόνοις
395 2577 434 2621 οῦκ
449 2576 551 2631 ἐτολμήθη
562 2582 605 2626 τοῖς
617 2577 713 2634 πατρόσν
734 2583 771 2621 νῦν
783 2580 805 2622 δὲ
817 2578 876 2630 ἁλλος
887 2580 923 2635 μὲν

137 2652 252 2706 βλασφημεῖ
262 2650 290 2699 εἰς
299 2648 336 2704 τήν
347 2650 444 2704 ἕνσαρκον
460 2650 549 2703 Χριστοῦ
561 2650 685 2703 παρουσίαν,
705 2649 762 2705 ἕτερα
771 2653 835 2692 λαλῶν
848 2651 876 2700 είς
886 2648 922 2693 αῦ-

137 2718 174 2774 τήν
188 2717 225 2773 τήν
239 2718 335 2773 θεότητα,
358 2716 415 2768 ῦίλλος
433 2716 455 2759 δὲ
465 2718 533 2771 ἐλλιπῆ
544 2722 629 2760 ποιεῖται
645 2718 667 2760 ἐν
681 2717 745 2777 ἑαυτῷ
759 2717 796 2773 τήν
808 2724 844 2774 τῆς
856 2720 923 2774 πόσης

138 2788 238 2845 ἒνσὰρκον
248 2790 359 2845 παρουσίας
371 2788 518 2845 πραγματείαν,
534 2786 600 2842 ἕτερος
611 2785 633 2828 δὲ
644 2788 665 2829 ἒν
675 2791 701 2845 τῇ
712 2784 818 2830 ἁναστὰσει
831 2787 923 2843 ἁσχὰλλει

161 2907 178 2941 3.
186 2907 272 2939 comorius
276 2906 314 2937 λιστα
318 2907 457 2946 ίίαίηλαγατίαλαι
462 2903 518 2944 Quan-
541 2902 646 2947 blasphemia
654 2903 672 2936 in
681 2909 757 2937 sanctam
766 2903 857 2939 ttinitatem
866 2917 922 2939 rursus

138 2952 229 2997 doquidem
239 2950 295 2995 'igitur
306 2951 376 2984 mundus
389 2962 434 2983 nuuc
445 2949 470 2982 sic
480 2960 519 2982 ma·
542 2949 564 2982 ad
570 2949 603 2982 alla
608 2949 666 2988 traxit,
676 2956 696 2982 ut
706 2961 728 2982 ne
735 2949 771 2994 quis
782 2962 854 2995 peccans
863 2951 921 2985 lateat.

137 2999 163 3043 gis
169 2996 289 3030 immedicabili
295 2996 418 3029 incredulitatis
424 2995 474 3040 plaga
481 3007 518 3039 per·
567 2996 582 3028 1.
588 2994 619 3030 ναὶ
627 2997 806 3030 συναναφανεῖσαν,
813 2999 867 3031 colon.
874 3001 922 3039 repet.

139 3056 194 3077 cussus
205 3051 242 3082 est,
254 3050 272 3076 et
281 3043 386 3087 ignorantia,
398 3054 441 3076 vana
453 3048 471 3073 et
480 3040 519 3077 mali
566 3042 606 3074 Οιε.
613 3042 640 3075 Vl.
651 3060 674 3066 ο
692 3042 707 3074 1.
719 3044 775 3075 Malim
784 3044 922 3084 δίελίιιφαατοαατ

139 3090 203 3127 consilii
219 3088 330 3134 intelligentia
349 3089 395 3121 velut
413 3087 493 3133 fugitivos
510 3099 519 3121 a
543 3088 579 3123 edit.
589 3090 640 3130 princ.
650 3083 783 3133 Ho'ffellzfi'mn‘
792 3086 879 3131 κακόνοια,
890 3087 922 3125 πό-
