1988 3392
326 247 384 282 ποια
395 247 483 282 Ριινοιινο
494 247 551 281 νινε
562 245 635 280 νιννοιι.
828 236 869 278 605

87 326 232 366 πάνωνίίονν.-
255 326 266 361 ί.
277 326 294 363 3.
305 327 326 361 ab
335 327 368 361 inf.
379 324 536 374 πλάνητῇνοὲιείᾳ
544 328 587 362 ven.
611 324 656 359 Hinc
664 325 787 360 restituendum
796 325 871 359 fortasse

87 384 166 430 πλανητῇ
178 384 241 431 νοθείᾳ.

134 437 249 489 mm.
271 439 535 486 ί.ι’ν.προςκωμμάτωνδινι.-
557 438 805 486 1.’ί.άπειρώδυνονδοι.-
824 439 870 474 λίθ.

87 498 152 543 ταύτης
162 494 233 543 άπαγορ.
244 499 287 533 Ven.
296 519 319 524 —
341 499 353 532 l.
363 500 389 533 ll.
401 501 484 542 κτίσμασι
493 498 583 543 διδομένην
592 511 658 544 τεκνογ.
670 499 713 532 ven.
722 517 745 525 —
763 498 775 532 l.
785 498 804 532 12
814 503 832 532 et
844 497 869 531 13.

87 553 152 600 πλάνης
163 551 221 591 αύτῶν
231 554 249 591 έν
259 557 304 597 Ven.
315 575 337 582 -
361 555 407 593 1-17.
424 554 501 601 κεφαλήν
516 557 628 602 συνειςβαλεῖν
638 558 680 590 Ven.
693 575 715 581 -
738 555 750 588 l.
758 554 784 590 19.
798 552 870 600 άρρενό-

88 615 138 658 Βηλοι
149 614 191 647 ven.
200 631 223 639 -
240 612 252 646 l.
260 614 289 647 20.
299 613 375 647 nestitae
383 612 439 650 ποθὲν.
448 633 469 640 -
486 613 498 647 1.
504 612 531 648 23.
543 612 622 658 καίφερα
630 613 672 659 (sic)
679 610 727 659 παραὶ
733 609 789 648 πάντα
797 613 841 645 Ven.
848 630 870 637 -

87 671 133 705 125.
145 671 253 717 φρενοβλαβή
266 672 309 705 Ven.
321 690 343 697 -
367 671 433 704 Addam
444 671 462 704 in
473 670 506 704 ύννε
522 682 565 716 quae
575 671 597 704 de
609 671 695 705 Gnosticis
707 670 791 715 excerpsit
800 669 871 703 Nicetas

88 727 169 763 Thesaur.
181 726 253 760 Orthod.
262 727 300 762 Fid.
311 727 340 761 lib.
348 729 377 761 IV.
389 740 425 772 cap.
435 728 452 761 2.
463 725 552 768 Νικάλαός
561 739 597 767 τις,
613 728 687 772 πατρίδα
702 725 758 773 λαχών
768 724 871 772 Ἀντιοχείαν

88 782 119 827 τήν
128 781 171 827 πρὸς
182 782 251 828 Δάφνην
261 785 290 825 (al.
303 784 341 818 cod.
353 782 432 830 Δάφνῃ),
444 783 548 829 προςήλυτος
557 789 593 824 τοῖς
602 781 703 824 ἀποστόλοις
713 783 789 828 ἐγένετο,
802 782 832 818 καί
843 785 872 818 δε-

89 838 160 885 ξάμενος
169 838 202 885 τήν
213 840 238 880 εἰς
248 839 324 885 Χριστὸν
334 839 432 888 πίστιντήν
442 842 476 877 τῶν
490 842 549 887 χηρῶν
563 840 658 885 ἐπιμέλειαν
668 840 767 876 πιστεύεται
779 840 808 884 (al.
819 838 872 883 ἐμπι-
938 880 941 882 ,

89 894 175 942 οτεύεται)
186 896 217 932 καί
228 894 267 941 μεὲί
278 897 340 942 ἑτέρων
347 897 377 939 ἓξ,
394 891 418 933 οἷν
427 898 443 933 οἱ
453 894 547 942 άκρέμονες
556 897 640 936 Φίλιππος
652 896 662 933 ὁ
672 895 772 941 Σαμάρειαν
782 895 807 936 εἰς
815 895 872 931 πίστιν

89 951 193 999 μετενεγκών
203 953 234 989 καί
245 953 330 1000 βαπτίσας
340 953 444 998 Κανδάκην,
461 954 491 995 καί
501 954 592 999 Στέφανος
606 951 615 989 ὁ
625 955 692 997 πρῶτος
702 952 720 989 ἐν
730 951 809 998 μάρτυσι.
832 950 872 988 Γύ·

88 1022 132 1047 ναιον
143 1009 163 1046 δὲ
174 1009 218 1056 ἔχων
233 1010 262 1056 (al.
274 1007 340 1057 αύχῶν)
353 1008 419 1050 εύειδές
427 1008 458 1054 τήν
470 1006 510 1052 ὄψιν
521 1009 543 1045 τά
556 1008 586 1054 μὲν
596 1010 657 1054 πρῶτα
667 1008 786 1054 ἐνεκρατεύετο
797 1005 826 1045 ἄπ’
837 1005 870 1044 αύ-

88 1067 127 1108 τού,
145 1064 183 1102 εἶτα
192 1063 242 1102 πάλιν
250 1064 301 1112 αύτῷ
314 1067 414 1112 συνεγίνετο.
433 1063 500 1111 Ἔλεγε
510 1065 530 1103 δὲ
542 1064 577 1110 ὦς,
594 1066 610 1101 εἰ
620 1065 645 1111 μή
657 1078 683 1106 τις
694 1064 734 1102 καῪ
744 1064 819 1111 ἑκάστην
828 1063 872 1102 ἄκο-

88 1122 184 1164 λασταίνει,
202 1119 234 1158 ούκ
250 1118 270 1158 άν
283 1121 390 1164 έπιτεύξεται
399 1124 431 1167 τῆς
443 1121 490 1167 ζιύης
504 1123 577 1158 αἰωνίαν.
600 1120 693 1158 Ἐντεύὲεν
704 1116 733 1157 ούν
743 1120 847 1167 έπηύξηνται
857 1123 873 1157 οἱ

88 1177 122 1216 άπὸ
134 1179 215 1224 Σιμῶνος
224 1177 247 1215 τά
258 1178 347 1223 σπέρματα
357 1177 446 1224 δεξάμενοι
454 1179 471 1213 Γ
471 1179 556 1214 νωσιικοί.
577 1172 612 1213 Ὧν
623 1179 639 1214 οἱ
651 1178 681 1223 μὲν
692 1175 735 1214 άλλα
745 1178 821 1223 ἐλήρουν,
834 1178 873 1213 ἔνιοι

90 1235 109 1272 δὲ
120 1234 151 1270 καί
161 1234 256 1279 Προύνικον
273 1233 344 1279 σ’νύματι
358 1234 431 1281 γυναῖκά
441 1247 479 1270 τινα
489 1234 561 1279 ἐτίμων,
580 1234 610 1270 καί
620 1233 652 1279 τήν
663 1233 728 1279 ταύτης
742 1234 813 1279 δύναμιν
823 1234 840 1270 ἐν
849 1233 873 1280 τῇ

90 1292 132 1338 γονή
139 1289 141 1292 ’
149 1290 180 1327 καί
193 1295 229 1331 τοῖς
245 1291 357 1336 καταμηνίοις
371 1291 448 1336 ἐτόλμων
465 1291 529 1337 λέγειν·
547 1287 594 1327 ἄλλοι
609 1291 628 1327 δὲ
640 1292 671 1327 καὶ
681 1292 774 1328 Καυλακᾱν
786 1290 872 1334 ἐδόξαζον.

86 1346 140 1384 Ἔστι
151 1347 171 1385 δὲ
182 1349 236 1384 ταύτα
246 1348 302 1385 πάντα
310 1346 418 1394 ήδυπάῇειαν
430 1349 534 1394 σημαίνοντα
543 1347 575 1385 ύπύ
587 1349 657 1385 τουτωνί
666 1349 701 1384 τιύν
711 1347 743 1395 τήν
753 1349 872 1396 αἰσχρουργίαν

88 1405 176 1451 τιμώντων
187 1405 304 1452 ἐφευρημένα.’
324 1405 350 1442 Τὸ
361 1404 393 1451 γάρ
404 1403 499 1450 Προύνυιος
509 1407 598 1446 συνουσίας
608 1406 646 1442 ἐστί
657 1405 764 1443 ἐνδεικτικόν.
786 1403 829 1442 Ἐπί
839 1406 872 1452 γάρ

89 1463 123 1499 τῶν
139 1461 162 1498 τά
179 1461 252 1508 σώματα
269 1461 400 1508 διακορούντων,
418 1460 551 1507 Ἐπρουνίκευσε
566 1464 595 1509 (al.
612 1461 764 1508 Ἐπρουνίκευσαν)
775 1461 839 1508 τήνδε,
857 1463 873 1499 οί

85 1516 172 1565 Ἕλληνες
184 1519 247 1565 ἔλεγον.
271 1519 297 1556 Τὸ
309 1520 329 1558 δὲ
338 1520 431 1557 Καυλακάν
447 1521 477 1565 (al.
489 1522 585 1567 Καυλικᾶν)
601 1521 659 1561 καλῶς
674 1519 705 1565 μὲν
717 1520 779 1567 έρρέὶλη
790 1518 830 1566 παρ’
839 1519 873 1557 Ἑ-

90 1578 164 1626 βραίοις,
181 1576 228 1624 παρά
241 1577 262 1616 δὲ
276 1583 312 1620 τοῖς
321 1579 338 1614 Γ
338 1582 427 1619 νωστικοῖς
442 1578 519 1625 αἰσχρούς
529 1579 637 1625 μετελήφλη.
660 1576 692 1615 Ἐν
702 1577 736 1625 γάρ
745 1580 769 1626 τῇ
780 1578 801 1627 ιβ’
813 1577 873 1625 ὁράσει

89 1638 118 1674 τοῦ
128 1634 216 1683 προφήτου
225 1635 293 1682 Λανιήλ
302 1633 373 1683 εύρηται
384 1632 449 1678 οὕτως·
466 1637 560 1675 Σανλασοίν
572 1635 668 1681 σαυλασάν,
681 1636 768 1674 καυλακάν
779 1637 872 1683 καυλακάν,

89 1690 128 1739 ήτοι
138 1695 201 1738 θλίψις
212 1693 240 1731 ἐπί
250 1694 317 1739 θλίψει,
330 1694 378 1736 ἐλπίς
388 1692 414 1731 ἐπ’
425 1695 485 1732 ἐλπίδι.
509 1694 622 1741 Πολυύνυμοι
632 1695 653 1732 δέ
662 1695 704 1732 εἰσιν
715 1697 730 1732 οἰ
739 1696 837 1733 Γνωοτικοί
844 1690 873 1733 ού·

89 1764 120 1789 τοι.
144 1753 167 1788 Οί
178 1751 209 1797 μἐν
222 1751 255 1799 γὰρ
268 1752 377 1799 Βορβοριανοί
392 1755 482 1790 καλοῦνται
498 1752 528 1790 διά
541 1752 571 1790 τὸν
587 1753 686 1800 βορβορώδη
698 1753 763 1790 ἑαυτῶν
778 1754 813 1801 βίον
825 1755 872 1800 (cod.

89 1810 157 1854 Μονείλ.
171 1809 200 1846 τὸν
213 1809 304 1858 βάρβαρον,
325 1811 390 1844 omissis
402 1822 445 1856 quae
462 1818 554 1856 sequuntur
572 1811 637 1847 ἑαυτῶν
653 1811 709 1859 βίον),
726 1813 742 1848 οί
753 1811 873 1849 δὲΚοδιανοί·

90 1864 134 1904 κύδα
148 1866 182 1912 γάρ
196 1867 264 1912 λέγεται
279 1867 326 1912 παρά
342 1866 407 1913 Σύροις
418 1866 431 1914 ή
442 1868 526 1914 παροψὶς·
543 1866 577 1905 ἀπὸ
593 1869 623 1904 τού
635 1866 699 1909 πάντας
713 1866 841 1914 άποτρέπεσὲαι
851 1868 871 1905 τὰ

91 1921 127 1970 μετ’
138 1921 195 1960 αύτῶν
207 1923 270 1961 ἐσθίειν
283 1924 312 1962 διά
322 1923 351 1962 τᾶν
363 1921 414 1971 άκρον
425 1925 520 1971 μολυσμὸν·
539 1927 555 1962 οἱ
565 1926 585 1962 δὲ
595 1926 625 1962 καί
635 1926 737 1973 Βορβορίται
746 1926 794 1973 (σού.
804 1927 872 1961 Μονολί.

91 1981 210 2030 Βορβολίται),
228 1982 259 2019 καί
273 1983 404 2029 Σεκουνδιανοί,
422 1983 452 2019 καλ
469 1984 589 2029 Σωκρατῖται,
607 1983 637 2019 καί
652 1982 742 2031 Ῥακχαῖοι
757 1980 872 2029 σ’νομάζονται.

86 2035 163 2086 Ἔχουσι
173 2039 193 2076 δὲ
204 2038 239 2081 τάς
245 2044 326 2086 γυναῖκας
337 2040 404 2084 κοινάς,
421 2040 452 2077 καί
461 2040 481 2077 τύ
491 2039 550 2086 πάσης
561 2041 681 2087 αἰσχρουργίας
690 2040 720 2077 καί
728 2040 839 2086 μιαρωσύνης
850 2038 872 2079 οἷ·

90 2094 172 2142 νιίτερον,
189 2095 210 2133 ου’
220 2099 336 2144 συγχωροῦσιν
349 2098 366 2134 ἐν
378 2099 401 2145 ιή
412 2098 457 2143 μίξει
471 2096 491 2134 τύ
502 2098 570 2143 σπέρμα
585 2099 715 2143 καταβληῇῆνοιι
726 2099 751 2139 εἰς
761 2098 793 2145 τήν
805 2098 872 2144 μήτραν

90 2155 123 2199 τῆς
133 2153 222 2200 γυναικὸς,
234 2150 315 2200 ήπεσεῖν
327 2155 352 2196 εἰς
361 2155 393 2200 τήν
405 2156 447 2202 γῆν,
465 2152 501 2192 ἀλλ’
513 2154 667 2203 ὑπολαμβάνοντες,
679 2160 718 2196 ταῖς
728 2156 778 2203 χερσί
789 2154 830 2192 ποτὲ
841 2156 872 2201 μὲν

91 2210 177 2256 έσδίουσι,
194 2211 235 2249 ποτὲ
245 2212 265 2249 δὲ
277 2212 398 2258 φυλάττοντες,
414 2213 479 2261 καὶτῷ
492 2214 552 2259 αῗματι
563 2213 649 2259 μιγνύντες
657 2214 691 2249 τῶν
703 2214 802 2260 γυναικείων
811 2214 872 2260 ἐμμή-

91 2281 133 2312 νων,
151 2271 225 2317 χριύνται
240 2267 278 2307 άντί
289 2271 392 2316 μυστηρίων.
411 2270 469 2308 Ἐίδὲ
480 2270 525 2317 λάὶιη
536 2269 589 2307 πεσὸν
602 2271 626 2311 εἰς
636 2270 668 2316 τήν
679 2271 746 2318 μήτραν
755 2272 786 2307 καί
797 2271 873 2317 ἐγκυμο-

91 2330 117 2362 νεῖ
124 2325 138 2372 ή
144 2325 194 2372 γυνή,
206 2326 225 2364 τί
235 2327 294 2374 τεχθὲν
304 2325 367 2364 αύτίκα
373 2327 484 2374 λαμβάνουσι,
496 2327 527 2364 καί
533 2329 608 2376 ξλλῶντες
617 2328 634 2365 ἐν
645 2324 694 2375 ὅλμῳ
705 2327 801 2374 μιγνύουσιν
811 2329 872 2376 ἐκείνῳ

92 2383 130 2428 μέλι
139 2384 170 2421 καί
179 2385 235 2429 πίπερι
245 2385 277 2421 καί
288 2383 335 2431 μύρά
346 2398 393 2431 τινα,
411 2386 441 2422 καί
450 2384 513 2426 πάντες
522 2382 575 2421 αύτού
585 2384 675 2431 γενόμενοι
686 2387 712 2433 τῷ
722 2385 814 2434 δακτύλῳ,
832 2386 873 2425 Ed-

91 2443 213 2487 γαριοτούμεν,
225 2442 288 2488 φασίν,
301 2440 310 2479 ὁ
323 2442 373 2485 θεὸς,
391 2440 418 2481 ’άτι
427 2439 459 2480 ούκ
468 2442 593 2489 ένεπαίχὲημεν
606 2441 639 2479 ύπὸ
649 2440 778 2490 τού”Αρχοντος
788 2447 821 2490 τῆς
834 2445 872 2482 ἐπι-

92 2497 165 2544 θυμίας,
182 2497 233 2536 α’λλάΙ
242 2500 353 2546 συνελέξαμεν
368 2499 388 2537 τί
404 2500 513 2545 παράπτωμα
523 2501 553 2536 τοῦ
570 2497 652 2545 α’δελφού.
676 2501 711 2536 Καί
727 2503 777 2537 τοῦτο
791 2501 873 2548 ήγούνται

91 2553 157 2602 Πάσχα
167 2556 235 2593 τέλειον.
247 2577 278 2587 —v
291 2557 303 2591 l.
311 2559 327 2593 5.
337 2559 358 2593 ab
368 2557 399 2592 inf.
416 2557 524 2595 διδασκάλων
533 2559 575 2591 Ven.
588 2577 610 2583 -
633 2557 644 2592 l.
653 2555 669 2592 4.
678 2558 700 2591 ab
709 2557 741 2592 inf.
753 2560 820 2605 χείρους
830 2562 873 2595 ven.

92 2630 113 2638 ·-
125 2613 161 2649 λδ.
173 2614 195 2648 οἰ)
206 2615 238 2648 inf.
251 2614 333 2660 ἐκέκτητο
344 2617 386 2651 Ven.
398 2635 422 2642 -
444 2615 479 2651 1.2.
492 2616 513 2649 ab
525 2615 556 2648 inf.
567 2610 679 2654 Βασιλείδους
689 2617 730 2650 Ven.
742 2634 766 2642 —
789 2617 831 2653 lbid.
843 2618 873 2654 καί

92 2668 121 2704 τοῦ
132 2670 162 2706 τού
174 2671 230 2716 Καρττ
242 2673 286 2706 ven.

137 2728 192 2775 1²33.
199 2730 250 2766 204.
272 2730 285 2762 l.
293 2731 309 2764 5·
321 2725 378 2769 ἄλλοις
389 2728 477 2776 βούλεται,
489 2729 518 2766 τύυ
529 2731 571 2763 Ven.
583 2748 606 2755 -
629 2729 641 2764 ί.
648 2731 664 2766 7.
676 2727 820 2778 ὑπερβεβηκότων
829 2734 872 2766 Ven.

74 2831 76 2834 Ι
92 2781 137 2818 L12.
149 2785 246 2830 φησίνοννν.
259 2787 301 2819 Ven.
315 2805 336 2812 -
358 2786 369 2819 ἰ.
380 2787 407 2821 13.
418 2788 452 2820 Pro
463 2786 504 2832 ἔσχε
513 2787 531 2820 in
541 2788 577 2819 Bas.
589 2793 615 2819 est
626 2786 679 2833 ἔσχει.
690 2807 713 2814 -
736 2788 785 2823 ί.18.
802 2790 872 2833 Βοροννο

93 2834 129 2874 ύπδ
140 2842 175 2877 τῶν
185 2840 270 2887 Ἀγγέλων
286 2841 376 2887 γινομένων
391 2855 412 2876 ex
427 2844 470 2877 Ven.
481 2863 504 2869 -
525 2843 537 2875 l.
548 2843 630 2877 ‘zo-23.
642 2844 699 2878 Verba
713 2842 872 2889 έλενλερωὶλείσαή

93 2891 138 2940 αύτή
150 2897 199 2944 ψυχή
211 2918 222 2923 -
231 2918 242 2924 -
253 2917 262 2923 -
274 2896 304 2934 διά
314 2899 374 2934 πασῶν
384 2900 419 2935 τῶν
429 2898 506 2944 πράξεων
518 2899 578 2933 omissa
589 2906 629 2933 sunt
640 2899 658 2934 in
669 2902 711 2935 Ven.
722 2921 745 2928 -
767 2901 815 2936 1.26.
827 2914 872 2946 πρα-

94 2950 148 2992 ξάσας
159 2966 193 2988 om.
207 2957 247 2989 Ven.

139 3010 193 3058 rag.
200 3013 252 3049 2⁰6.
268 3012 280 3046 1.
286 3012 303 3047 8.
314 3011 391 3057 Μαγείαι
399 3010 432 3057 γάρ
440 3025 458 3048 π.
469 3011 526 3052 αύτοίς
534 3010 649 3058 ἐπινενάηνται
655 3016 698 3049 Ven.
707 3032 730 3040 -—
746 3014 757 3047 l.
766 3016 792 3050 10.
804 3015 872 3062 φίλτρον

93 3063 136 3099 Ven.
148 3085 170 3093 -
193 3068 204 3102 l.
214 3070 240 3102 15.
257 3066 361 3115 κατισχύσαι
370 3068 399 3105 διά
409 3070 443 3106 τῶν
453 3068 531 3107 τοιούτων
542 3071 584 3105 Veu.
592 3087 614 3096 ·-
637 3071 648 3107 1.
657 3069 685 3107 24.
696 3068 791 3116 α’νηκέστου
798 3074 843 3108 Ven.
850 3094 873 3102 -

93 3120 104 3154 ί
115 3123 197 3162 26-27.
213 3126 270 3163 Verba
281 3125 374 3172 ἐκκλησίας
388 3126 470 3171 τοιούτοις
479 3147 490 3155 -
498 3147 508 3156 -
517 3147 529 3154 -
538 3125 571 3165 α’πύ
583 3129 617 3174 τῆς
628 3129 658 3165 τού
672 3129 713 3165 Ξεού
729 3129 790 3167 σινοίατο
800 3132 819 3167 in
829 3133 873 3170 Ven.
