1988 3392
261 226 353 263 niutau
365 227 407 261 nin.
415 227 445 262 nr.
457 220 533 262 roms.
544 224 612 260 naua.
619 223 701 260 cxxvi.
832 216 873 260 261

87 309 177 368 genitum
188 317 228 353 est.
259 309 395 366 Quamobrem
412 323 460 352 vera
476 324 499 351 ao
511 310 604 363 sincera,
626 322 684 365 quam
702 308 750 351 deus
763 306 876 351 hominibus

87 379 211 435 impertitur,
228 379 359 434 intelligentia
371 379 560 420 consubstantialem
571 392 617 421 esse
628 377 679 435 patri
691 377 751 419 lilium
762 377 875 433 profitetur,

88 446 142 487 nesi
154 446 255 488 dissimilis
271 446 317 488 illos
329 446 429 488 essentiae
441 447 561 496 constituat,
582 445 723 488 excellentiori
735 445 764 486 illi
776 459 798 486 ac
809 446 876 487 since·

87 513 179 555 rissimae
192 514 309 570 perfectioni
320 514 424 557 divisionis
437 513 510 569 aliquid
522 514 610 556 inducat.
642 512 694 555 Cum
704 513 738 554 ille
750 513 802 568 ipse,
819 513 876 554 cuius

87 580 126 622 ista
141 581 238 623 beneficio
254 581 350 638 percipit,
374 596 384 622 a
401 582 493 637 genitore
509 595 532 623 re
549 578 598 623 uera
613 581 639 623 sit
655 581 746 638 genitus,
769 587 789 623 et
803 580 876 621 intelli-

87 649 173 707 gentiam
184 664 276 705 omnem,
293 665 340 709 prae
356 650 476 694 excellentia
487 664 536 703 sua,
553 650 596 692 sine
608 649 648 693 ulla
659 648 810 707 comparatione
820 655 876 691 tran-

89 722 179 764 scendat.
693 711 694 714 ¹

145 791 199 834 Aetli
212 790 277 848 Caput
286 789 347 835 XlV.
380 789 402 834 Si
418 791 508 848 ingenita
519 797 590 834 natura
606 790 731 847 generationi
747 789 829 833 minime
842 804 875 832 ee-

87 860 132 911 dat,
154 861 249 902 hahemus
263 861 314 915 quod
326 860 426 901 volumus.
458 859 495 901 Sin
509 859 633 914 generationi
645 861 715 912 cedat,
737 859 874 915 generationis

88 927 205 969 affectiones
220 928 286 969 diviua
302 928 413 968 substantia
428 927 585 982 praestantiores
601 934 667 968 erunt.

146 992 229 1036 Conlut.
242 993 303 1035 XlV.
320 992 338 1035 Ι.
348 992 401 1035 Εεεε
412 993 489 1049 aliquas
499 994 519 1035 in
531 993 568 1034 tleo
578 993 695 1034 affectiones
706 994 781 1044 dicere,
792 993 875 1035 saerile-

88 1076 134 1116 gum
147 1068 209 1104 estet
220 1061 309 1118 impium.
341 1060 436 1103 Divinum
452 1061 523 1117 quippe
537 1075 609 1103 numen
623 1061 682 1103 nullis
695 1068 726 1103 est
738 1060 876 1102 affectionibus

88 1130 209 1186 obnoxium,
232 1137 252 1173 et
271 1130 301 1175 his
316 1130 408 1173 ominibus
425 1130 517 1188 superius
535 1137 566 1173 εει
583 1144 633 1188 quae
651 1130 746 1188 peculiari
762 1129 877 1186 cognitione

89 1215 113 1245 ao
125 1202 247 1259 cogitatione
262 1201 456 1260 comprehendimus.
488 1200 557 1258 Quare
573 1201 625 1258 quod
641 1200 738 1244 abactio
753 1201 875 1258 propositum

88 1279 131 1325 est,
155 1272 244 1315 funditus
262 1279 373 1315 evertetur.
410 1270 464 1314 Nam
481 1285 532 1328 quae
549 1271 606 1314 nohis
625 1287 669 1314 cnm
685 1271 792 1314 affcctione
810 1271 876 1327 aliqua

88 1340 213 1396 contingunt,
230 1342 267 1382 deo
279 1341 323 1383 sine
337 1341 375 1382 ulla
388 1334 495 1382 affectione
508 1341 638 1383 conveniunt.
669 1339 771 1397 Siquidem
784 1340 805 1381 in
817 1339 875 1382 nobis

89 1409 140 1449 velle
155 1408 220 1463 ipsum
236 1409 307 1464 partim
324 1408 404 1449 affectio
417 1409 512 1462 quaedam
523 1415 567 1460 est,
590 1423 629 1449 non
640 1408 728 1464 exempli
738 1422 810 1449 caussa
822 1409 875 1449 velle

87 1474 141 1530 pium
152 1488 198 1516 esse
210 1476 268 1527 dico,
291 1475 326 1516 sed
339 1474 412 1529 aliquid
424 1476 521 1525 eiusmodi
532 1475 584 1516 velle
597 1477 664 1516 lacere
678 1476 728 1530 qnod
742 1482 825 1516 naturae
842 1490 875 1517 ea-

88 1548 141 1597 ptum
153 1549 246 1599 superat,
263 1556 287 1584 eo
300 1543 352 1598 quod
365 1542 462 1584 voluntati
473 1542 555 1597 obsequi
566 1542 646 1584 minime
662 1542 772 1599 possimus,
788 1543 875 1584 velutin

87 1610 167 1654 hormino
181 1610 263 1665 volare,
284 1611 353 1653 autin
371 1615 437 1653 adrem
454 1611 514 1663 ferri,
537 1617 572 1653 aut
588 1611 680 1669 profundi
691 1625 754 1654 venas
769 1611 873 1668 indagare,

87 1690 154 1725 terrae
171 1682 251 1726 fundum
266 1682 401 1739 investigare,
424 1688 443 1725 et
455 1682 474 1724 it
487 1696 551 1739 genus
566 1682 611 1726 alia.
643 1680 742 1740 Quicquid
752 1689 818 1726 autem
830 1697 874 1726 oum

88 1752 153 1809 aliqua
162 1753 268 1795 affectione
278 1760 361 1795 naturae
373 1766 430 1794 meae
440 1752 522 1794 insitum
536 1760 579 1805 est,
610 1753 657 1795 illud
668 1767 726 1795 omne
737 1753 787 1795 eitra
797 1754 875 1810 passio-

88 1837 133 1865 nem
146 1823 200 1865 inest
212 1822 233 1864 in
245 1823 291 1864 deo.
315 1820 368 1864 Hinc
381 1821 475 1877 estquod
488 1835 623 1878 quaecumque
636 1823 680 1865 vult
691 1822 788 1878 perlicere
799 1830 873 1879 potest,

89 1892 182 1946 quoniam
195 1898 265 1932 natura
277 1891 321 1931 eius
331 1889 428 1933 voluntati
440 1904 479 1931 uon
491 1891 612 1943 reluctatur,
635 1899 703 1933 nostra
719 1906 768 1933 vero
783 1891 804 1932 in
817 1891 874 1933 uobis

86 1958 135 2013 ipsis
147 1965 255 2012 repugnat,
277 1959 356 2011 quoties
368 1958 470 1999 voluntate
481 1958 506 1998 ad
517 1959 536 1999 id
548 1959 669 2000 intendimur
679 1960 730 2013 quud
740 1960 783 2000 lieri
794 1959 875 2000 omnino

87 2038 127 2065 non
140 2031 214 2079 potest.
246 2023 322 2065 Verum
335 2025 387 2078 qnod
400 2025 458 2082 deum
470 2024 557 2066 diximus
569 2038 620 2078 qnae
632 2026 681 2066 velit
691 2026 756 2066 omnia
770 2027 874 2082 perlicere,

41 2112 43 2115 v
88 2098 170 2133 nonest
182 2091 233 2147 quud
244 2091 315 2147 aliquis
331 2090 412 2132 obiiciat
425 2091 492 2132 facere
503 2091 557 2133 illum
572 2092 631 2133 etiam
644 2106 694 2147 quae
705 2093 770 2134 minus
782 2094 873 2135 deceant.

87 2159 219 2219 Nequaquam
230 2174 287 2204 vero.
318 2158 371 2203 Nam
387 2159 421 2202 illa
436 2159 479 2204 vult
495 2174 545 2218 quae
561 2174 584 2203 re
595 2161 637 2218 ipsa
653 2160 713 2215 lacit,
735 2161 814 2204 ratione
825 2175 874 2205 suae

88 2232 189 2290 dignitatis
207 2232 285 2286 habita,
308 2232 358 2275 adeo
374 2239 396 2274 ut
412 2245 477 2289 neque
493 2232 587 2289 potestati
601 2234 706 2288 voluntas,
723 2248 788 2290 neque
802 2233 874 2277 volun-

87 2303 123 2345 tati
142 2303 168 2345 sit
186 2303 288 2345 contraria
307 2310 408 2359 potcstas3
431 2317 471 2344 uon
487 2303 538 2358 quod
560 2304 626 2345 lacere
646 2311 744 2360 nequeat,
766 2304 802 2346 sed
822 2304 874 2360 quod

87 2386 127 2414 nou
142 2372 210 2414 libeat.

142 2437 174 2481 ll.
198 2437 307 2481 Praeterea
318 2446 421 2495 postquam
434 2439 480 2482 talis
496 2447 527 2481 est
538 2441 664 2483 affectionum
680 2441 700 2483 in
717 2442 754 2483 deo
767 2441 875 2483 constituta

88 2509 191 2559 vacuitas,
212 2522 255 2548 cum
273 2509 294 2549 in
312 2508 369 2549 nobis
382 2508 494 2562 ceterisque
506 2509 579 2549 creatis
592 2509 652 2550 rebus
663 2511 732 2551 cadom
743 2510 777 2551 illa
788 2523 832 2550 cum
844 2510 874 2550 af-

87 2575 206 2616 fectionibus
222 2575 327 2615 coniuncta
344 2574 396 2624 sint,
417 2574 434 2614 si
446 2575 470 2614 ad
480 2575 534 2616 illum
547 2577 625 2616 modum
639 2577 736 2632 quippiam
748 2577 814 2616 animo
826 2590 874 2617 con-

87 2642 184 2700 cipiatur,
205 2641 243 2684 alia
259 2655 330 2683 rursus
346 2642 426 2684 affectio
445 2656 472 2684 ex
488 2643 518 2684 rei
532 2643 616 2685 veritate
632 2644 744 2687 confitenda
759 2643 832 2696 fuerit,
854 2651 875 2686 et

88 2720 133 2772 post
150 2712 200 2756 lianc
215 2712 278 2771 ipsam
291 2710 366 2765 altera,
389 2710 486 2770 tertiaque
501 2711 599 2756 similiter.
630 2711 676 2756 Nos
687 2713 764 2771 quidem
778 2730 818 2759 uon
830 2715 874 2759 siue

88 2785 194 2828 affectione
206 2797 325 2841 generamus
339 2790 373 2825 aut
389 2783 501 2840 gignimur,
525 2791 630 2843 propterea
647 2786 699 2843 qnod
716 2794 787 2830 natura
805 2794 874 2831 nostra

88 2863 239 2911 ceterarumque
250 2869 317 2897 rernm
329 2867 379 2910 quae
391 2854 476 2910 gignunt
488 2863 522 2897 ant
535 2855 559 2897 ab
570 2855 614 2897 aliis
626 2857 735 2912 gignuntur
748 2858 873 2915 partitionem

88 2924 184 2974 adurittit,
200 2938 223 2966 ao
236 2924 389 2979 proflueusest,
411 2925 560 2976 etcollutatur,
583 2926 762 2979 autcontralritur,
783 2934 803 2968 et
815 2928 873 2970 molis

87 2993 231 3035 incrementum
243 2992 275 3034 vel
287 2991 436 3035 diminutionem
451 2992 531 3049 patitur,
547 3008 571 3035 ac
582 3000 650 3036 cetera
661 2995 680 3037 id
690 3009 754 3050 genus
765 3009 815 3055 quae
828 3003 872 3041 cnm
