1988 3392
242 243 335 277 ennean
346 244 389 278 LIB.
400 244 431 278 ΙΙΙ,
442 243 497 279 ΤΟΜ.
507 246 521 278 Ι,
533 244 602 278 ΗΔΕΒ.
612 244 669 277 Lxx.
822 236 850 277 35

64 323 121 368 riade
132 335 189 366 suus.
219 322 306 365 Restant
326 336 353 366 ex
370 324 445 380 epactis
462 324 501 367 illis
520 324 563 367 dies
575 320 617 375 Vl,
634 322 696 366 horae
707 320 791 376 XVlll‚
808 322 852 378 qui-

64 393 101 435 bns
113 388 160 433 Vll.
179 405 244 433 anuas
260 391 350 433 undenos
366 391 422 444 dics,
444 392 503 435 boras
521 399 562 435 tres
578 391 654 433 adiicit.
690 389 753 433 Fiunt
768 398 851 448 epactae

65 456 152 512 XVlll‚
173 456 308 502 boranXl.
340 458 393 502 Tum
406 458 465 503 tht.
477 476 530 503 anuo
543 458 575 503 Xl
589 474 660 502 rursus
672 459 742 501 diebus
757 459 852 516 horisque

65 528 127 571 tribus
136 522 242 582 adiunctis,
259 526 310 571 Vlll
321 536 342 570 et
351 526 396 571 XX
404 529 490 582 dierum,
506 538 566 588 atque
577 530 671 571 bonarum
682 527 758 572 XXlV
768 538 852 587 epactae

65 598 194 653 colliguntur,
216 598 277 639 borae
294 598 337 640 dies
354 598 460 641 conficiunt
471 599 533 652 duos,
554 599 587 654 qui
597 595 693 640 XXVlll
705 598 744 640 illis
756 612 851 641 anirume·

65 666 102 711 rati
114 663 180 708 XXX
192 666 234 709 dies
247 665 322 710 solidos
335 666 442 724 complent.
473 665 541 723 Quare
554 664 614 710 Vlll.
626 681 679 710 anno
688 664 756 709 XXX
768 667 810 710 dies
821 667 852 709 in-

66 734 197 788 tercalautur,
219 742 238 777 et
254 734 354 778 biennium
371 736 421 792 istud
433 736 521 779 mensem
535 736 594 780 babet
611 752 683 789 unitim,
705 736 795 793 adeoque
810 744 852 778 tota

65 805 98 848 illa
112 804 205 862 periodus
222 806 343 848 octae'terica
355 805 398 848 dies
409 805 447 848 sibi
459 807 552 849 vendicat
563 804 616 860 XC,
641 807 674 863 qui
686 820 767 849 menses
776 806 852 849 solidos

66 874 152 917 efficiunt
162 872 204 928 lll3
218 874 309 917 nimirum
320 874 389 931 primis
398 874 475 917 dnobus
488 875 579 918 trienniis
588 875 672 932 singulis
683 890 771 918 mensem
783 889 851 928 unum,

66 943 146 986 biennio
157 943 225 987 itidem
238 951 335 1000 sequente
346 957 436 985 mensem
447 958 516 986 riuum.
548 942 570 985 ln
583 943 613 986 liis
626 944 689 987 tribus
700 944 853 987 intercalaribus

66 1012 180 1065 mensibus,
202 1012 235 1068 qui
253 1011 325 1068 triplici
340 1012 373 1054 illa
385 1012 460 1055 dierum
474 1013 593 1055 collectione
606 1020 710 1066 coristant,
733 1011 852 1056 ludaeorum

66 1080 155 1132 Pascha,
173 1095 184 1123 a
195 1078 354 1123 Christianorum
370 1088 522 1137 ceterorumque
532 1080 632 1123 Pascbatc
642 1082 744 1123 diversum
753 1089 793 1124 est.

124 1148 243 1192 llaecsunt
257 1149 276 1191 in
290 1149 360 1205 quibus
374 1149 461 1192 Audiani
472 1150 497 1192 ab
511 1150 596 1192 ecclesia
609 1150 740 1201 dissentiunt,
761 1165 819 1205 quem
832 1151 852 1192 in
861 1157 958 1202 capnt.

66 1231 155 1260 errorem
173 1217 227 1259 viros
243 1217 325 1273 perinde
337 1232 360 1259 ac
373 1217 467 1259 mulieres
479 1217 585 1269 inducunt,
608 1219 653 1260 darm
664 1219 702 1261 bac
711 1218 732 1260 in
744 1225 800 1274 parte
810 1219 853 1273 glo-

67 1286 144 1328 riantur
153 1285 216 1328 veteri
226 1299 249 1329 se
263 1284 364 1328 traditioni
375 1293 396 1328 et
407 1286 541 1342 apostolorum
552 1286 638 1328 decretis
651 1285 753 1338 insistere,
767 1300 811 1328 crim
823 1286 853 1328 in·

67 1354 125 1396 terim
138 1354 185 1396 nibil
199 1354 236 1397 boc
247 1355 267 1396 in
279 1354 359 1410 negotio
372 1355 489 1410 castigatum
501 1362 655 1411 accuratnmqnc
668 1362 762 1408 teneant,
785 1369 811 1397 nc
820 1369 854 1397 se·

67 1422 132 1464 dnlam
143 1422 196 1465 illam
214 1422 348 1480 apostolorum
359 1422 380 1464 in
392 1423 428 1465 bae
439 1423 588 1465 Constitutione
598 1423 720 1480 diligentiam
731 1423 851 1478 intelligant,

67 1506 125 1548 qnam
140 1506 165 1533 eo
176 1491 260 1534 consilio
273 1491 402 1534 adhibendam
414 1491 442 1533 illi
455 1499 561 1548 putarunt,
582 1506 623 1534 non
634 1492 686 1547 quod
700 1490 766 1535 ludaei
780 1492 853 1549 optime

67 1574 91 1602 ac
102 1561 226 1602 sinceriore
241 1559 261 1602 in
273 1559 306 1602 illa
318 1559 435 1602 celebritate
446 1568 589 1613 versarentur,
611 1561 645 1602 sed
656 1568 677 1602 nt
687 1574 755 1602 eornm
766 1561 854 1617 pertina-

68 1628 118 1670 ciam
131 1628 261 1671 excluderent
275 1628 308 1684 qni
323 1628 422 1670 conminni
439 1628 573 1670 consensione
584 1636 650 1684 spreta
662 1642 711 1671 snae
723 1630 806 1684 quisque
819 1622 855 1670 vc'-

68 1697 138 1739 inritati
157 1710 180 1739 ac
200 1696 339 1739 consuetudini
358 1696 436 1739 servire
453 1696 542 1739 mallent.
579 1695 661 1739 Etenim
681 1695 774 1739 Christus
795 1711 854 1739 unum

67 1763 144 1807 Pascba
154 1765 179 1807 ab
190 1765 282 1808 omnibns
294 1765 397 1807 observari
408 1765 489 1820 cupiens
499 1765 557 1807 buius
569 1766 627 1807 unius
638 1766 737 1807 rationem
750 1766 814 1817 ducit,
835 1772 856 1806 ct
907 1766 909 1769 ’

69 1848 113 1876 eum
125 1833 220 1891 approbat
232 1833 265 1890 qni
276 1834 330 1876 onmi
344 1834 472 1876 contentione
484 1833 548 1889 posita
558 1848 602 1876 cnm
614 1834 639 1876 iis
649 1834 749 1886 celebrat,
765 1834 799 1889 qui
811 1847 856 1875 cer-

69 1902 165 1944 tissimum
177 1902 230 1944 illins
239 1902 337 1944 rationem
349 1903 426 1954 ineunt,
443 1901 481 1944 lroc
492 1909 524 1944 est
533 1917 577 1944 cnm
588 1902 673 1944 eeclesia
684 1902 788 1953 catholica,
805 1915 856 1957 qnae

69 1970 130 2013 variis
146 1971 210 2012 modis
226 1971 298 2012 lestnm
309 1971 356 2012 illud
367 1970 444 2012 indicit.
475 1968 517 2012 lam
526 1985 576 2012 vero
586 1971 603 2013 si
616 1985 627 2011 a
641 1968 768 2012 Constantini
780 1978 856 2026 tempo-

69 2038 125 2082 ribus
134 2039 197 2096 prima
208 2038 295 2080 omnium
305 2039 329 2080 de
340 2038 453 2080 istiusmodi
465 2039 582 2080 celebritate
592 2039 677 2080 corillata
688 2040 755 2080 locent
765 2038 855 2090 dissidia,
879 2057 881 2060 ·

70 2109 176 2151 nonnullas
192 2108 275 2150 istorum
293 2106 404 2149 calumniae
422 2106 477 2148 locus
493 2120 538 2149 esse
555 2107 665 2148 rideretur.
695 2104 737 2148 Sed
749 2121 794 2148 cnm
809 2114 856 2148 ante

71 2173 225 2219 Constantinum
237 2176 307 2217 eadem
316 2175 447 2217 illa-divortia
459 2174 558 2229 vigerent,
575 2182 595 2216 et
607 2175 692 2230 gentiles
704 2182 778 2216 tantam
792 2175 857 2216 eccle·

70 2244 113 2287 siae
125 2244 243 2287 discordiam
259 2258 299 2286 non
313 2243 357 2286 sine
370 2243 455 2285 ludibrio
467 2243 524 2285 nobis
535 2243 693 2298 exprobrarent,
717 2242 795 2284 tandem
806 2256 856 2284 vero

71 2313 107 2356 snb
123 2313 244 2371 imperatore
256 2310 389 2355 Constantino
406 2311 565 2368 conspirantibus
576 2311 674 2368 episcopis
692 2310 794 2352 dissidium
810 2309 858 2352 illud

71 2383 196 2439 pacilicatnm
212 2388 232 2423 et
245 2381 269 2422 ad
283 2381 410 2423 concordiam
422 2380 523 2422 redactum
539 2380 611 2431 lncrit,
635 2379 681 2434 quid
698 2380 776 2420 taudem
792 2378 859 2419 utilius

72 2460 106 2493 aut
116 2450 222 2494 iucundius
234 2457 266 2491 cst
276 2464 333 2505 qnam
346 2448 370 2491 ab
382 2449 478 2491 extremis
492 2455 558 2490 terrae
570 2447 641 2490 linibus
652 2446 779 2489 Christianos
789 2460 859 2488 omnes

72 2520 155 2577 populos
171 2519 192 2561 in
204 2518 300 2560 bonorem
312 2518 344 2559 dei
357 2518 402 2560 festi
414 2517 467 2559 illins
478 2516 595 2559 celebritate
606 2515 700 2571 defungi,
723 2529 746 2556 ac
760 2513 861 2556 communi

73 2588 207 2630 consensione
222 2586 301 2642 vigilias
316 2586 386 2628 obire?
401 2586 494 2637 eosdem,
511 2587 602 2641 inquam,
619 2592 639 2627 et
652 2583 747 2639 aequales
758 2583 801 2625 dies
815 2596 860 2639 per·

74 2657 172 2699 noctandc
184 2657 322 2712 precandoquc
340 2655 444 2697 traducere
457 2668 534 2696 summa
545 2653 664 2705 concordia,
685 2666 709 2694 ac
720 2651 781 2693 divini
795 2650 860 2692 sinnii-

74 2724 106 2767 nis
117 2724 225 2780 obsequio,
242 2723 333 2775 ieiuniis,
351 2723 450 2766 aridorum
464 2737 514 2775 usn,
530 2713 661 2773 castimonia,
683 2721 767 2776 aliisque
780 2717 860 2776 pietatis

75 2793 155 2845 officiis,
178 2793 248 2849 quibus
261 2792 432 2846 religiosissimum
451 2792 504 2833 illmn
521 2791 571 2832 diem
590 2792 718 2846 frequentare
731 2803 754 2830 ac
767 2785 861 2829 venerari
883 2843 884 2846 Ἴ

75 2862 154 2903 solent?
184 2860 225 2904 Sed
240 2860 289 2903 haec
299 2859 349 2902 satis
362 2874 408 2902 esse
418 2859 504 2901 arbitror
515 2860 539 2901 de
552 2857 688 2901 budianornm
701 2856 782 2899 dissidio
794 2856 862 2896 bacte-

76 2943 113 2972 nns
128 2930 235 2986 disputata.

76 3043 105 3077 dec
117 3047 181 3079 nntnse
197 3050 214 3077 et
229 3043 298 3077 eosdem
313 3042 349 3076 dies
365 3042 458 3087 acqualiter
503 3041 520 3076 o,
532 3039 670 3087 πανσεβασμένον
683 3040 707 3072 ed.
718 3041 771 3080 princ.

77 3087 133 3130 ferre,
144 3090 162 3124 iu
174 3088 235 3133 vigiliis
246 3093 279 3123 cett.
615 3126 616 3129 Ἴ

690 3144 703 3185 3
712 3142 723 3165 s
