1988 3392
145 232 188 275 484
432 238 515 274 οιαουι
527 239 643 273 Εειεειαιι

145 319 197 363 ίίλων
207 317 286 375 κύριον,
301 316 362 361 πάλαι
373 318 409 373 μὲν
419 320 440 361 ἒν
452 319 552 378 έπιθυμίμ
564 317 637 361 τούτου
649 316 711 371 όντες,
726 320 761 361 καί
774 318 836 362 ικαθ’
847 321 932 364 ἕκαστον

144 387 207 432 τόπον
219 391 260 431 τῶν
271 388 366 444 αἱρέσεων
376 386 458 439 τούτων,
474 387 539 444 όίςπερ
551 389 572 431 ἒν
582 391 657 446 Μερρᾷ
667 386 731 446 τόπῳ,
746 388 780 430 καί
795 389 817 431 ἒν
829 390 885 443 δίψει
895 392 932 444 τῆς

144 460 234 514 φοβερῶς
246 455 323 512 άβάτου
337 455 424 511 ἐρήμου,
440 456 472 498 άεί
482 461 617 505 συναντῶντες
628 462 670 506 τοῖς
682 462 770 506 σκολιοῖς
780 454 847 499 αύτῶν
856 457 931 513 λόγοις,

145 525 303 580 έπιφωνήσωμεν
313 526 349 567 καί
359 523 427 577 αὐτοὶ,
436 523 476 568 Ὃν
487 524 565 580 τρόπον
576 526 673 568 ἐπιποθεῖ
684 523 698 579 ή
709 526 789 578 έλαφως
803 527 837 568 ἐπὶ
847 525 882 575 τάς
894 543 932 580 πη-

143 593 181 651 γάς
190 599 231 638 τῶν
243 592 332 646 ύδάτων,
353 592 418 644 οὕτως
431 595 528 636 ἐπιποθεῖ
539 591 553 647 ή
563 592 619 648 ψυχή
632 610 672 647 μου
683 593 735 650 πρός
746 594 779 647 σὲ,
795 591 877 643 όθεός
897 595 932 636 καὶ

144 663 210 716 πάλιν,
224 661 278 706 Πότε
289 662 350 714 έλθω,
363 663 398 705 καὶ
408 660 529 716 ὀφθήσομαι
539 665 568 719 τῷ
577 660 678 720 προςῶιτφ
688 667 725 706 τοῦ
733 666 795 714 θεοῦ;
822 660 863 705 Διά
872 666 931 705 τοῦτο

136 731 211 787 -τάχιον
222 733 257 774 καί
269 729 327 773 αύτοί
340 729 515 784 έπικαλεσοίμεθοι,
537 729 574 784 οῦχ
588 728 616 779 ῶς
627 731 703 781 ἐκεῖνος
716 730 782 774 ἐκάλει
792 730 830 785 τήν
841 729 931 785 νύμφην,

144 802 233 854 νυμφίος
248 799 312 853 αύτής
327 798 440 855 τυγχάνων,
459 799 494 840 καί
510 797 592 854 κύριος,
612 800 646 841 καί
661 800 770 853 δεσπότης,
785 801 820 841 καὶ
831 797 930 853 βασιλεύς,

143 869 179 910 καί
188 868 246 920 θεός,
260 868 296 910 καὶ
307 865 429 922 ῦπέρμαχος,
445 865 485 908 ἄλλ’
496 864 524 916 ῶς
534 869 603 909 δοῦλοι
614 867 678 909 αὐτοῦ
690 865 747 921 ήμεῖς
759 866 930 921 έπικαλεσῶμεθα,

144 934 225 994 συνῳδά
235 940 263 994 τῷ
274 932 329 992 αύτῷ
339 936 373 976 καί
384 934 442 977 αὐτοὶ
455 934 555 990 λέγοντες,
571 939 637 990 Δεῦρο
649 933 691 977 άπδ
702 934 796 989 Λιβάνου
807 934 885 989 νύμφη,
900 934 932 977 ότι

144 1002 180 1058 ὅλη
192 1002 242 1057 καλή
255 1000 284 1054 εἴ,
305 1003 340 1044 καί
352 1007 421 1057 μῶμος
433 999 471 1044 οῦκ
483 1003 535 1044 έστιν
546 1003 568 1045 έν
579 1004 619 1045 σοί·
640 1000 652 1044 5
661 1002 784 1060 παράδεισος
798 1007 835 1045 τοῦ
846 1001 931 1059 μεγάλου

143 1074 239 1126 τεχνίτου,
254 1069 268 1126 ή
278 1069 336 1120 πόλις
347 1076 384 1113 τοῦ
396 1068 454 1127 άγίου
465 1071 567 1124 βασιλέως,
582 1069 596 1125 ή
608 1070 677 1125 νύμφη
689 1076 725 1114 τοῦ
736 1071 822 1114 άσπίλου
835 1075 931 1127 Χριστοῦ,

143 1137 270 1196 ήπαρθένος
282 1137 296 1193 ή
310 1137 374 1195 άγνή,
395 1139 450 1197 μόνῳ
462 1139 491 1180 ένί
503 1136 562 1195 οίνδρὶ
575 1141 596 1182 έν
605 1142 668 1182 πίστει
678 1141 848 1195 μεμνηστευμένη,
864 1135 930 1194 ήδια-

144 1207 223 1263 φανής,
238 1210 274 1251 καὶ
285 1207 413 1250 ἐκκόπτουσα
425 1205 470 1257 ῶςελ
483 1204 570 1264 όρθρος,
590 1206 641 1262 καλή
654 1206 681 1258 ῶς
693 1207 774 1264 σελήνη,
794 1206 930 1264 ῶςήλιοςέκ-

143 1276 213 1333 λεκτή,
234 1276 315 1334 θάμβος
331 1275 359 1328 ῶς
375 1277 492 1334 τεταγμένη,
514 1274 528 1332 ή
542 1278 688 1335 μακαριζομένη
704 1277 746 1322 άπδ
759 1282 799 1321 τῶν
816 1280 930 1332 βασιλίδων,

142 1349 178 1391 καὶ
196 1348 333 1404 ε’ξυμνουμένη
348 1345 389 1390 ῦπό
405 1352 445 1390 τῶν
460 1349 596 1400 παλλακίδων,
616 1344 682 1402 ήῦπό
694 1353 735 1391 τῶν
745 1349 863 1405 θυγατέρων
874 1350 930 1392 έπαι-

142 1418 242 1473 νουμένη,
258 1418 292 1461 καί
305 1414 346 1460 άπό
359 1422 395 1472 τής
408 1414 483 1474 ἐρήμου
495 1416 628 1473 ἀνερχομένη,
648 1419 682 1460 καί
692 1419 881 1473 λελευκανθισμένη,
896 1419 930 1461 καί

142 1488 176 1530 ε’πί
187 1485 222 1530 τόν
233 1485 357 1541 ἀδελφιδοῦν
368 1486 432 1540 αῦτής
443 1487 615 1542 ε’πιστηριζομένη,
636 1484 731 1544 ήμύρων
743 1488 842 1540 πνέουσα,
863 1485 929 1541 ήοίπό

142 1560 179 1610 τῆς
189 1555 265 1613 έρήμου
276 1553 405 1612 άνερχομένη,
421 1553 449 1604 ῶς
459 1556 536 1609 στελέχη
545 1559 625 1598 καπνοῦ
636 1557 780 1611 τεθυμιαμένη,
795 1555 885 1611 σμύρναν
896 1557 931 1598 καί

142 1628 224 1680 λίβανον
234 1622 275 1667 άπύ
284 1629 394 1680 κονιορτῶν
405 1628 507 1680 μυρεψοῦ,
522 1628 558 1666 τοῦ
569 1623 681 1674 δεδωκότος
692 1626 765 1668 ἑαυτοῦ
775 1623 812 1679 τήν
823 1623 927 1679 εῦοδμίαν·

144 1692 169 1737 δν
178 1698 286 1751 προορῶσα
296 1694 359 1749 έλεγε,
380 1692 457 1748 Μόρον
467 1693 580 1735 έκκενωθέν
590 1691 656 1747 άνομά
668 1709 708 1736 σοι·
724 1693 757 1736 διά
768 1698 828 1736 τοῦτο
843 1693 930 1744 νεάνιδες

142 1761 250 1819 ήγάπησάν
261 1775 291 1803 σε’
311 1759 325 1815 ή
337 1762 431 1815 ἑστηκυῖα
446 1763 468 1803 ἐκ
479 1763 549 1810 δεξιῶν
559 1766 596 1803 τοῦ
608 1763 716 1814 βασιλέως,
736 1763 857 1816 ένδεδυμένη
871 1776 929 1818 κροσ-

141 1829 207 1882 σωτά,
227 1827 343 1885 διαχρύσοις
359 1829 513 1883 πεποικιλμένη,
533 1827 547 1883 ή
558 1830 620 1883 μηδὲν
634 1829 736 1873 σκοτεινόν
749 1831 832 1885 ἔχουσα,
848 1831 896 1873 ποτὲ
908 1831 929 1873 δέ

143 1900 307 1954 μεμελανωμένη,
321 1899 368 1939 νυνί
379 1899 400 1940 δὲ
413 1896 463 1951 καλή
475 1898 510 1939 καὶ
521 1899 692 1952 λευκανθισμένη,
707 1901 741 1941 ἵνα
755 1900 775 1941 ἓν
785 1900 818 1941 σοί
828 1899 930 1955 γενόμενοι

141 1966 267 2022 λωφήσωμεν
278 1970 318 2008 τῶν
333 1964 495 2022 προδιελθόντων
507 1963 561 2020 ήμάς
571 1972 672 2022 στυγερῶν
683 1971 723 2009 τῶν
733 1967 829 2023 αἱρέσεων
839 1966 929 2023 πραγμά-

141 2053 193 2088 των,
212 2036 246 2077 καί
257 2032 386 2089 ήσυχάσωμεν
398 2033 439 2077 άπό
451 2032 517 2077 σάλων
526 2040 562 2089 τῆς
573 2041 614 2078 τῶν
625 2034 693 2078 αῦτῶν
700 2037 815 2092 τρικυμίας,
835 2037 870 2078 καί
881 2034 928 2079 σίνα-

141 2103 238 2159 ψύξωμεν
251 2105 273 2146 έν
288 2104 331 2155 σοὶ,
353 2102 400 2160 άγία
416 2102 481 2160 μήτηρ
493 2101 551 2158 ήμῶν
564 2105 668 2157 ἐκκλησία,
688 2105 723 2146 καί
735 2106 792 2163 έντή
805 2102 852 2163 άγίμ
864 2106 885 2147 έν
896 2106 929 2148 σοί

51 2200 85 2230 pag.
94 2191 133 2223 1⁰⁸5.
143 2174 272 2230 διδασκαλία,
288 2173 322 2214 καὶ
336 2169 384 2230 άγίμ
393 2174 427 2214 καί
440 2171 492 2230 μόνη
503 2175 568 2214 πίστει
577 2176 629 2215 θεοῦ
644 2173 666 2214 έν
681 2171 772 2231 άληθείμ.
800 2170 857 2215 Ἀλλά
869 2171 907 2230 όίρξ
920 2199 927 2206 -

142 2258 178 2295 μαι
189 2241 235 2295 περί
244 2238 318 2293 ταύτης
327 2245 363 2293 τῆς
374 2238 431 2295 άγίας
442 2239 518 2289 πόλεως
529 2245 581 2282 θεοῦ
590 2238 615 2282 τά
626 2240 734 2293 θαυμαστοί
746 2244 865 2296 διηγεῖσθαι.
899 2241 928 2284 Τά

141 2306 179 2364 γάρ
190 2309 324 2361 δεδοξασμένα
336 2307 425 2362 ἐλαλήθη
435 2308 480 2363 περὶ
490 2307 565 2361 αῦτής,
587 2307 614 2357 ῶς
623 2322 673 2361 φησι
684 2306 696 2350 5
705 2308 821 2364 προφήτης,
840 2311 928 2360 Δεδοξα-

142 2377 205 2430 σμένα
216 2375 305 2430 ἐλαλήθη
316 2377 361 2432 περί
374 2380 417 2427 σοῦ,
432 2373 446 2429 ή
455 2374 513 2425 πόλις
523 2380 560 2418 τοῦ
570 2380 630 2427 θεοῦ,
641 2375 761 2432 άνθροίποις
769 2377 805 2431 μέν
814 2380 876 2419 πᾶσιν
886 2375 929 2420 άνέ-

142 2462 215 2499 φικτα,
231 2445 324 2494 ἀπίστοις
336 2445 358 2487 δὲ
369 2444 473 2501 ἀλλότρια,
494 2450 572 2495 πιστοῖς
582 2446 604 2487 δέ
616 2443 737 2501 ἆνθρῶποις
747 2446 782 2488 καί
792 2444 898 2500 άληθινοῖς
908 2447 928 2489 έν

143 2514 207 2570 με’ρει,
228 2514 249 2556 έν
266 2511 370 2567 ύποσχέσει
388 2513 410 2555 δέ
425 2512 552 2565 τελειῶσεως,
573 2511 618 2562 2ῶς
633 2511 688 2568 παρά
700 2518 737 2556 τοῦ
752 2510 818 2556 αὐτῶν
830 2513 928 2557 δεσπότου

805 2580 915 2600 ’xrs'

143 2580 338 2639 παρασχεθησόμενα
355 2583 376 2624 έν
390 2587 415 2641 τῇ
430 2583 519 2640 βασιλείμ
538 2586 578 2624 τῶν
592 2580 686 2637 οὐρανῶν
691 2616 698 2636 ,
719 2581 772 2625 ὅπου
787 2599 839 2637 αυτη
853 2601 867 2638 η
882 2601 928 2640 αγια

144 2653 248 2709 παρθένος
256 2652 291 2694 καί
299 2651 423 2709 κληρονόμος
434 2648 471 2693 σύν
479 2656 507 2710 τῷ
518 2653 562 2711 ίδίμ
571 2654 652 2711 νυμφίῳ
665 2653 686 2695 έν
696 2651 777 2712 οὐρανῷ
786 2653 829 2707 ἔσχε
840 2650 874 2696 τάν
883 2655 928 2708 κλή-

144 2739 181 2779 ρου
195 2723 230 2765 καί
245 2720 281 2777 τήν
294 2725 433 2778 κληρονομίαν.

56 2813 129 2861 KQY'·
201 2793 243 2834 Καί
258 2792 398 2848 πρῶτονμὲν,
420 2790 450 2834 ότι
463 2788 475 2832 5
490 2789 539 2841 θεός
551 2789 562 2834 5
573 2793 606 2835 ἐπὶ
618 2791 700 2834 πάντων
714 2789 763 2846 ήμῖν
777 2789 827 2842 θεός
843 2789 927 2850 όπάρχει

143 2866 186 2911 τοῖς
197 2863 220 2904 εἰι
231 2865 267 2916 τής
279 2858 336 2917 άγίας
346 2859 419 2915 ταύτης
431 2861 535 2913 ἐκκλησίας
547 2866 680 2917 γεννηθεῖσιν·
696 2858 798 2913 ἀπόδειξις
807 2858 844 2918 γάρ
860 2860 927 2917 1αιίτή

144 2928 214 2987 πρῶτη
225 2931 271 2988 περί
287 2927 403 2984 2άληθειάς
420 2930 455 2973 καί
465 2929 566 2986 ἑδραίωμα
577 2933 662 2980 πίστεως
674 2934 710 2985 τής
721 2929 784 2986 μόνης
793 2930 867 2986 ταύτης
877 2949 927 2989 παρ-

167 3036 206 3067 ὓλν
218 3037 238 3067 H.
248 3055 268 3060 -
282 3036 297 3068 1.
304 3035 410 3070 ααῖιέκαστον
421 3033 471 3070 τόπον
478 3036 523 3067 codd.
570 3036 586 3068 Q,
600 3037 677 3077 Spurium
687 3037 766 3069 iudicasse
780 3038 842 3069 videtur
857 3039 886 3070 λοι
895 3034 925 3077 ῶς,

142 3092 180 3114 mss.
197 3086 265 3123 uterque.
289 3081 396 3116 καὲέκαστοι
411 3079 467 3117 τόπων
486 3082 524 3114 editi
546 3084 588 3123 qnod
599 3084 662 3114 uncinis
669 3083 738 3123 inclusit,
748 3084 830 3116 Ρείουλαο.

142 3129 184 3161 libri.
571 3127 610 3160 Gn.
618 3128 680 3159 111.-
704 3129 718 3162 l.
730 3129 835 3162 Scribendum
846 3123 898 3173 αῦτη,
909 3131 926 3162 ια’
