1988 3392
142 201 185 243 202
428 212 512 247 SANGTI
522 212 640 246 EPIPHANII

142 285 239 347 ήμετέραν
248 289 311 348 λέγειν
321 288 344 336 τά
355 292 399 336 ’ίσον
409 295 445 335 τοῦ
454 287 529 349 πατρδς
540 291 597 353 ἓντῷ
608 293 646 353 υίῷ
656 290 755 347 ἀπέδειξε,
769 292 805 337 καὶ
815 290 838 338 τδ
847 291 925 352 ὅμοιον,

143 358 169 404 οά
183 359 256 417 μόνον,
272 360 320 406 άλλά
335 364 386 408 7ιιαί
401 360 473 406 ταάτιίν
488 363 510 407 ἒν
524 361 597 418 δίπασι,
612 366 647 409 οιαὶ
661 362 689 420 μή
704 365 871 422 παρηλλαγμένον.

49 501 125 546 Κεφ-ἴ·
201 504 251 550 Πῶς
264 502 286 544 δὲ
296 500 378 543 δυ’ναται
394 499 422 555 μή
433 498 485 545 εἶναι
495 504 549 554 ίσος,
568 503 604 545 ναί
618 501 646 556 μή
662 501 744 555 άμενος,
765 500 926 556 ω’ςιιαίήδηεί-

142 566 198 619 ποίν,
218 567 241 610 ‘0
250 569 311 624 λέγων
322 567 353 610 ὅτι
363 566 402 623 ε’γοδ
413 571 434 611 έν
443 574 472 627 τῷ
482 570 543 624 πατρὶ
554 567 611 612 καίν’
622 568 688 624 πατήρ
701 570 723 611 έν
734 569 789 623 ε’μοίς
820 567 851 611 Οά
864 568 926 624 μόνον

142 634 180 692 γάρ
190 634 251 685 αὐτάς
260 637 281 678 έν
291 639 318 693 τῷ
329 632 433 695 εὐαγγελίῳ
449 638 499 693 λέγει
509 641 579 689 τοῦτο,
598 634 646 679 άλλά
658 637 693 678 καὶ
706 635 806 690 πνεύματι
818 634 868 696 άγίῳ
877 655 926 694 πρα-

143 702 235 759 φητεάων
249 703 330 754 Ἡσαΐας
344 705 394 761 έγνω
409 703 445 748 τδν
462 703 508 749 υίδν
527 707 548 749 έν
560 708 587 764 τῷ
603 705 663 762 πατρὶ
677 705 711 748 ιιαί
726 704 754 762 μή
771 704 875 765 άλλάτριον
888 711 926 751 τοῦ

142 772 226 832 πατρὸς,
241 774 291 830 μηδὲ
300 776 474 833 παρηλλαγμένον,
489 774 517 827 εἰς
528 777 567 832 ἔχει
575 773 597 820 εδ
608 774 668 833 ρἠτδν
678 774 691 819 δ
701 774 774 832 ταιίτην
784 778 823 834 ἔχει
833 774 869 833 τήν
879 775 926 822 άπα-

141 849 232 901 λονθίαν,
247 844 288 889 ἆπδ
300 845 335 900 μὲν
343 849 381 888 τοῦ
390 843 499 903 Ἑβραϊαοῦ
509 847 582 901 οὕτως,
602 845 692 890 ιΦθίου
703 847 792 902 σααρείμ,
808 845 927 903 νάϊαβωτῶν

142 916 211 964 σαδὶιι,
226 913 295 968 σωμήρ
306 916 424 967 έμμοννείω,
441 914 585 969 έίεσροσμοοδχ,
601 914 665 970 θεσάρ
679 914 764 968 ὃσαλιδμ
777 914 851 968 σαλαίμ,
866 914 926 969 χιβάιι

142 981 227 1036 βατάυυ,
243 980 317 1035 βετοιίβ
329 983 432 1034 βαλδωναῒ
442 978 522 1033 άδδοδθ,
537 982 619 1036 4χιβαϊά
630 981 847 1036 άδωναῒσωδωλεμείμ.
875 980 925 1026 ’And

142 1049 164 1091 δέ
174 1053 210 1103 τῆς
219 1050 324 1103 ἑρμηνείας
333 1047 406 1091 ’Λιιάλα
417 1048 491 1099 οίίτως·
512 1047 609 1100 Ἀνοίξατε
620 1048 696 1101 πάλας,
711 1051 813 1098 εἰςελθέαω
825 1041 886 1100 ἔθνος
897 1052 927 1093 δέ·

142 1136 211 1170 ναιον,
226 1116 326 1169 φυλάττον
337 1119 414 1170 πίστιν,
430 1116 510 1172 πλάσμα
522 1119 671 1176 ἐσπαραγμένον,
692 1116 776 1172 φάλαξις
785 1117 875 1176 εἰρήνης,
896 1116 928 1163 δἐι

143 1187 173 1234 ἐπ’
186 1186 240 1249 αὐτῷ
250 1191 371 1242 πεποίθασι,
394 1189 548 1232 πεποίθατεέιτί
560 1192 661 1249 τῷπνρίῳ
673 1190 804 1242 έωςαίωνος,
825 1188 856 1234 άτι
868 1191 927 1250 έντῷ

142 1263 205 1319 κυρίῳ
215 1258 284 1316 νάριος
294 1257 306 1303 o‘
316 1257 425 1315 στερεοίσας
435 1257 483 1309 τοάς
494 1260 573 1310 αἰῶνας.
598 1258 659 1316 Παρά
669 1260 691 1303 δὲ
698 1266 739 1309 τοῖς
749 1258 766 1303 α’
776 1258 850 1310 οὕτως·
864 1259 927 1304 Ἀνοί-

142 1332 187 1380 ξατε
207 1327 281 1380 πάλας,
303 1329 406 1377 εἰςελθέτω
425 1328 532 1379 φυλάσσων
552 1326 661 1382 άλήθειαν,
683 1329 716 1370 νιαί
735 1326 928 1383 άντιλαμβανάμεννς

55 1410 130 1447 μοραλια,
142 1396 250 1449 άληθείας,
269 1396 303 1437 καί
320 1394 427 1446 φυλάσσων
443 1394 535 1450 εἰρήνην,
555 1395 586 1437 ι’ἰτι
604 1394 785 1449 ε’πίσοδήλπισαν,
804 1395 870 1449 κύριε,
890 1396 928 1445 ἕως

140 1469 177 1506 τοῦ
187 1465 270 1514 αἰῶνος,
286 1460 358 1511 δθεδς
373 1460 385 1504 0‘
398 1464 469 1517 μέγας,
492 1460 504 1505 δ
515 1461 602 1512 αἰώνιος.
634 1465 795 1518 Παραιηρείσθω
805 1460 847 1513 δέά
858 1462 926 1518 άναγι·

142 1530 225 1575 ιιοίσιιων
241 1529 268 1580 εἰς
281 1528 343 1572 5άντί
354 1534 390 1572 τοῦ
404 1529 490 1587 Κάριος,
506 1532 540 1573 ναὶ
549 1528 583 1582 vd,
601 1528 625 1572 ‘0
636 1530 709 1587 μέγας,
729 1527 773 1573 α’ντὶ
783 1534 830 1582 τοῦ,
848 1528 882 1574 Ἐν
892 1548 927 1574 νιν-

143 1604 180 1662 ρίῳ
192 1607 265 1655 νεῖται,
280 1598 335 1657 παρά
347 1605 389 1652 τοῖς
399 1599 422 1644 ν’,
452 1601 493 1644 Καὶ
504 1599 557 1645 πόσα
570 1601 626 1645 6ἔστι
636 1601 681 1658 περὶ
693 1599 766 1645 τούτου
776 1602 848 1659 λέγειν;
864 1602 927 1646 Δέδια

142 1674 164 1717 δὲ
174 1672 202 1728 μή
212 1690 256 1723 πως
267 1674 294 1722 εἰς
306 1670 368 1727 άγιιον
378 1670 441 1714 πολάν
453 1670 516 1715 ε’λάσοι
529 1668 581 1725 Ττήν
592 1671 638 1727 περὶ
652 1670 728 1714 τούτων
739 1676 779 1715 τῶν
789 1671 854 1728 λόγων
865 1690 927 1729 πραγ-
947 1685 948 1688 ’

143 1746 230 1798 ματείαν.
261 1740 331 1796 Πάντα
344 1740 382 1797 γάρ
392 1746 448 1796 σαφή
461 1743 482 1784 έν
492 1745 516 1800 τῇ
528 1744 575 1798 θεία
591 1745 660 1798 γραφῇ
675 1746 717 1790 τοῖς
730 1742 860 1795 βουλομένοις
874 1740 928 1783 εἰσε-

142 1814 268 1866 βεῖλογισμῷ
287 1810 431 1863 προςέρχεσθαι
444 1813 471 1865 τῷ
489 1812 539 1866 θείῳ
556 1807 619 1865 λόγῳ,
639 1810 674 1849 καί
690 1807 718 1862 μή
730 1807 861 1862 8διαβολιαήν
874 1809 926 1863 ἐνέρ-

142 1894 197 1933 γειαν
208 1879 229 1918 έν
243 1878 321 1925 ἑαυτοῖς
332 1875 485 1931 έγνιισσήσαντας
500 1873 584 1924 ἕαυτοάς
600 1876 741 1929 καταστρέφειν
755 1877 783 1925 εἰς
795 1874 819 1916 τά
832 1874 927 1931 βάραθρα

142 1950 178 1988 τοῦ
194 1943 298 1995 θανάτου,
319 1941 346 1993 νίς
357 1937 418 1993 οὗτος
429 1941 441 1985 δ
451 1941 533 1993 ἐλεεινάς
547 1944 582 1985 καὶ
593 1944 615 1985 οί
626 1940 680 2001 αὐτῷ
692 1944 806 1993 πεισθέντες
821 1942 927 2000 ἅνθρωποι

142 2011 193 2060 νιατά
203 2017 238 2070 τῆς
256 2010 352 2069 άληθείας
369 2011 522 2071 ἔστρατεάσαντο
535 2008 585 2070 άπέρ
598 2009 675 2065 πάντας
686 2011 733 2066 ιαάς
743 2011 783 2070 πρδ
794 2009 860 2058 αὐτῶν
872 2030 927 2072 γεγο-

141 2087 202 2137 νότας
216 2083 347 2141 βλασφήμους
364 2086 392 2135 εἰς
406 2082 456 2128 θεὸν
471 2086 505 2128 ναὶ
521 2083 557 2139 τήν
573 2081 637 2127 αὐτοῦ
651 2087 723 2128 πίστιν.
754 2085 795 2127 Καί
810 2082 841 2128 δἐι
855 2084 891 2139 μὲν
902 2082 927 2127 οά

141 2154 225 2200 δάναται
238 2153 334 2209 άνιίμοιος
348 2153 399 2197 εἶναι
410 2152 423 2197 o‘
433 2152 477 2204 υίδς
487 2157 514 2212 τῷ
527 2154 598 2209 πατρὶ,
620 2151 660 2196 ἀλλ’
672 2152 720 2196 ου’δέ
734 2152 813 2212 9τούτῳ
829 2152 925 2209 έπερειδά·

142 2242 197 2279 μενοι
208 2229 270 2266 ταῦτα
285 2225 365 2277 έφημεν.
388 2220 447 2265 Ἔστι
458 2221 495 2277 γάρ
509 2221 533 2263 οτί
546 2220 609 2275 μόνον
619 2220 700 2274 ὅμοιος,
716 2219 764 2263 άλλά
773 2223 806 2263 ναὶ
818 2223 868 2273 ίσος,
878 2222 927 2264 ταῦ-

141 2291 177 2333 τάν
191 2296 215 2348 τῇ
232 2290 324 2343 θεότητι,
345 2288 417 2331 ταιίτδν
431 2294 455 2346 τῇ
470 2286 568 2340 άϊδιιίπητι
582 2289 617 2330 ναὶ
632 2287 720 2340 δυνάμει.
751 2289 792 2329 Καὶ
806 2286 831 2330 οιί
845 2289 927 2344 λέγομεν

141 2355 283 2408 ταιίτοοάσιον,
304 2358 337 2398 ἵνα
349 2354 376 2409 μή
389 2353 463 2409 ήλέξις
475 2354 529 2409 παρά
542 2368 581 2397 τισι
593 2355 717 2411 10λεγομένη
729 2357 830 2412 Σαβελλίῳ
845 2354 925 2398 ἀπεικα-

142 2431 190 2485 σθῇ.
223 2423 299 2468 Ταάτδν
314 2425 336 2467 δέ
347 2425 428 2481 λέγομεν
443 2428 467 2484 τῇ
484 2414 567 2479 θεάτητν
581 2424 615 2467 καὶ
631 2427 655 2485 πή
672 2421 732 2484 οὐσία
747 2424 781 2467 καί
796 2427 820 2485 νή
835 2422 925 2481 δυνάμει,

141 2495 192 2542 ιιατά
203 2494 268 2541 πάντα
279 2497 323 2541 ἴσον
333 2500 361 2554 τῷ
371 2495 437 2554 πατρὶ,
453 2495 488 2539 ιιαὶ
499 2499 526 2555 τῷ
537 2492 588 2555 άγίω
600 2494 664 2539 αὐτοῦ
675 2494 778 2551 πνεύματι.
806 2488 926 2551 Ὁμοοάσιον

143 2570 165 2611 δέ
177 2585 250 2623 φαμεν,
261 2565 289 2618 τάς
299 2569 337 2622 ἔχει
346 2565 360 2622 ή
370 2564 417 2623 άγία
428 2569 501 2617 πίστις,
516 2568 550 2608 ‘iva
562 2563 603 2608 ιἰπδ
613 2570 648 2608 τοῦ
661 2564 738 2621 ιιάμο-
749 2571 819 2620 σαφῶς
830 2571 926 2626 σημανθῇ

164 2707 180 2741 7.
194 2702 256 2742 κάιίτυν
268 2707 302 2738 cod.
314 2707 379 2748 Rhediy.
544 2707 572 2746 qm'
584 2707 629 2738 vertit
640 2704 721 2738 Observet
731 2711 786 2737 autem
797 2704 861 2745 lector,
879 2706 926 2750 quod

165 2753 205 2784 Cn.
213 2753 251 2782 VH.
261 2770 284 2775 —
308 2751 322 2783 l.
335 2752 357 2783 De
369 2752 425 2783 horum
438 2752 521 2783 verborum
544 2761 575 2792 pro
589 2751 682 2788 Dominus,
695 2751 746 2788 Deus,
758 2756 776 2781 et
785 2750 856 2791 Magnus
866 2761 896 2793 pro
907 2752 925 2783 In

140 2799 248 2830 emendmione
263 2797 411 2833 &interpretatione
425 2797 461 2826 vide
473 2796 521 2826 Peta-
544 2794 614 2825 domino
625 2794 669 2836 apud
681 2793 789 2836 Septuaginta
800 2794 884 2834 habetur,
900 2803 926 2826 re-

141 2841 271 2875 νὶίΑιιίιηαδυν.
283 2840 333 2870 adh.
345 2840 355 2869 l.
543 2840 639 2871 είιϊααιιάυιη
656 2842 695 2879 puto
713 2837 738 2877 τίς
756 2834 794 2871 ἀντὶ
811 2838 841 2872 τοῦ
856 2836 925 2883 Κύριος,

164 2886 181 2919 2.
193 2881 290 2929 ἱερααμοιδχ
300 2885 335 2916 cod.
348 2885 412 2925 λαιαῖς.
544 2882 599 2926 Θεὸς,
610 2883 641 2918 καὶ
652 2887 685 2917 ται.

165 2931 181 2967 3.
194 2929 252 2971 οαλιδς
263 2931 297 2965 cod.
310 2930 376 2974 Ηλειῐίμ.
567 2929 583 2965 ὅ.
595 2929 634 2976 περὶ
645 2932 721 2965 omissum
731 2933 753 2964 est
763 2930 780 2964 ιό
791 2931 816 2964 ιδ.
827 2931 882 2966 Ριλαν.
895 2933 925 2966 οο-

166 2979 181 3013 λ.
194 2977 254 3026 χιβαία
266 2980 309 3013 editi.
545 2980 576 3014 λου.
588 2983 635 3022 τιμαί.

165 3028 181 3060 5.
195 3029 245 3060 Verba
257 3023 294 3061 αἰτλ
305 3026 335 3061 τοῦ
346 3028 407 3060 uncinis
418 3030 481 3060 παίοντα
492 3027 523 3060 Pe-
567 3026 584 3061 7.
596 3025 639 3069 τήν,
651 3027 693 3067 quod
703 3027 724 3057 ab
735 3026 781 3058 edilis
793 3028 846 3067 ουτοι,
862 3028 926 3069 reposui

143 3075 195 3108 tavius
211 3078 236 3106 sat
250 3075 310 3107 habuit.
339 3074 372 3114 Εςν
388 3083 424 3107 οντα
441 3075 524 3113 carnario,
546 3082 565 3106 ιν
577 3076 670 3107 auctoritate
682 3073 728 3106 codd.
739 3081 777 3114 mss.
789 3074 875 3114 utriusque.
