1988 3392
249 235 342 270 rauaun
353 235 396 269 uin.
405 228 435 270 iu.
446 237 501 271 Tou.
510 238 524 271 ι.
536 236 604 270 naun.
615 236 697 269 txxrr.
825 228 867 270 305

82 316 183 361 cuiusdam
193 330 217 359 ac
227 317 327 359 secundae
338 315 457 359 conditionis
468 318 526 360 modo
536 316 653 374 iningenito
664 316 770 373 primariae
781 330 827 360 esse
837 316 868 360 vi-

83 387 141 437 deat,
159 384 186 426 ita
202 391 224 427 ut
238 385 311 442 prioris
326 384 413 427 insitae
428 386 546 441 posterioris
562 386 626 428 ordo?

140 450 224 496 Conlct.
236 451 322 497 XXXl.
353 452 370 496 l.
388 452 467 497 Vellem
477 455 576 512 equidem,
592 456 644 512 qnod
655 462 677 497 ιι
687 455 759 497 laetum
771 454 867 511 oportuit,

83 529 105 565 ut
118 522 190 565 Aetius
207 530 295 565 mentem
310 537 367 566 suam
383 522 442 566 nobis
459 524 581 581 aperuisset,
602 532 623 566 et
634 522 805 581 interrogationes
821 537 868 566 suas

83 592 184 648 aliquanto
196 593 270 636 clarius
286 592 433 651 proposuisset,
455 593 520 651 potius
536 609 593 650 qnam
607 609 631 637 ea
646 594 734 636 dictione
751 600 806 636 esset
821 608 869 636 usus

83 675 134 718 qnae
146 661 166 704 in
178 663 355 720 reprehensionem
372 662 469 717 incurrit,
491 678 528 706 nee
545 664 603 706 ullam
618 662 638 706 in
655 663 685 706 his
702 663 775 716 rebus,
798 662 869 719 quibus

83 731 158 785 utitur,
180 731 328 775 similitudinem
340 732 411 787 habet,
434 747 478 775 cum
490 740 582 776 nentrum
595 747 663 776 eorum
677 748 728 790 quae
741 734 766 776 ab
779 746 803 775 eo
815 746 870 774 com-

84 808 194 844 memorata
202 808 249 844 sunt
259 816 304 843 cum
313 802 377 844 altero
387 790 531 859 compararier
542 802 652 859 exaequari
663 803 734 859 possit.
766 800 869 858 Siquidem

84 869 214 927 plurimorum
227 884 278 927 quae
295 871 360 914 visum
376 871 472 927 effugiunt
488 871 630 928 appellationes
646 872 725 914 adducit
740 872 760 914 in
774 871 868 914 medium.

84 938 137 983 Nam
156 947 176 981 et
191 940 256 982 visum
274 940 352 997 lugiunt
368 940 460 983 animalia
476 940 510 982 illa
523 941 633 997 spiritalia,
655 940 692 983 hoc
709 947 740 983 est
754 937 868 997 Seraphim,

86 1006 206 1062 Cherubim,
222 1009 297 1064 angeli,
312 1010 394 1066 spiritus
404 1009 500 1066 denique;
516 1010 537 1051 in
549 1010 620 1066 quibus
630 1023 700 1051 verum
711 1009 759 1051 illud
770 1023 815 1052 esse
827 1024 871 1052 eer-

86 1077 140 1121 nitur
149 1078 200 1135 quod
214 1078 287 1121 Aetius
300 1076 380 1131 narrat,
403 1078 452 1120 nihil
463 1085 486 1121 ut
499 1078 520 1120 in
532 1077 604 1134 seipsis
617 1078 637 1120 vi
649 1079 733 1134 quadam
747 1078 811 1120 sativa
823 1093 871 1120 eou-

86 1147 171 1189 tineant.
200 1145 273 1203 Neque
284 1147 337 1189 enim
350 1161 435 1204 corpora
447 1161 471 1189 ea
484 1161 535 1204 qnae
547 1162 587 1189 non
600 1147 729 1204 aspectabilia
739 1154 786 1189 suut
798 1147 873 1189 dixerit

85 1216 168 1272 aliquis,
185 1229 229 1257 euni
240 1229 304 1272 neque
314 1216 409 1272 gignant,
431 1230 496 1272 neque
512 1216 630 1273 gignantur,
652 1216 688 1258 sed
701 1216 725 1258 de
737 1215 871 1273 sempiternae

86 1284 196 1327 divinitatis
211 1285 313 1327 voluntate
330 1285 388 1341 plane
405 1285 484 1327 condita
497 1285 550 1338 sint,
573 1300 596 1328 ac
609 1286 731 1327 tantumdem
742 1299 872 1341 unaquaeque

86 1361 198 1397 creatarum
209 1367 276 1396 rerum
287 1353 367 1397 virtutis
378 1354 449 1407 babet,
466 1362 559 1411 quantum
569 1368 605 1411 pro
615 1354 691 1396 infinita
702 1369 738 1397 sua
749 1354 872 1410 benignitate

87 1430 108 1466 et
120 1422 242 1465 humanitate
253 1423 336 1478 largitus
350 1430 381 1465 est
392 1424 448 1466 dens.
479 1421 549 1479 ltaque
560 1423 660 1479 quaelibet
671 1424 723 1479 quod
734 1422 773 1465 sibi
788 1423 873 1465 attribu·

87 1500 128 1535 tum
144 1499 176 1534 est
190 1491 287 1544 obtinuit,
309 1492 330 1534 in
345 1486 409 1548 eoque
427 1499 542 1548 permanet3
565 1493 614 1534 deus
627 1506 677 1534 vero
692 1492 717 1534 ab
732 1492 787 1534 omui
802 1505 874 1534 caussa

87 1560 190 1604 absolutus
203 1568 247 1613 est,
268 1561 374 1603 continens
389 1561 409 1602 in
427 1568 491 1603 semet
504 1561 577 1602 omnia.
608 1562 662 1604 ldem
678 1562 722 1604 sine
737 1561 778 1603 ulla
792 1567 874 1603 cuncta-

88 1630 143 1673 tione
159 1629 296 1672 mntationeve
315 1630 405 1683 consilii,
429 1643 493 1686 neque
511 1629 570 1672 lilium
588 1630 649 1687 longo
665 1630 784 1683 intervallo,
808 1643 873 1686 ueqne

88 1699 179 1757 spiritum
196 1705 287 1741 sanctum
302 1713 359 1741 suum
378 1699 452 1741 babere
469 1699 542 1755 coepit.
573 1697 614 1742 Sed
630 1714 666 1756 pro
679 1713 704 1742 eo
715 1689 739 1742 ac
750 1699 873 1742 conveniens

88 1768 189 1823 estlilinm
205 1767 299 1809 babetab
313 1775 407 1821 aeterno,
431 1782 488 1825 quem
505 1768 584 1810 unicum
602 1768 682 1824 geuuit3
704 1768 757 1810 filius
773 1781 824 1810 vero
839 1781 874 1825 pa-

88 1845 139 1880 trem
150 1836 225 1879 habens
238 1836 259 1878 iu
270 1836 337 1894 seipso
349 1845 445 1894 perpetuo
456 1852 496 1879 uua
507 1845 527 1880 et
538 1837 628 1894 spiritum
640 1844 731 1880 sanctum
742 1836 813 1890 habet,
837 1839 876 1890 Qui
888 1841 947 1906 133qu

88 1922 101 1948 n
113 1914 171 1961 patre
183 1908 288 1960 procedens
303 1920 316 1946 o
324 1907 371 1960 filio
385 1921 459 1960 semper
473 1910 551 1961 occipit.
916 1898 921 1914 ¹
947 1898 951 1905 ’

147 1973 177 2017 ll.
208 1972 289 2016 Etenim
305 1988 370 2030 neque
383 1976 403 2017 in
416 1975 549 2028 obscuritate,
572 1989 610 2017 nee
625 1975 645 2017 in
662 1974 750 2017 uberiori
767 1974 874 2031 splendore

90 2059 113 2087 ac
123 2043 188 2100 gloria
199 2043 333 2100 sempiternae
345 2043 455 2086 divinitatis
472 2044 592 2086 excellentia
606 2051 708 2085 versatur.
740 2041 792 2086 Cum
808 2050 875 2086 autem

90 2120 202 2156 creatarum
215 2125 283 2154 rerum
294 2112 348 2154 nulla
358 2112 421 2154 adhuc
433 2119 500 2166 esset,
515 2120 628 2155 utrumnam
639 2112 720 2154 tandem
732 2112 827 2155 divinitas
837 2110 876 2154 mi-

90 2197 140 2226 nore
151 2196 174 2225 se
185 2182 249 2238 ipsam
260 2181 362 2238 opulentia
374 2182 484 2238 praeditam
496 2181 546 2224 sidit
558 2182 677 2237 aliquando?
697 2188 731 2223 aut
741 2188 784 2224 tum
796 2180 874 2237 quidem

91 2251 188 2295 eiusmodi
203 2263 249 2292 esse
260 2249 322 2303 vidit,
338 2264 392 2292 nune
402 2257 480 2303 autem,
496 2251 556 2292 -facta
570 2250 594 2292 ad
606 2250 736 2292 substantiam
748 2248 874 2300 accessione,

93 2321 150 2378 quasi
163 2319 272 2375 cuiuspiam
283 2318 313 2361 rei
323 2319 416 2374 indigens
428 2333 473 2362 esse
484 2326 565 2375 posset,
588 2326 717 2376 posteaquam
730 2326 798 2361 creata
810 2318 876 2361 omnia

92 2389 197 2447 produxit,
214 2387 309 2443 ampliore
320 2388 403 2444 quadam
414 2387 476 2444 gloria
490 2388 599 2443 opibusque
611 2402 657 2431 sese
668 2387 777 2445 praeditam
789 2388 878 2430 animad-

92 2458 166 2501 vertit?
195 2454 268 2498 Nullus
278 2456 345 2511 itaque
356 2457 502 2512 tergiversandi
514 2456 570 2498 locus
582 2455 608 2498 iis
618 2456 707 2498 'relictus
719 2464 750 2499 est
761 2456 795 2513 qui
806 2457 878 2500 adver-

93 2541 128 2569 sus
146 2525 251 2569 veritatem
266 2525 427 2581 syllogismorum
440 2525 529 2581 argutias
541 2523 642 2567 homiuum
655 2525 779 2582 excogitatas
791 2524 878 2581 ingeniis

93 2607 195 2653 opponere
212 2593 312 2645 nituntur,
335 2594 390 2636 etin
403 2593 488 2636 medium
501 2594 581 2636 afferre.
613 2590 715 2650 Siquidem
735 2594 801 2637 divina
817 2592 879 2635 maie-

94 2672 149 2717 stas,
165 2663 239 2720 patris,
255 2661 347 2717 inquam,
363 2670 384 2704 et
397 2663 444 2715 lilii,
467 2677 490 2705 ac
501 2663 583 2719 spiritus
595 2662 658 2704 saneti
671 2663 788 2719 angelorum
800 2668 879 2703 mentes

95 2746 164 2776 omues
174 2732 234 2788 longo
244 2729 349 2772 intervallo
360 2738 441 2787 superat
452 2732 525 2774 nedum
536 2731 647 2783 hominum,
664 2746 747 2787 quorum
759 2733 836 2772 timidae
846 2744 879 2770 eo·
892 2742 929 2779 sap.
938 2742 952 2778 n,
961 2741 983 2770 ia.

89 2804 209 2855 ‘gatanbnem
226 2798 286 2841 animi
297 2812 369 2841 sensus
380 2800 481 2842 intereant
491 2800 513 2841 in
523 2798 605 2841 nihilum
615 2799 703 2853 redacti,
719 2814 743 2842 ao
753 2813 799 2842 sese
813 2798 881 2841 varias

95 2871 116 2912 in
127 2868 292 2912 ratiocinationes
301 2875 322 2909 et
332 2866 461 2924 quaestiones
472 2868 564 2910 induunt.
596 2864 767 2922 Quemadmodum
777 2868 798 2910 in
810 2865 881 2924 pleris-

96 3013 124 3040 ter
133 3004 150 3038 ei
157 3010 177 3037 m
187 3004 251 3039 habeat
259 3016 327 3050 semper
335 3004 388 3038 lilium
396 3003 477 3049 genitum,
500 3004 530 3038 bet
541 3011 597 3038 autern
612 3009 630 3036 et
640 3009 718 3038 sanctum
731 3003 809 3048 spiritum
819 3013 840 3035 ex
849 3013 882 3046 pa-

97 3052 161 3085 habeus
170 3050 223 3083 filium
233 3056 252 3083 et
261 3050 306 3084 huuc
316 3050 429 3095 unigenitum,
446 3050 478 3084 ha·
501 3056 529 3083 tre
539 3050 648 3090 existentem,
661 3056 679 3082 et
689 3050 711 3083 de
719 3050 755 3083 filio
765 3048 882 3092 accipientem,

98 3098 167 3130 hentem
176 3106 243 3139 semper
252 3102 318 3139 patrem
328 3096 347 3128 iu
357 3096 417 3141 seipso.
441 3095 479 3129 tta-
502 3106 569 3140 semper
580 3095 635 3139 ipsum
645 3093 716 3128 habens.

134 3149 194 3187 corpus
203 3149 296 3178 llaereseol.
305 3149 325 3178 11.
334 3150 349 3179 3.
717 3154 745 3196 20
