1988 3392
196 257 291 291 PANARll
302 257 345 290 LlB.
357 258 387 291 ΠΙ.
398 259 455 293 ΤΟΜ.
467 260 489 292 ll.
500 259 580 293 EXPOS.
591 258 635 291 FlD.
649 258 745 292 GATHOL.
822 249 865 290 499

74 327 129 380 'vero
139 335 180 391 pati
192 336 240 378 nihil
253 350 320 392 posse.
352 337 384 378 Ad
396 338 445 379 haee
457 338 543 380 animam
560 338 617 381 varia
628 338 648 378 iu
660 338 753 379 animalia
768 338 863 380 transire.

79 403 129 446 ltem
150 404 251 459 discipulis
268 404 310 445 suis
331 405 477 460 quinquennale
498 406 597 448 silentium
615 405 723 446 indicebat.
758 404 865 446 Postremo

79 473 137 513 deum
153 485 199 512 sese
215 472 318 512 nominare
333 485 393 513 ausus
409 479 447 513 est.
672 517 675 521 Δ

136 536 286 595 Xenophanes,
308 536 428 582 Orthumeni
445 529 508 593 lilius,
530 537 668 598 Colophonius
685 553 696 583 e
711 547 766 582 terra
781 547 802 581 et
813 554 866 595 aqua

81 615 190 666 propagata
201 621 247 650 esse
259 607 310 650 dixit
320 609 398 661 omnia,
420 622 485 666 neque
498 609 601 666 quicquum
614 609 635 653 in
648 609 688 653 ulla
701 623 723 653 re
735 607 826 652 veritatis
835 609 866 652 iu-

80 692 138 733 esse;
161 678 191 722 sic
202 677 299 722 incertum
309 679 438 737 ignotumque
451 694 521 723 verum
534 694 587 724 esse.
619 679 693 739 Opinio
707 695 771 735 vero,
792 680 864 738 iuquit,

81 749 154 805 ubique
170 757 274 804 versatur,
291 751 408 807 praesertim
424 750 444 792 iu
461 751 560 794 obscuris.

138 816 282 871 Parmenides,
303 817 384 875 Pyretis
400 819 466 872 filius,
488 820 554 877 patria
568 818 664 874 Eleates,
685 821 783 863 inlinitum
801 820 867 862 aiebat

82 887 171 931 omnium
186 902 253 930 rerum
269 901 315 930 esse
330 888 455 945 principium.

139 955 209 1009 Zeno,
226 956 320 1008 Eleum,
338 956 450 1009 Eristicus,
468 957 511 999 sive
524 954 680 1010 Contentiosus,
698 972 741 999 cmn
757 958 826 999 eadem
838 957 867 999 al-

82 1034 126 1068 tero
142 1040 187 1067 oum
198 1023 283 1066 Zenone
300 1024 413 1075 sentiebat,
435 1032 476 1066 tum
488 1025 609 1066 immobilem
622 1039 668 1066 esse
680 1033 767 1076 terram,
789 1025 868 1066 necin-

82 1106 140 1135 anem
155 1093 215 1134 ullum
233 1105 279 1132 esse
295 1091 368 1132 locum.
399 1090 456 1145 ldrgo
466 1093 495 1132 ita
506 1091 629 1146 disputabat:
652 1091 751 1147 Quicquid
769 1098 868 1143 movetur,

83 1160 150 1202 autin
163 1172 187 1200 eo
198 1158 219 1199 iu
232 1172 271 1214 qno
283 1165 315 1199 est
325 1157 371 1199 loco
382 1166 485 1211 movetur,
503 1159 567 1200 autin
581 1172 620 1214 quo
634 1172 673 1200 uon
686 1166 724 1201 est.
755 1158 819 1215 Atqui
832 1165 869 1199 nec

85 1228 104 1271 in
120 1242 159 1284 quo
174 1227 227 1270 inest
241 1227 298 1280 loco,
314 1241 352 1269 uec
366 1227 437 1283 inquo
451 1242 490 1269 uon
503 1227 556 1269 inest
571 1235 675 1283 movetur3
692 1228 741 1270 nihil
755 1228 817 1285 igitur
827 1242 869 1270 ruo-

85 1305 151 1343 vetur.

140 1367 249 1420 Melissus,
270 1365 448 1424 ltbagenislilius,
469 1367 562 1422 Samius,
584 1384 644 1425 unum
658 1370 868 1423 essedelinitomuia,

86 1453 149 1495 neque
161 1439 264 1494 quicquam
278 1436 299 1479 in
313 1445 383 1479 natura
396 1452 442 1480 esse
453 1446 548 1480 constans
561 1446 596 1480 aut
607 1447 737 1496 perpetuum,
754 1440 790 1481 sed
802 1440 870 1481 omnia

85 1508 105 1551 vi
120 1503 173 1550 esse
182 1505 326 1563 corruptibilia.

141 1574 256 1631 Leucippus
267 1573 360 1616 Milesius
371 1573 472 1630 (Eleatem
484 1575 518 1617 elii
529 1575 614 1630 faciunt)
626 1590 652 1618 ex
664 1574 798 1618 Eristicorum
809 1590 870 1632 grege

86 1644 202 1686 universum
213 1644 233 1685 iu
244 1642 322 1684 inlinitc
335 1643 412 1685 versari
423 1642 498 1684 docuit.
529 1641 595 1685 Porro
606 1643 672 1685 omnia
685 1645 728 1686 sola
744 1644 812 1700 speeie
829 1644 871 1699 opi-

87 1713 186 1766 nioueque
202 1717 309 1760 constare,
332 1711 417 1751 veritate
428 1711 472 1765 ipsa
482 1710 542 1761 nihil,
563 1711 598 1752 sed
615 1724 712 1766 apparere
722 1712 750 1753 ita
766 1712 871 1762 duntaxat,

87 1778 170 1833 perinde
185 1791 209 1819 ac
224 1791 291 1819 remus
305 1777 326 1818 in
341 1791 412 1832 aquarn
428 1777 539 1818 demersus.

144 1845 285 1898 Democritus,
312 1844 429 1902 Damasippi
451 1845 514 1899 lilius,
539 1845 636 1888 Abderita
660 1848 752 1889 mundum
774 1846 872 1889 inlinitum

88 1915 202 1970 coustituit,
226 1930 249 1959 ae
272 1930 332 1974 supra
352 1915 412 1958 inane
433 1916 506 1973 posuit.
544 1914 654 1960 Praeterea
671 1932 732 1960 nuum
751 1932 797 1960 esse
814 1918 872 1960 finem

89 1987 188 2040 omnium,
211 1994 231 2029 et
243 1986 304 2029 animi
315 1986 476 2043 tranquillitatem
488 1987 582 2043 optimum
596 2002 653 2040 esse,
677 1988 756 2031 dolores
767 2002 816 2030 vero
827 1988 874 2030 mali

89 2057 153 2099 omnis
168 2055 265 2099 terminos
282 2055 376 2098 asseruit.
408 2054 466 2111 Quod
483 2055 556 2097 iustum
575 2055 665 2109 videtur,
689 2066 812 2113 nequaquam
829 2070 874 2099 esse

88 2126 174 2177 iustum,
196 2125 290 2167 iniustum
307 2138 356 2167 vero
373 2130 456 2166 naturae
468 2138 514 2166 esse
527 2124 656 2166 contrarium.
689 2123 732 2166 lmo
744 2140 793 2166 vero
811 2125 875 2181 pessi-

89 2208 142 2235 mum
153 2194 255 2235 inventum
267 2193 323 2248 leges
334 2192 456 2248 appellabat,
478 2206 515 2234 nec
527 2192 552 2234 iis
562 2207 634 2248 parere
645 2192 755 2248 sapientem
772 2200 874 2249 oportere,

90 2262 126 2303 sed
141 2261 161 2302 in
176 2274 253 2303 summa
268 2260 361 2301 libertate
375 2259 454 2302 vivere.

147 2327 277 2371 Metrodorus
296 2325 359 2370 Chius
376 2327 424 2369 nihil
434 2342 446 2369 a
457 2342 554 2383 quoquam
568 2327 616 2369 sciri
633 2327 704 2369 voluit.
734 2326 824 2379 Verum,
845 2328 876 2368 iu-

91 2396 144 2452 quit,
161 2410 212 2451 quee
223 2409 283 2438 nosse
294 2396 395 2446 videmur,
412 2402 505 2437 accurate
517 2409 558 2436 nou
569 2394 711 2450 intelligimus,
733 2408 798 2450 neque
811 2397 876 2437 sensi-

92 2464 128 2507 bus
143 2464 254 2508 adhibeuda
268 2464 317 2507 lides
332 2471 376 2507 est:
393 2464 459 2506 omnia
474 2464 544 2522 quippe
560 2463 654 2522 opinione
670 2470 770 2507 constant.

148 2533 283 2593 Protagoras,
299 2533 406 2578 Menandri
419 2535 483 2587 lilius,
506 2534 603 2578 Abderita
614 2535 663 2578 deos
676 2549 721 2578 esse
732 2536 831 2593 negabat,
853 2550 877 2579 ac

94 2605 216 2648 divinitatem
232 2619 311 2648 omnem
326 2605 414 2648 funditus
430 2605 520 2647 tollebat.

150 2674 254 2729 Diogenes
267 2672 392 2730 Smyrnaeus
408 2675 453 2727 vel,
474 2682 496 2716 ut
507 2674 540 2716 alii
552 2674 634 2725 volunt,
659 2672 779 2731 Cyrenaeus
794 2675 877 2716 eandem

95 2756 139 2784 cum
155 2742 267 2798 Protagora
281 2741 394 2798 opinionem
411 2743 481 2784 tenuit.

150 2810 230 2868 Pyrrho
240 2809 341 2852 Elidensis
354 2810 444 2853 collectis
457 2811 549 2852 inunum
567 2811 678 2865 sapientum
695 2811 782 2852 omnium
798 2811 878 2864 dogma·

96 2878 147 2920 tibus
164 2878 310 2920 confutationes
327 2892 396 2919 eorum
412 2878 504 2934 scripsit,
526 2885 546 2920 et
562 2878 639 2920 eversis
655 2878 736 2920 illorum
753 2878 879 2934 opinionibus

96 2946 169 2988 nullam
185 2947 290 3002 amplexus
305 2952 343 2988 est.

153 3012 299 3070 Empedocles,
326 3011 416 3055 Metonis
439 3014 502 3066 lilius,
527 3013 671 3070 Agrigentinus
690 3014 771 3069 ignem,
796 3020 878 3067 terram,

687 3084 735 3128 32*
