1988 3392
153 222 180 266 96
444 233 652 268 ειαοτιεειεεικαα

154 326 192 355 σαν
203 316 318 370 φωστῆρες,
335 313 460 371 Ἐξαγαγέτοι
474 310 489 367 ἦ
502 317 540 370 γῆ,
560 314 605 365 καὶ,
628 311 749 369 Ποιήσωμεν
761 311 876 367 άνθρωιτον.
900 311 940 365 Ὦς

155 399 175 424 τε
186 380 198 424 ά
209 382 275 440 τιατίγρ
287 388 315 442 τῷ
326 386 364 443 υἱῷ
373 389 435 434 λαλεῖ,
450 384 485 425 καὶ
495 384 516 426 οἱ
526 382 562 438 μέν
574 382 630 440 λόγοι
641 388 677 427 τοῦ
690 387 742 427 θεοῦ
754 381 791 433 οῦς
800 388 855 426 λαλεῖ
862 387 891 441 τῷ
901 384 940 443 υἱῷ

155 450 252 496 οάκείσιν
265 455 312 497 νίοί.
340 451 462 503 Ὃδέυίός,
483 451 535 507 πρός
547 451 571 496 ὃν
581 459 635 496 λαλεῖ
645 451 656 496 ό
668 452 745 510 πατὴρ,
766 450 815 509 μετά
825 458 866 496 τῶν
876 452 940 497 άλλων

156 521 244 577 εὐσεβῶς
255 529 342 567 καλεῖται
354 521 424 579 άρτος,
446 523 480 565 καί
492 521 543 578 ζωὴ,
558 524 593 566 καὶ
606 522 722 574 ἀνάστασις,
738 524 766 567 έτι
776 524 811 567 καὶ
825 522 883 580 λόγος
895 521 940 566 ὄνο-

71 590 249 646 ρερευομάζεται,
270 592 338 648 ε’ττειδή
354 591 449 648 ἑρμηνεύς
465 593 505 635 ἐστι
521 595 561 635 τῶν
574 597 611 635 τοῦ
627 597 680 635 θεοῦ
693 591 830 648 βονλημάτων.
853 590 940 647 Ἵναμή

155 656 193 704 οῦν
211 661 325 712 ἀπατῶντες
339 660 386 710 τοῦς
397 658 546 714 ἁπλουστέρους
558 659 592 703 τόν
603 659 649 704 υίόν
661 660 734 704 ταύτόν
744 663 827 717 λέγωσιν
837 663 859 704 οἱ
869 663 940 718 αίρετι-

155 731 189 773 καὶ
199 737 241 780 τοῖς
251 730 317 787 λόγοις
326 736 368 779 τοῖς
379 728 434 785 παρά
443 734 479 772 τοῦ
491 734 542 772 θεοῦ
553 731 690 784 λαλουμένοις,
705 729 728 774 τό
738 729 837 787 διάφορον
847 735 882 774 τοῦ
893 733 941 773 υίοῦ

156 804 193 842 τοῦ
208 804 258 842 θεοῦ
270 797 297 849 σός
307 797 359 854 πρός
370 798 394 842 τά
407 800 486 855 βήματα
498 803 535 841 τοῦ
546 802 598 842 θεοῦ
614 796 770 849 όττοδεικνόντες
782 801 803 843 οἱ
812 801 895 854 πατέρες
906 797 941 842 τόν

156 867 213 921 υἱόν,
228 869 292 923 φημὶ,
307 867 378 911 οὐσίαν
390 868 493 919 ἐκάλεσαν,
513 867 578 918 οίίτσις
589 866 626 923 τήν
637 867 738 925 διαφοράν
748 874 893 926 παριστάντες,
909 867 940 912 ότι

156 934 168 980 0‘
183 936 233 988 θεός
248 936 277 980 α’)’ν
295 939 357 990 ἔστιν,
377 938 412 980 καὶ
423 940 445 981 οἱ
454 937 509 994 λόγοι
520 936 557 987 οῦς
567 942 622 980 λαλεῖ
630 936 698 990 όνιες,
721 936 758 981 ἄλλ’
774 936 812 982 οῦκ
827 936 893 982 οόσίαι
904 942 941 981 τοῦ

156 1011 214 1060 θεοῦ,
223 1008 311 1050 λεκτικαὶ
322 1008 343 1050 δὲ
354 1008 454 1063 ἐνέργειαι.
483 1005 506 1049 ‘0
518 1008 540 1049 δέ
549 1006 594 1057 νίάς
602 1005 662 1063 λόγος
672 1005 700 1049 σίν
708 1005 753 1062 οῦγὶ
765 1008 942 1064 ε’νέργειαλεκτικη
970 1030 974 1040 2

156 1076 197 1118 ἐστι
207 1080 244 1118 τοῦ
254 1080 318 1128 θεοῦ,
333 1074 372 1118 ἄλλ’
382 1075 427 1126 υἱός
440 1076 468 1119 οδν
480 1075 539 1118 οὐσία
555 1077 613 1119 ἐστίν.
643 1078 671 1118 Εἰ
684 1074 722 1133 γάρ
737 1075 749 1120 δ
764 1076 830 1133 πατὴρ
846 1075 885 1129 σίν,
906 1077 941 1120 καί

157 1143 201 1195 υἱός
212 1143 252 1197 τόν,
274 1143 302 1187 σίν
319 1145 340 1188 δέ
352 1144 416 1195 οὕτως
433 1143 500 1194 όνὶός
511 1143 538 1195 ὥς
551 1146 574 1188 έκ
585 1150 621 1187 τοῦ
635 1149 687 1189 θεοῦ
698 1147 748 1200 έχων
759 1148 846 1202 γνησίως
856 1145 878 1189 τό
890 1143 941 1190 εἶναι

156 1214 215 1270 λόγος
226 1213 348 1269 νοηθήσεται
359 1212 370 1257 ό
381 1213 435 1265 υἱός,
452 1212 487 1268 οὐχ
500 1211 527 1263 οἷς
539 1215 561 1255 οἱ
568 1213 625 1269 λόγοι
636 1215 657 1257 οἱ
671 1213 743 1269 3τιαρά
755 1220 807 1258 θεοῦ
818 1214 940 1270 λαλοάμενοι.

156 1280 240 1326 Ἐκεῖνοι
254 1282 292 1339 γάρ
304 1281 326 1326 τό
339 1280 389 1325 εἶναι
402 1284 423 1325 ἒν
433 1286 460 1340 τῷ
469 1287 560 1325 λαλοῦντι
571 1283 662 1337 έχουσιν,
681 1280 694 1326 δ
705 1283 726 1326 δέ
736 1282 758 1326 τό
771 1281 823 1327 εἶναι
835 1289 863 1343 τῷ
873 1285 894 1327 έκ
905 1288 941 1327 τοῦ
983 1286 985 1290 ’

157 1350 232 1408 πατρός
242 1357 383 1408 γεγεννῆσθαι,
398 1353 433 1394 κοιλ
442 1350 524 1394 άκοόειν
534 1355 571 1394 τοῦ
582 1350 665 1407 πατρὸς,
680 1352 715 1394 καὶ
726 1350 836 1410 ὑπουργεῖν
844 1357 872 1412 τῷ
880 1354 941 1411 πατρὶ

157 1422 200 1476 ἔχει.
234 1420 313 1475 Ταύτην
328 1415 366 1464 οῦν
380 1419 416 1476 την
431 1418 541 1464 ῦιτόστασιν
555 1418 625 1464 οιίσέαν
639 1418 736 1465 ἐκάλεσαν
751 1423 772 1465 οἷ
785 1423 874 1479 τιατέρες.

208 1627 296 1683 Ὅμοιον
307 1622 345 1672 οῦν
359 1633 446 1682 νοοῦμεν
459 1626 494 1671 τόν
504 1627 550 1670 υίόν
562 1632 590 1686 τῷ
599 1629 660 1686 πατρὶ
670 1627 721 1671 κατά
733 1628 809 1682 πάντα,
830 1629 943 1685 μαχόμενοι

158 1698 191 1741 καί
211 1696 262 1755 τορός
279 1696 316 1751 τὴν
332 1701 370 1739 νῦν
387 1697 524 1751 έτιιφνομένην
541 1698 617 1752 αἳρεσιν
636 1702 675 1757 Ῑτῇ
691 1699 789 1757 ἐκκλησίᾳ.
818 1696 892 1755 Ἡγάρ
905 1702 944 1742 νῦν

159 1770 241 1823 αἵρεσις,
256 1765 306 1810 κατά
318 1766 353 1821 μέν
363 1764 459 1821 βούλησιν
469 1766 504 1808 καὶ
515 1764 552 1820 την
560 1767 659 1823 ἐνέργειαν
669 1764 801 1820 άτιοφαίνεται
811 1764 862 1810 εἶναι
871 1765 944 1822 δ’μοιον

158 1835 193 1879 τόν
205 1835 250 1879 υἷὸν
265 1839 293 1894 τῷ
308 1835 379 1890 πατρὶ,
400 1833 450 1877 κατά
466 1834 487 1876 δέ
505 1832 545 1876 2τά
562 1832 658 1889 ἀνόμοιον
669 1832 720 1878 εἶναι
732 1834 767 1879 τόν
780 1833 826 1879 υἱόν
838 1841 866 1894 τῷ
877 1837 945 1893 πατρί,

159 1903 186 1955 οἷς
197 1903 380 1956 κατασκευάζεσθαι
392 1901 448 1959 παρά
459 1907 499 1945 τῶν
509 1907 546 1945 νῦν
557 1908 633 1946 καινῶν
645 1905 761 1960 αἱρετικῶν,
781 1903 812 1947 ὅτι
824 1903 838 1960 ἦ
849 1904 885 1958 μέν
896 1905 946 1959 βοό-

159 1979 215 2029 λησις
224 1978 261 2015 τοῦ
272 1974 320 2015 νίοῦ
332 1973 366 2015 καί
377 1969 391 2026 ἡ
402 1973 489 2028 ἐνέργεια
503 1976 540 2014 τοῦ
552 1973 598 2015 υἱοῦ
610 1969 670 2026 ὁμοία
682 1977 706 2031 ιη
718 1972 812 2028 βουλήσει
822 1978 860 2016 τοῦ
869 1973 946 2028 πατρός

159 2043 193 2084 καὶ
205 2046 229 2100 τῇ
241 2043 327 2099 ἐνεργείᾳ
338 2045 375 2083 τοῦ
387 2039 473 2097 ιιατρός,
489 2038 550 2090 αότός
562 2041 584 2083 δέ
595 2038 608 2083 o‘
619 2039 664 2091 υίάς
675 2038 772 2096 οἷνόμοιος
782 2047 810 2100 τῷ
821 2046 887 2095 πατρί.
904 2045 945 2086 Καὶ

160 2109 194 2154 διά
204 2115 263 2154 τοῦτο
272 2108 309 2164 τήν
319 2110 355 2164 μέν
364 2109 458 2167 βοάλησιν
468 2114 506 2151 τοῦ
517 2111 565 2152 υίοῦ
574 2111 609 2152 καὶ
619 2109 657 2165 την
668 2111 767 2167 ἐνέργειαν
776 2111 883 2166 βούλονται
895 2109 946 2155 εἶναι

160 2177 232 2234 όμοίαν
247 2183 272 2239 τῇ
284 2177 377 2234 βουλήσει
392 2183 430 2221 τοῦ
440 2176 517 2233 πατρός
526 2179 561 2220 καὶ
572 2182 597 2237 τῇ
610 2180 709 2237 ἐνεργείᾳ,
730 2177 766 2222 τόν
776 2179 798 2222 δέ
807 2178 853 2223 οἷόν
862 2179 887 2222 οῦ
897 2179 945 2235 βοά-

159 2253 228 2291 λονται
241 2247 313 2302 ὅμοιον
327 2245 417 2304 εἶναιτῷ
429 2247 500 2302 πατρὶ,
521 2245 591 2300 εἰτειδη
601 2248 764 2301 διαβεβαιοῦνται
775 2246 803 2301 μη
814 2246 865 2291 εἶναι
875 2249 897 2291 έκ
909 2253 945 2292 τοῦ

162 2321 214 2358 θεοῦ
225 2316 369 2372 γεγεννημένον
378 2313 414 2356 τόν
425 2312 476 2367 υἱόν,
492 2311 540 2355 IIII
549 2313 613 2368 μόνον
624 2317 696 2369 κτίσμα
706 2312 757 2357 εἶναι
767 2312 838 2367 αῦτδν,
852 2317 886 2359 καί
899 2320 945 2360 τοῦ·

160 2402 196 2427 τον
210 2384 312 2439 διαφέρειν
325 2387 364 2425 τῶν
378 2387 455 2426 λοιπῶν
470 2380 594 2437 κτισμάτων,
614 2381 645 2426 ότι
658 2400 680 2425 τε
693 2380 783 2439 όττερέχει
799 2385 890 2440 μεγέθει,
911 2386 945 2428 καί

161 2451 192 2495 ίίτι
204 2457 283 2508 πρῶτος
293 2457 332 2494 τῶν
344 2448 439 2494 ἁπάντων
453 2448 534 2505 ὖτιέσιη,
549 2452 583 2494 καὶ
595 2450 627 2494 ότι
638 2448 735 2510 άττουργῷ
747 2449 800 2509 αῦιῷ
812 2453 906 2507 ἐχρήσατο
917 2455 945 2504 είς

161 2519 251 2575 τὴντῶν
267 2524 343 2563 λοιπῶν
359 2522 491 2575 δημιουργίαν
501 2517 513 2562 ά
522 2518 582 2572 θεός,
599 2519 679 2574 ἐπειδη,
694 2521 757 2572 φασίν
768 2522 790 2563 οἴ
802 2522 905 2577 αἱρετικοί,
920 2520 945 2564 τά

162 2590 198 2644 μέν
217 2588 263 2631 IIIa
280 2587 305 2631 δι’
315 2591 362 2631 υἱοῦ
378 2585 391 2630 ό
404 2586 453 2637 θεός
466 2590 539 2640 ε’τιοίει,
550 2586 620 2638 οιῦτδν
637 2588 659 2630 δέ
673 2586 698 2630 οῦ
709 2587 743 2630 διά
754 2606 819 2641 τινος,
834 2587 874 2632 ἄλλ’
884 2588 945 2641 αῦτός

161 2655 223 2701 ου’τδν
243 2656 377 2713 αότοάργησε,
397 2657 432 2699 καὶ
448 2654 570 2712 ὑπερέχοντα
590 2657 670 2714 μεγέθει
689 2658 723 2701 καὶ
744 2657 829 2714 δυνάμει
849 2656 945 2703 άτιάνταν

161 2729 247 2782 ἔτιοίησε.
277 2725 317 2768 Διά
331 2731 390 2768 τοῦτο
406 2725 468 2769 αὐτόν
481 2725 560 2769 ἐκάλεσε
575 2729 672 2782 μονογενη
686 2725 735 2770 υἱόν.

67 2807 113 2851 Κεφ.
123 2803 150 2843 ιδ’,
219 2795 286 2850 Ἡμεῖς
297 2796 319 2838 δὲ
331 2796 352 2838 οἱ
366 2799 400 2849 τῆς
417 2799 529 2848 καθολικῆς
540 2796 643 2848 ἐκκλησίας
653 2797 675 2839 έκ
688 2800 727 2839 τῶν
738 2799 801 2840 θείων
811 2801 896 2853 γραφῶν
907 2795 944 2852 τὴν

78 2894 113 2924 pag.
122 2886 153 2915 εει,
162 2863 271 2923 δμολογίαν
279 2868 316 2920 τῆς
324 2866 408 2914 πίστεως
418 2863 562 2922 παρειληφότες
571 2862 635 2915 οὕτως
644 2866 720 2922 ἔχομεν,
735 2864 767 2909 ότι
776 2863 789 2909 ό
797 2863 862 2923 πατὴρ
871 2863 944 2922 όμοίον

184 3006 202 3041 3.
212 3005 259 3050 παρὰ
270 3008 315 3041 codd.
330 3016 368 3040 mss.
384 3010 459 3051 uterque,
475 3009 490 3041 τι
504 3006 542 3041 edit.
589 3005 628 3040 Οτι».
639 3007 688 3041 XIII.
700 3026 723 3033 —
752 3006 767 3041 l.
778 3007 800 3053 τῇ
811 3008 885 3041 omissum
896 3011 918 3042 est
927 3009 944 3042 ιἰι

160 3056 212 3096 μήκεα
235 3051 265 3089 διὰ
276 3055 301 3087 αλ.
311 3055 368 3089 Ριιαυ.
565 3054 590 3086 τά.
603 3055 658 3087 Ρελτυ.

584 3099 601 3134 2.
614 3101 701 3135 Carnarius
717 3101 753 3146 (qui
763 3102 809 3135 verIII
822 3099 870 3135 iuxta
885 3111 944 3135 essen-
