1988 3392
138 226 180 267 114
428 234 511 269 οιοιοτι
522 233 637 267 nummu
652 222 653 225 ’

51 332 87 362 pag,
95 323 127 353 ew.
138 315 212 367 σοφίαν
223 311 268 356 υίόν
280 314 302 357 ἐκ
312 318 379 370 σοφοῦ
391 318 442 357 θεοῦ
452 313 487 356 καὶ
497 310 584 370 πατρός,
599 312 634 355 καί
644 311 741 365 καθάπαξ
750 312 802 357 κατά
812 312 879 359 πάντα
889 318 924 362 τόν

137 381 183 426 υίδν
195 381 267 438 ὅμοιον
282 387 311 442 τῷ
321 384 391 440 πατρί,
413 380 497 433 ύςυίόν
513 384 579 439 πατρί.
610 383 651 425 Καὶ
663 384 683 426 εί
691 400 721 434 τις
732 381 783 425 κατά
795 401 814 427 τι
824 385 875 442 λέγει
888 386 924 431 9ύ-

138 469 208 507 μοιον,
230 449 258 503 οἷς
273 453 431 510 προγέγραπται,
452 448 556 508 άλλότριον
572 448 622 495 εἶναι
637 456 672 507 τῆς
686 456 797 507 καθολικῆς
812 453 923 509 ἐκκλησίας,

138 518 167 571 οἷς
179 519 207 576 μη
217 519 269 564 κατά
278 520 313 572 τάς
322 523 380 571 θείας
391 518 471 576 γραφάς
482 519 554 575 ύμοιον
564 519 599 564 τόν
609 519 655 564 υίόν
665 526 693 580 τῷ
705 522 765 578 πατρί
775 521 843 578 λέγων.
872 521 924 568 Ἀνε-

137 589 221 647 γνσίσθη
232 588 245 646 ἡ
257 587 377 647 ύπογραφη,
392 589 427 631 καὶ
438 587 503 644 ἐδόθη
515 587 621 642 Οὐάλεντι,
636 589 736 647 παρόντος
745 588 843 647 Μάρκου,
859 596 924 651 Γεωρ-

136 662 194 716 γίου,
211 657 335 716 Ούρσακίον,
355 662 500 713 10Γερμανού,
514 655 648 711 ’Τπατιανού,
663 658 780 704 ἐπισκόπων
790 661 826 704 καί
837 664 922 719 πρέσβυ.

136 729 200 787 τέραα
214 729 249 772 καί
263 726 363 771 διακόνιον
377 725 480 771 πλειόνων.

194 861 260 909 Αύται
272 867 295 909 αἱ
304 867 404 910 ἐπιστολαί
418 864 551 923 μετετάγησαυ
562 864 615 923 πρός
627 864 650 910 τό
662 867 734 910 εἰδέναι
744 867 828 912 ἕκαστον
840 872 881 912 τῶν
891 886 924 923 φι-

135 934 234 993 λολόγων,
254 941 294 980 τῶν
304 935 329 979 τά
340 934 408 991 άληθῆ
419 939 455 989 τῆς
467 938 552 987 πίστεως
562 934 706 991 έκζητούντων,
725 934 756 980 ότι
766 936 791 980 ού
802 936 852 981 κατά
863 943 923 982 κενοῦ

136 1003 242 1062 φερόμεθα
255 1004 307 1062 πρός
318 1023 373 1056 τινας
385 1005 458 1062 λέγειν,
479 1002 519 1047 ἀλλ’
534 1006 554 1056 ἐξ
566 1001 670 1060 άληθιναῖν
684 1004 797 1049 συστάσεσιν
807 1006 922 1062 φιλοτιμού·

136 1080 190 1130 μεθα
201 1072 311 1131 ὁρμᾶσθαι.
341 1074 483 1129 Διηνέχθησαν
496 1068 534 1117 οὖν
545 1075 566 1117 οί
578 1072 636 1117 αύτοί
647 1071 707 1117 πάλιν
716 1071 769 1131 πρός
777 1073 825 1126 τούς
838 1074 876 1118 σύν
888 1075 923 1119 ού-

135 1149 188 1196 τοῖς,
211 1142 244 1187 διά
260 1147 307 1199 μίση
324 1147 384 1187 τινῶν
399 1144 434 1185 καί
450 1147 509 1197 ζῆλον
521 1140 654 1199 άνθριίπινον
671 1143 815 1199 ἒρεσχελοῦντες
830 1143 923 1202 ἑκάτερος

136 1211 188 1269 πρός
199 1211 302 1269 ἑκάτερον,
317 1214 352 1255 καί
363 1215 515 1268 φιλαρχούντες,
536 1212 569 1254 καί
584 1210 699 1268 ἐκρατύνθη
712 1211 756 1255 τότε
768 1211 790 1256 τό
802 1213 863 1270 μέρος
876 1212 921 1257 τού-

135 1279 363 1338 τωντῶνἩμιαρείων,
384 1285 425 1323 τῶν
435 1282 481 1336 περὶ
490 1283 603 1332 Βασίλειον,
623 1281 687 1335 φημί,
709 1282 743 1324 καὶ
756 1280 867 1339 Γειόργιον,
888 1283 923 1325 καί

135 1348 259 1402 Σιλουανόν,
274 1350 310 1393 καί
319 1348 414 1402 λοιπούς,
429 1350 505 1404 ἔχοντες
518 1346 563 1403 μεθ’
584 1350 661 1392 ἑαυτῶν
671 1347 745 1405 σαρκός
764 1349 842 1402 δεξιάν,
865 1354 923 1394 Κων-

134 1417 227 1462 στάντιου
236 1417 272 1461 τόν
284 1419 375 1473 βασιλέα,
399 1420 436 1460 1οἱ
444 1418 489 1473 περί
500 1415 612 1470 Εύδόξιον,
632 1419 667 1460 καί
679 1417 781 1475 Γειάργιον
790 1417 826 1462 τόν
832 1417 922 1471 Ἀλεξαν-

43 890 89 936 Κεφ.
96 889 130 935 κγ’.

135 1488 194 1543 δρέα,
214 1488 250 1530 καί
265 1485 359 1539 Εύζοίϊον
375 1485 409 1530 τόν
420 1486 529 1541 Ἀντιοχέα.
560 1487 602 1529 Καὶ
617 1488 639 1529 οἱ
653 1487 690 1541 μὲν
705 1488 750 1543 περὶ
766 1490 870 1531 Βασίλειον
888 1489 922 1531 καί

135 1560 156 1598 Γ
153 1554 236 1611 εοίργιον
251 1554 287 1599 τόν
301 1556 404 1599 Λαοδικέα
415 1554 591 1609 ἐταπεινώθησαν,
606 1558 678 1611 καίπερ
690 1554 752 1599 πολλά
768 1554 886 1611 ἰσχύσαντες,
902 1557 923 1608 ἐξ

136 1618 165 1667 οἶν
172 1624 237 1667 πάλιν
251 1625 314 1681 έτεροι
326 1625 452 1684 διῃρέθησαν
462 1628 498 1679 τῆς
510 1622 573 1678 αύτῆς
582 1624 676 1681 αἱρέσεως
687 1625 721 1667 καί
734 1623 831 1677 συνόδου,
845 1626 879 1667 καὶ
891 1625 921 1681 γε’-

134 1709 181 1750 γονε
197 1691 220 1736 τό
238 1697 278 1736 τῶν
291 1691 398 1750 Ἀρειανῶν
413 1691 504 1747 σύστημα
519 1694 547 1742 είς
562 1695 606 1748 τρία
620 1691 716 1749 τάγματα.
743 1692 840 1743 Ἀκάκιος
856 1691 894 1750 γάρ
911 1687 923 1735 ό

136 1764 283 1815 Παλαιστῖνος,
299 1760 311 1805 o‘
324 1764 456 1818 Καισαρείας,
471 1759 512 1815 άμα
525 1764 633 1820 ΞΜελετίῳ
648 1762 684 1805 καί
698 1759 791 1821 Ούρανίῳ
806 1765 834 1820 τῷ
848 1763 921 1820 Τυρίῳ,

136 1830 171 1872 καί
186 1828 280 1888 Εύτυχίῳ
292 1835 320 1889 τῷ
329 1829 515 1888 Ἐλευθεροπολίτη,
531 1828 564 1872 διά
574 1828 610 1872 τόν
620 1828 672 1886 πρός
684 1828 783 1886 Κύριλλον
795 1827 830 1873 τόν
840 1827 922 1886 Ἱεροσο-

134 1900 218 1953 λυμίτην
229 1897 288 1953 ζῆλόν
299 1899 364 1941 τεκαὶ
377 1904 445 1953 μῖσος,
460 1895 567 1941 άνθίστατο
582 1903 625 1948 τοῖς
639 1899 685 1954 περὶ
697 1901 800 1941 Βασίλειον
812 1899 846 1940 καί
857 1897 922 1955 Γεύρ-

134 1984 180 2023 γιον
198 1965 234 2010 τόν
252 1967 366 2019 Λαοδικέα,
389 1968 424 2009 καί
438 1965 551 2009 Σιλουανόν
570 1964 605 2009 τόν
623 1967 710 2023 Ταρσέα,
729 1965 833 2010 Ἐλεύσιόν
851 1984 872 2010 τε
886 1965 922 2010 τόν

134 2038 236 2088 Κυζίκου,
259 2034 390 2078 Μακεδόνων
405 2034 439 2078 τόν
457 2033 729 2088 Κωνσταντινονπολιτανόν,
750 2034 871 2078 Εύστάθιον
885 2033 921 2079 τόν

133 2105 266 2157 Σεβαστείας,
280 2105 316 2146 καὶ
322 2102 418 2147 Ἆνιανύν
428 2102 463 2147 τόν
469 2103 583 2158 Ἀντιοχέα,
599 2103 642 2146 τότε
656 2105 822 2147 3κατασταθέντα
832 2102 875 2147 κατ’
886 2102 921 2147 αύ-

132 2177 173 2215 τοῖν
189 2170 261 2215 ἑαυτόν
274 2172 395 2229 στρατεύσας
414 2170 426 2215 ό
441 2170 502 2222 αύτός
515 2170 611 2221 Ἀκάκιος
627 2171 702 2227 πολλὴν
721 2171 795 2229 φύρσιν
811 2171 921 2230 εἰργάσατο.

135 2241 177 2283 Καὶ
188 2240 291 2297 γεγόνασιν
305 2241 333 2289 εἰς
346 2238 453 2294 ἀλλήλους,
474 2237 573 2294 ὁμόδοξον
585 2240 621 2294 μέν
635 2240 717 2296 γνοίμην
728 2241 857 2295 κεκτημένοι,
878 2243 921 2285 δια·

135 2307 206 2365 φύρας
222 2308 245 2351 δὲ
259 2308 344 2351 ἑκάστου
360 2308 428 2351 αὐτῶν
443 2305 598 2364 ὁμολογοῦντος,
619 2310 646 2358 είς
661 2308 757 2363 ἀλλήλους
774 2311 921 2366 διενηυεγμένοι

134 2377 169 2419 καί
186 2377 299 2431 σχισθέντες
314 2378 342 2427 είς
355 2375 380 2419 τά
396 2378 530 2434 προειρημένα
547 2375 699 2431 διεσπάσθησαν
714 2379 759 2432 τρία
774 2375 869 2434 τάγματα.
892 2377 920 2421 Ὃ

135 2445 172 2500 μὲν
184 2443 222 2501 γάρ
230 2444 327 2496 Ἀκάκιος
340 2447 408 2489 καλοί
418 2444 458 2501 μετ’
471 2445 534 2489 αὐτοῦ
550 2444 596 2488 ούτε
606 2443 715 2500 όμοούσιον
725 2443 853 2503 ’ω’μολόγουν,
875 2445 920 2490 ούτε

48 2539 84 2571 μμ.
94 2530 125 2560 οτι,
135 2515 207 2567 κτίσμα
216 2515 240 2556 ἓν
250 2518 289 2556 τῶν
300 2513 425 2568 κτισμάτων,
445 2517 517 2570 καίπερ
528 2516 550 2556 οί
559 2511 617 2555 αύτοί
628 2511 760 2569 ὑπάρχοντες,
773 2519 843 2571 κρνφῆ
853 2514 874 2557 δὲ
886 2513 920 2557 διά

134 2579 169 2625 τόν
186 2579 257 2639 καιρόν
272 2581 464 2639 παρασιωπήσαντες
477 2581 500 2626 τό
514 2587 551 2625 τού
566 2584 673 2636 κτίσματος
687 2580 745 2626 αύτοί
762 2583 798 2638 μὲν
812 2581 854 2627 ύλοι
868 2577 920 2639 ἦσαν

135 2648 204 2693 όποῖοι
218 2651 253 2692 καί
266 2648 387 2707 4Ἀρειανοί.
418 2651 579 2709 Παρεκρύβησαν
589 2650 610 2693 δὲ
622 2653 661 2694 ὓὲν
671 2654 699 2711 τῷ
708 2656 772 2710 καιρῷ
782 2649 861 2711 ἐκείνῳ,
882 2670 920 2707 μη-

157 2765 174 2801 9.
187 2768 260 2800 Fortasse
271 2761 328 2809 ὅμοιοι
339 2766 394 2810 μόνον.
537 2769 563 2800 lon
574 2771 621 2809 τιμαί.
632 2769 689 2801 vitium
700 2772 722 2802 est
733 2767 823 2812 Μαλητίῳ.

158 2812 185 2845 10.
202 2811 236 2844 Alii
251 2810 351 2855 Γερμαιίου.
375 2812 409 2846 Sed
423 2812 514 2857 Γερμινίον
849 2824 866 2853 τι

134 2856 230 2902 legendum.
242 2859 323 2891 petavius.
560 2858 577 2893 3.
601 2858 730 2895 κατασταὲέιτα
749 2860 865 2902 (καταοταθεν
884 2861 918 2894 cod.

158 2903 198 2936 (ἷκε.
214 2904 316 2937 ΧΧΙΙΙ.-
346 2904 360 2937 1.
378 2905 431 2938 Deest
446 2903 515 2949 aliquid.
537 2905 576 2946 len.)
589 2907 635 2940 codd.
646 2916 683 2939 mss.
695 2915 765 2938 meorum
775 2908 875 2948 αίιτηκι,ιλ
885 2907 919 2940 Ρα-

134 2951 214 2983 Petamus.
239 2951 326 2983 συντονίας
338 2953 384 2984 vertit
398 2950 443 2984 Vicit
458 2957 515 2984 tamen
537 2953 600 2985 risinus.
624 2953 642 2985 V.
654 2953 718 2986 Ριλοοίὶ
727 2954 784 2984 annot.
800 2951 918 2987 κατασταθέν-

135 2994 220 3027 Eudoxius
236 3002 254 3027 et
265 2995 349 3040 Georgius
362 2996 484 3030 Alexandrinus
498 3003 516 3029 et
537 3008 571 3031 των
580 2999 658 3031 editorum
668 3001 691 3030 est
701 2998 787 3038 scriptura,
798 3006 847 3038 quam
856 3000 919 3031 interim

134 3040 206 3072 Euzoius
218 3041 337 3074 Antiochenus.
355 3043 377 3074 Et
389 3042 457 3075 Basilius
469 3046 502 3076 τελλ.
537 3045 635 3076 retinendam
652 3044 728 3075 iudicavi.
759 3043 824 3075 videtur
839 3045 918 3085 οοττίροο·

158 3085 174 3119 2.
181 3087 226 3119 Libri
231 3088 278 3129 ναίςο
284 3086 372 3133 Μελητλῳ.
383 3090 412 3122 Ed.
421 3090 476 3123 Petuv.
486 3089 515 3122 Go-
538 3089 576 3122 dum
592 3099 624 3123 esse
635 3084 732 3133 Ἀντιοχέα,
748 3083 788 3124 τότε
802 3088 918 3125 κατασταλέν-
