1988 3392
241 232 335 268 rauauu
347 232 428 267 ernau.
440 232 518 268 roua.
531 231 599 265 utcu.
607 230 689 265 cxxvr.
817 220 858 262 191

236 372 444 425 ADVERSUS
469 371 688 432 submoues

195 471 251 520 quae
275 459 310 504 cst
333 454 434 504 haeresis
456 453 533 518 LVL,
557 455 606 505 sive
629 452 740 503 LXXVI.

130 555 216 600 Praeter
226 558 263 599 bos
275 557 375 600 Anomoei
392 557 468 613 quidam
484 558 594 599 extiterunt
610 570 683 598 recens
694 556 714 597 in
727 555 791 597 lucem
803 554 858 606 editi,
877 558 942 603 Cap-1.

73 641 156 683 quorum
169 625 260 683 princeps
271 615 344 669 Aetius
356 627 451 669 diaconus
464 626 511 678 lnit;
528 627 559 681 qni
572 627 595 668 ad
608 640 653 667 eunt
664 625 766 680 dignitatis
778 625 861 679 gradum

74 696 99 737 ob
112 695 198 752 ineptias
207 710 230 737 ac
242 710 305 751 nugas
316 710 363 737 suas
374 712 385 737 a
398 695 488 750 Georgio
501 695 640 736 Alexandrino
656 702 759 751 promotus
771 700 814 743 est,
837 707 862 733 eo

73 763 166 806 videlicet
176 764 220 820 ipso
230 764 263 820 qui
275 764 396 806 Arianornm
408 763 483 820 pariter
495 777 518 804 ac
528 761 683 805 llleletianornur
694 763 812 819 episcopus,
830 762 862 802 ln-

73 831 127 873 liano
138 832 260 889 imperante,
277 839 298 873 ut
311 839 371 874 antca
381 832 495 882 docuimus,
512 832 531 872 in
543 831 638 872 camelum
648 830 746 886 impositis
759 837 801 872 teta
812 829 862 871 urbe

73 900 206 956 ignominiose
220 899 322 942 traductus
337 908 376 942 est.
408 901 439 941 Ac
450 899 532 954 primum
544 899 569 940 ab
584 899 691 954 gentilibus
707 900 859 954 circumseptus,

74 982 97 1009 ac
109 968 169 1010 multa
182 982 302 1024 perpessus,
324 975 383 1023 utque
400 968 424 1008 ad
438 981 482 1008 enm
494 981 552 1022 quem
564 967 650 1008 diximus
661 967 740 1008 modum
751 967 862 1008 circumdu-

74 1043 130 1088 ctus,
152 1044 172 1077 et
186 1036 270 1077 lustihus
285 1049 403 1091 percussus,
425 1042 505 1090 totaque
518 1036 658 1091 propemodum
672 1034 819 1086 ordenamus,
841 1035 861 1075 iu

73 1103 99 1145 iis
117 1103 218 1160 suppliciis
236 1104 337 1145 extinctus
354 1111 397 1154 est,
419 1117 442 1143 uc
459 1110 503 1158 post
518 1102 592 1143 obitum
609 1110 761 1153 concrematus,
783 1110 804 1144 et
819 1116 862 1143 cum

74 1170 141 1214 multis
153 1172 248 1228 pecudum
259 1185 283 1213 ac
294 1171 402 1214 bestiarum
413 1172 492 1213 ossibus
508 1171 526 1212 in
539 1171 627 1212 cinerem
644 1172 749 1222 redactus,
771 1178 830 1226 atque
843 1172 863 1212 in

74 1246 147 1283 veritos
164 1239 277 1297 dispersus,
301 1239 360 1281 talem
376 1240 451 1282 exitum
469 1240 520 1281 vitae
536 1247 656 1281 consecutus
669 1246 708 1281 est.
739 1237 771 1281 De
784 1254 822 1295 quo
833 1239 863 1281 sic

74 1309 162 1352 obiicere
181 1309 238 1351 nobis
255 1309 351 1367 quispiam
368 1316 446 1367 potest:
469 1307 520 1351 Cum
538 1308 586 1350 baec
597 1322 609 1350 a
620 1308 727 1365 gentilibus
743 1323 814 1365 passus
827 1309 861 1362 sit,

75 1394 142 1423 uorrne
153 1380 269 1438 martyrium
281 1380 355 1422 obiisse
366 1379 429 1423 videri
440 1381 519 1437 potest?
549 1377 624 1421 Verum
641 1379 658 1421 si
671 1393 706 1434 pro
721 1380 806 1421 veritate
819 1393 862 1421 eer-

75 1457 141 1492 tameu
159 1450 255 1492 eiusmodi
272 1450 378 1502 subiisset,
404 1457 423 1491 et
436 1465 447 1493 a
459 1448 567 1504 gentilibus
583 1448 608 1491 ob
624 1448 730 1501 iuvidiam,
755 1449 788 1491 vel
803 1446 862 1491 Chri-

75 1519 135 1562 stiani
148 1518 234 1561 nominis
245 1518 389 1577 professionem
402 1518 451 1561 baec
462 1518 500 1575 ipsi
511 1520 576 1560 forent
587 1517 661 1560 inflicta
672 1518 777 1575 supplicia,
795 1519 863 1575 procul

75 1587 135 1631 dubio
150 1589 202 1631 iuter
217 1595 330 1645 martyres,
352 1588 462 1643 etquidem
474 1586 592 1644 primarios,
615 1588 741 1629 collocandus
752 1588 862 1640 videretur,

76 1658 112 1699 sed
124 1657 174 1699 baee
187 1657 268 1698 minime
279 1664 360 1714 propter
371 1655 447 1699 Christi
460 1656 606 1697 consessionem
619 1656 724 1709 sustinuit,
741 1657 786 1711 quin
799 1657 864 1714 potius

76 1725 101 1767 ob
114 1739 193 1767 omnem
204 1725 257 1767 illam
270 1725 362 1766 iniuriam
374 1739 397 1766 ac
408 1724 522 1767 violentiam
536 1739 575 1779 qua
586 1724 712 1780 episcopatus
722 1724 754 1766 sui
765 1732 863 1781 tempore,

76 1808 155 1850 quoquo
168 1807 214 1835 eum
229 1793 308 1834 tandem
324 1794 382 1834 modo
398 1792 496 1847 gesserit,
518 1792 619 1834 civitatem
638 1806 717 1834 onmem
734 1807 757 1834 ac
772 1794 864 1849 populum

76 1861 187 1918 oppressit,
204 1875 247 1903 cum
260 1863 378 1916 praesertim
390 1861 467 1903 civibus
480 1867 562 1916 paterna
576 1860 628 1902 boua
639 1875 662 1902 ae
674 1860 813 1916 possessiones
825 1862 864 1903 eri-

77 1936 140 1986 peret.
171 1928 243 1985 Neque
257 1944 306 1971 vero
322 1929 437 1971 calumniari
454 1929 553 1970 bominem
568 1929 671 1982 volumus3
695 1929 757 1984 variis
769 1931 821 1971 euim
833 1929 864 1971 bic

76 1997 227 2040 Alexandrinos
238 1997 368 2038 incommodis
379 1996 453 2038 affecit.
486 1995 547 2038 Velut
557 2011 602 2038 curo
614 1996 708 2039 nitrarias
723 2012 793 2041 omnes
805 1998 865 2040 ellici-

77 2079 114 2108 uas
125 2066 221 2116 redemit,
237 2079 331 2106 unacum
345 2065 413 2121 papyri
424 2065 533 2119 calamique
546 2064 661 2120 paludibus,
683 2079 772 2106 necnon
785 2074 806 2108 et
817 2067 864 2108 sali-

77 2133 133 2176 naria
146 2132 213 2175 omnia
226 2140 311 2188 stagna,
328 2147 377 2188 quae
391 2133 515 2185 conducere,
532 2139 552 2173 et
563 2133 587 2173 ad
600 2145 646 2174 sese
658 2135 769 2175 translerre
779 2135 863 2176 studuit.

78 2199 142 2245 Cuius
158 2209 226 2244 tautae
243 2209 348 2259 praeterea
364 2201 435 2244 sordes
450 2201 545 2243 avaritiae
561 2202 641 2243 luerunt
654 2208 675 2243 ut
687 2202 746 2244 etiam
761 2202 865 2245 vilissimis

78 2284 105 2313 ex
124 2269 184 2313 rebus
201 2270 317 2313 illiberalem
333 2284 411 2313 omnem
431 2277 534 2326 quaestum
550 2284 627 2312 summa
641 2284 679 2327 ope
696 2285 720 2312 ac
735 2271 864 2314 contentione

78 2346 175 2398 captaret.
205 2338 259 2382 Nam
269 2339 322 2382 inter
333 2347 401 2382 cetera
411 2339 570 2392 lecticariorum,
592 2340 616 2382 ad
629 2340 731 2383 efferenda
742 2348 865 2384 mortuorum

78 2411 190 2462 cadavera,
213 2416 289 2452 eertum
305 2423 408 2452 numerum
421 2409 518 2462 instituit,
541 2423 605 2466 neque
617 2409 707 2467 cuiquam
718 2412 762 2454 siue
774 2411 804 2454 bis
814 2426 864 2468 qnos

79 2479 124 2522 hnic
135 2479 199 2521 officio
210 2486 354 2535 praeposuerat
363 2486 461 2521 mortuum
470 2479 542 2521 licebat
553 2487 669 2536 exportare,
686 2481 812 2536 peregrinum
824 2496 865 2523 ma-

78 2549 142 2592 xime.
174 2545 232 2603 Quotl
244 2561 283 2589 uon
295 2547 433 2605 hospitalitatis
448 2563 516 2590 amore
533 2547 629 2600 iaciebat,
646 2550 681 2590 sed
692 2550 755 2602 lucri,
771 2551 800 2592 uti
813 2550 863 2605 dixi,

78 2618 215 2677 pecuniaeque
229 2617 301 2674 gratia.
333 2616 391 2673 Quod
406 2617 423 2659 si
435 2617 479 2674 quis
489 2617 561 2660 mortui
573 2632 645 2674 eorpus
657 2632 693 2675 per
703 2632 749 2661 sese
762 2620 864 2676 sepeliret,

78 2688 99 2730 in
110 2687 218 2744 periculum
229 2687 345 2730 vocabatur.
378 2686 440 2741 lgitur
449 2701 476 2728 ex
486 2700 605 2742 unoquoque
616 2688 715 2729 cadavere
725 2696 819 2745 quaestus
830 2690 865 2732 ali-

80 2757 125 2813 quid
145 2757 169 2798 ad
189 2755 253 2813 ipsum
276 2755 360 2797 redibat.
395 2753 456 2796 Mitto
478 2763 557 2807 cetera,
584 2756 713 2812 inprimisque
732 2758 800 2799 luxum
822 2759 866 2801 eius

80 2838 172 2876 omnem,
193 2839 232 2866 una
247 2838 291 2866 eum
306 2823 378 2864 ceteris
395 2822 448 2864 vitiis
462 2837 485 2864 ac
497 2823 613 2865 crudelitate
628 2825 755 2880 praesertim.
786 2825 865 2882 Quibus

80 2893 105 2934 de
117 2893 194 2934 caussis
207 2907 251 2934 cum
264 2890 409 2942 Alexandrini,
426 2905 450 2932 ac
462 2891 547 2946 gentiles
558 2892 689 2947 praesertim,
710 2901 768 2935 vetus
779 2895 799 2935 in
810 2894 865 2937 illum

80 2995 460 3038 aptio,exceptecoeacutofiprazposito
482 2993 604 3034 recitarat.
629 2996 781 3030 Vercmuerbarum
792 2997 865 3036 Epipbe·

80 3042 171 3080 auctoque
182 3043 247 3073 occentu
257 3040 337 3081 effinxisse
347 3037 410 3081 τρίτην.
484 3041 507 3072 nii
523 3040 666 3080 interpretationem
684 3041 752 3073 invenies
769 3042 787 3073 r'n
802 3042 867 3076 Patavii

105 3082 121 3118 4.
133 3080 193 3123 ἄΰλοις
206 3086 267 3118 cotetae
279 3086 322 3118 curt.
334 3086 411 3118 canterus
421 3085 461 3118 Nou.
484 3086 507 3117 ud
518 3085 533 3117 lc
543 3085 554 3116 t.
565 3085 661 3117 Antmcdcv.
