<?xml version="1.0" encoding="UTF-8"?>
<!DOCTYPE html PUBLIC "-//W3C//DTD XHTML 1.0 Transitional//EN"
    "http://www.w3.org/TR/xhtml1/DTD/xhtml1-transitional.dtd">
<html xmlns="http://www.w3.org/1999/xhtml" xml:lang="en" lang="en">
 <head>
  <title>
</title>
<meta http-equiv="Content-Type" content="text/html;charset=utf-8" />
  <meta name='ocr-system' content='tesseract 3.04.00' />
  <meta name='ocr-capabilities' content='ocr_page ocr_carea ocr_par ocr_line ocrx_word'/>
</head>
<body>
  <div class='ocr_page' id='page_1' title='image "./MN41650ucmf_1/MN41650ucmf_1_0778.png"; bbox 0 0 1988 3392; ppageno 0'>
   <div class='ocr_carea' id='block_1_1' title="bbox 136 241 613 291">
    <p class='ocr_par' dir='ltr' id='par_1_1' title="bbox 136 241 613 291">
     <span class='ocr_line' id='line_1_1' title="bbox 136 241 613 291; baseline 0.006 -4"><span class='ocrx_word' id='word_1_1' title='bbox 136 241 177 288; x_wconf 74' lang='grc'>756</span> <span class='ocrx_word' id='word_1_2' title='bbox 442 250 613 291; x_wconf 83' lang='lat' dir='ltr'>runnxnnnuu.</span> 
     </span>
    </p>
   </div>
   <div class='ocr_carea' id='block_1_2' title="bbox 128 328 918 2968">
    <p class='ocr_par' dir='ltr' id='par_1_2' title="bbox 134 328 918 427">
     <span class='ocr_line' id='line_1_2' title="bbox 134 328 918 379; baseline 0.005 -12"><span class='ocrx_word' id='word_1_3' title='bbox 134 332 224 378; x_wconf 87' lang='lat' dir='ltr'>Epiphanii</span> <span class='ocrx_word' id='word_1_4' title='bbox 240 331 312 377; x_wconf 86' lang='lat' dir='ltr'>epistola</span> <span class='ocrx_word' id='word_1_5' title='bbox 329 332 409 366; x_wconf 86' lang='lat' dir='ltr'>adversus</span> <span class='ocrx_word' id='word_1_6' title='bbox 425 333 515 368; x_wconf 81' lang='lat' dir='ltr'>Antidieo-</span> <span class='ocrx_word' id='word_1_7' title='bbox 538 334 683 379; x_wconf 83' lang='lat' dir='ltr'>Evangelistarnm</span> <span class='ocrx_word' id='word_1_8' title='bbox 704 328 838 370; x_wconf 74' lang='lat' dir='ltr'>institutum³iu</span> <span class='ocrx_word' id='word_1_9' title='bbox 859 337 918 372; x_wconf 81' lang='lat' dir='ltr'>ordine</span> 
     </span>
     <span class='ocr_line' id='line_1_3' title="bbox 157 389 697 427; baseline 0.007 -5"><span class='ocrx_word' id='word_1_10' title='bbox 157 389 254 423; x_wconf 87' lang='lat' dir='ltr'>marianitas</span> <span class='ocrx_word' id='word_1_11' title='bbox 266 391 317 422; x_wconf 83' lang='grc'><strong>1094.</strong></span> <span class='ocrx_word' id='word_1_12' title='bbox 561 391 646 425; x_wconf 85' lang='lat' dir='ltr'>scribendi</span> <span class='ocrx_word' id='word_1_13' title='bbox 657 394 697 427; x_wconf 81' lang='grc'><strong>425.</strong></span> 
     </span>
    </p>

    <p class='ocr_par' dir='ltr' id='par_1_3' title="bbox 134 445 918 543">
     <span class='ocr_line' id='line_1_4' title="bbox 134 445 918 494; baseline 0.008 -14"><span class='ocrx_word' id='word_1_14' title='bbox 134 445 224 492; x_wconf 85' lang='lat' dir='ltr'>Epiphanii</span> <span class='ocrx_word' id='word_1_15' title='bbox 234 446 317 481; x_wconf 88' lang='lat' dir='ltr'>modestia</span> <span class='ocrx_word' id='word_1_16' title='bbox 329 454 346 481; x_wconf 91' lang='lat' dir='ltr'>et</span> <span class='ocrx_word' id='word_1_17' title='bbox 359 447 418 481; x_wconf 87' lang='lat' dir='ltr'>veniae</span> <span class='ocrx_word' id='word_1_18' title='bbox 430 448 513 494; x_wconf 87' lang='lat' dir='ltr'>depreca·</span> <span class='ocrx_word' id='word_1_19' title='bbox 538 447 655 494; x_wconf 84' lang='lat' dir='ltr'>Evaugelistae</span> <span class='ocrx_word' id='word_1_20' title='bbox 674 462 703 484; x_wconf 90' lang='lat' dir='ltr'>cur</span> <span class='ocrx_word' id='word_1_21' title='bbox 720 462 755 484; x_wconf 92' lang='lat' dir='ltr'>non</span> <span class='ocrx_word' id='word_1_22' title='bbox 778 449 837 485; x_wconf 86' lang='lat' dir='ltr'>eadem</span> <span class='ocrx_word' id='word_1_23' title='bbox 860 462 918 486; x_wconf 82' lang='lat' dir='ltr'>omnes</span> 
     </span>
     <span class='ocr_line' id='line_1_5' title="bbox 156 503 719 543; baseline 0.004 -5"><span class='ocrx_word' id='word_1_24' title='bbox 156 503 182 539; x_wconf 89' lang='lat' dir='ltr'>tio</span> <span class='ocrx_word' id='word_1_25' title='bbox 193 504 211 539; x_wconf 89' lang='lat' dir='ltr'>in</span> <span class='ocrx_word' id='word_1_26' title='bbox 222 505 319 540; x_wconf 80' lang='lat' dir='ltr'>haeresibus</span> <span class='ocrx_word' id='word_1_27' title='bbox 331 505 439 540; x_wconf 77' lang='lat' dir='ltr'><strong>confutandis</strong></span> <span class='ocrx_word' id='word_1_28' title='bbox 452 509 503 543; x_wconf 92' lang='grc'><strong>1100.</strong></span> <span class='ocrx_word' id='word_1_29' title='bbox 561 507 668 542; x_wconf 87' lang='lat' dir='ltr'>narraverint</span> <span class='ocrx_word' id='word_1_30' title='bbox 679 510 719 542; x_wconf 84' lang='grc'><strong>427.</strong></span> 
     </span>
    </p>

    <p class='ocr_par' dir='ltr' id='par_1_4' title="bbox 133 562 917 667">
     <span class='ocr_line' id='line_1_6' title="bbox 133 562 917 613; baseline 0.005 -15"><span class='ocrx_word' id='word_1_31' title='bbox 133 562 236 609; x_wconf 77' lang='lat' dir='ltr'>Epiphanius</span> <span class='ocrx_word' id='word_1_32' title='bbox 254 576 287 610; x_wconf 89' lang='lat' dir='ltr'>quo</span> <span class='ocrx_word' id='word_1_33' title='bbox 308 571 398 610; x_wconf 86' lang='lat' dir='ltr'>tempore,</span> <span class='ocrx_word' id='word_1_34' title='bbox 421 572 438 600; x_wconf 89' lang='lat' dir='ltr'>et</span> <span class='ocrx_word' id='word_1_35' title='bbox 455 565 514 612; x_wconf 87' lang='lat' dir='ltr'>quibus</span> <span class='ocrx_word' id='word_1_36' title='bbox 537 565 655 612; x_wconf 81' lang='lat' dir='ltr'>Evangelistae</span> <span class='ocrx_word' id='word_1_37' title='bbox 672 566 776 613; x_wconf 72' lang='lat' dir='ltr'>explicantur</span> <span class='ocrx_word' id='word_1_38' title='bbox 794 574 812 601; x_wconf 91' lang='lat' dir='ltr'>et</span> <span class='ocrx_word' id='word_1_39' title='bbox 824 566 917 602; x_wconf 85' lang='lat' dir='ltr'>concilian-</span> 
     </span>
     <span class='ocr_line' id='line_1_7' title="bbox 155 620 643 667; baseline 0.004 -12"><span class='ocrx_word' id='word_1_40' title='bbox 155 620 285 667; x_wconf 81' lang='lat' dir='ltr'>inperatoribus</span> <span class='ocrx_word' id='word_1_41' title='bbox 297 621 383 667; x_wconf 82' lang='lat' dir='ltr'>scripserit</span> <span class='ocrx_word' id='word_1_42' title='bbox 394 625 433 658; x_wconf 81' lang='grc'><strong>404.</strong></span> <span class='ocrx_word' id='word_1_43' title='bbox 560 630 588 657; x_wconf 87' lang='lat' dir='ltr'>tur</span> <span class='ocrx_word' id='word_1_44' title='bbox 604 626 643 657; x_wconf 87' lang='grc'><strong>805.</strong></span> 
     </span>
    </p>

    <p class='ocr_par' dir='ltr' id='par_1_5' title="bbox 133 678 918 841">
     <span class='ocr_line' id='line_1_8' title="bbox 133 678 918 727; baseline 0.006 -15"><span class='ocrx_word' id='word_1_45' title='bbox 133 678 237 724; x_wconf 81' lang='lat' dir='ltr'>Epiphanius</span> <span class='ocrx_word' id='word_1_46' title='bbox 248 679 322 714; x_wconf 90' lang='lat' dir='ltr'>incertus</span> <span class='ocrx_word' id='word_1_47' title='bbox 334 692 356 714; x_wconf 91' lang='lat' dir='ltr'>an</span> <span class='ocrx_word' id='word_1_48' title='bbox 367 680 415 727; x_wconf 84' lang='lat' dir='ltr'>virgo</span> <span class='ocrx_word' id='word_1_49' title='bbox 426 681 479 717; x_wconf 87' lang='lat' dir='ltr'>Maria</span> <span class='ocrx_word' id='word_1_50' title='bbox 491 682 514 715; x_wconf 87' lang='lat' dir='ltr'>sit</span> <span class='ocrx_word' id='word_1_51' title='bbox 537 681 681 726; x_wconf 83' lang='lat' dir='ltr'>Evangelistarunr</span> <span class='ocrx_word' id='word_1_52' title='bbox 693 682 789 716; x_wconf 76' lang='lat' dir='ltr'>conciliatio</span> <span class='ocrx_word' id='word_1_53' title='bbox 802 682 846 717; x_wconf 81' lang='lat' dir='ltr'>circa</span> <span class='ocrx_word' id='word_1_54' title='bbox 857 693 918 718; x_wconf 53' lang='lat' dir='ltr'>nume*</span> 
     </span>
     <span class='ocr_line' id='line_1_9' title="bbox 155 738 918 784; baseline 0.005 -14"><span class='ocrx_word' id='word_1_55' title='bbox 155 744 224 772; x_wconf 86' lang='lat' dir='ltr'>mortua</span> <span class='ocrx_word' id='word_1_56' title='bbox 234 739 320 771; x_wconf 74' lang='grc'><strong>1055-</strong></span> <span class='ocrx_word' id='word_1_57' title='bbox 346 738 411 773; x_wconf 88' lang='lat' dir='ltr'>Mariae</span> <span class='ocrx_word' id='word_1_58' title='bbox 426 738 514 784; x_wconf 83' lang='lat' dir='ltr'>virginitas</span> <span class='ocrx_word' id='word_1_59' title='bbox 559 750 597 772; x_wconf 90' lang='lat' dir='ltr'>rum</span> <span class='ocrx_word' id='word_1_60' title='bbox 618 739 766 773; x_wconf 86' lang='lat' dir='ltr'>daemoniacorum</span> <span class='ocrx_word' id='word_1_61' title='bbox 785 742 825 773; x_wconf 74' lang='lat'>653.</span> <span class='ocrx_word' id='word_1_62' title='bbox 847 760 868 766; x_wconf 94' lang='lat'>—</span> <span class='ocrx_word' id='word_1_63' title='bbox 901 748 918 774; x_wconf 91' lang='lat' dir='ltr'>et</span> 
     </span>
     <span class='ocr_line' id='line_1_10' title="bbox 156 795 917 841; baseline 0.004 -14"><span class='ocrx_word' id='word_1_64' title='bbox 156 796 207 828; x_wconf 78' lang='grc'><strong>1055.</strong></span> <span class='ocrx_word' id='word_1_65' title='bbox 559 795 653 841; x_wconf 80' lang='lat' dir='ltr'>scripturae</span> <span class='ocrx_word' id='word_1_66' title='bbox 664 795 760 841; x_wconf 82' lang='lat' dir='ltr'>proprietas</span> <span class='ocrx_word' id='word_1_67' title='bbox 772 797 866 841; x_wconf 79' lang='lat' dir='ltr'>explicatur</span> <span class='ocrx_word' id='word_1_68' title='bbox 878 799 917 831; x_wconf 69' lang='grc'><strong>554.</strong></span> 
     </span>
    </p>

    <p class='ocr_par' dir='ltr' id='par_1_6' title="bbox 132 850 918 953">
     <span class='ocr_line' id='line_1_11' title="bbox 132 850 918 899; baseline 0.004 -15"><span class='ocrx_word' id='word_1_69' title='bbox 132 850 223 896; x_wconf 88' lang='lat' dir='ltr'>Epiphanii</span> <span class='ocrx_word' id='word_1_70' title='bbox 229 851 313 885; x_wconf 90' lang='lat' dir='ltr'>modestia</span> <span class='ocrx_word' id='word_1_71' title='bbox 319 851 448 898; x_wconf 88' lang='lat' dir='ltr'>insuscipienda</span> <span class='ocrx_word' id='word_1_72' title='bbox 454 852 514 898; x_wconf 86' lang='lat' dir='ltr'>dispu-</span> <span class='ocrx_word' id='word_1_73' title='bbox 536 852 646 896; x_wconf 82' lang='lat' dir='ltr'>Evangelium</span> <span class='ocrx_word' id='word_1_74' title='bbox 652 852 781 898; x_wconf 78' lang='lat' dir='ltr'>Aegyptiaeum,</span> <span class='ocrx_word' id='word_1_75' title='bbox 792 852 918 899; x_wconf 80' lang='lat' dir='ltr'>liberapocry-</span> 
     </span>
     <span class='ocr_line' id='line_1_12' title="bbox 154 907 655 953; baseline 0 -13"><span class='ocrx_word' id='word_1_76' title='bbox 154 907 221 941; x_wconf 76' lang='lat' dir='ltr'>tatione</span> <span class='ocrx_word' id='word_1_77' title='bbox 232 907 312 942; x_wconf 88' lang='lat' dir='ltr'>adversus</span> <span class='ocrx_word' id='word_1_78' title='bbox 323 908 401 942; x_wconf 83' lang='lat' dir='ltr'>haereses</span> <span class='ocrx_word' id='word_1_79' title='bbox 413 912 429 942; x_wconf 82' lang='lat'>3.</span> <span class='ocrx_word' id='word_1_80' title='bbox 559 907 603 953; x_wconf 87' lang='lat' dir='ltr'>phus</span> <span class='ocrx_word' id='word_1_81' title='bbox 615 911 655 942; x_wconf 81' lang='lat'>⁵14.</span> 
     </span>
    </p>

    <p class='ocr_par' dir='ltr' id='par_1_7' title="bbox 132 956 918 1010">
     <span class='ocr_line' id='line_1_13' title="bbox 132 956 918 1010; baseline 0.004 -13"><span class='ocrx_word' id='word_1_82' title='bbox 132 963 213 1008; x_wconf 87' lang='lat' dir='ltr'>Ephraim</span> <span class='ocrx_word' id='word_1_83' title='bbox 224 966 276 1010; x_wconf 87' lang='lat' dir='ltr'>Syrus</span> <span class='ocrx_word' id='word_1_84' title='bbox 289 965 334 998; x_wconf 86' lang='lat' dir='ltr'>citat.</span> <span class='ocrx_word' id='word_1_85' title='bbox 347 968 387 999; x_wconf 76' lang='lat'>444.</span> <span class='ocrx_word' id='word_1_86' title='bbox 401 965 498 1008; x_wconf 78' lang='lat' dir='ltr'>(Addend.)</span> <span class='ocrx_word' id='word_1_87' title='bbox 537 964 645 1009; x_wconf 81' lang='lat' dir='ltr'>Evangelium</span> <span class='ocrx_word' id='word_1_88' title='bbox 667 956 767 1010; x_wconf 86' lang='lat' dir='ltr'>veritatem,</span> <span class='ocrx_word' id='word_1_89' title='bbox 792 965 819 999; x_wconf 83' lang='lat' dir='ltr'>lex</span> <span class='ocrx_word' id='word_1_90' title='bbox 843 965 918 1000; x_wconf 84' lang='lat' dir='ltr'>umbram</span> 
     </span>
    </p>

    <p class='ocr_par' dir='ltr' id='par_1_8' title="bbox 132 1020 917 1418">
     <span class='ocr_line' id='line_1_14' title="bbox 132 1020 689 1067; baseline 0 -13"><span class='ocrx_word' id='word_1_91' title='bbox 132 1020 223 1066; x_wconf 85' lang='lat' dir='ltr'>Episcopi,</span> <span class='ocrx_word' id='word_1_92' title='bbox 236 1021 342 1067; x_wconf 84' lang='lat' dir='ltr'>presbyteri,</span> <span class='ocrx_word' id='word_1_93' title='bbox 354 1022 432 1067; x_wconf 87' lang='lat' dir='ltr'>diaconi,</span> <span class='ocrx_word' id='word_1_94' title='bbox 444 1022 514 1056; x_wconf 87' lang='lat' dir='ltr'>subdia·</span> <span class='ocrx_word' id='word_1_95' title='bbox 560 1022 638 1055; x_wconf 85' lang='lat' dir='ltr'>continet</span> <span class='ocrx_word' id='word_1_96' title='bbox 648 1023 676 1055; x_wconf 88' lang='grc'><strong>19.</strong></span> <span class='ocrx_word' id='word_1_97' title='bbox 688 1057 689 1060; x_wconf 14' lang='lat'>¹</span> 
     </span>
     <span class='ocr_line' id='line_1_15' title="bbox 156 1077 917 1122; baseline 0.003 -11"><span class='ocrx_word' id='word_1_98' title='bbox 156 1078 206 1119; x_wconf 85' lang='lat' dir='ltr'>coni,</span> <span class='ocrx_word' id='word_1_99' title='bbox 222 1079 306 1120; x_wconf 85' lang='lat' dir='ltr'>lectores,</span> <span class='ocrx_word' id='word_1_100' title='bbox 323 1078 437 1121; x_wconf 81' lang='lat' dir='ltr'>diaconissae,</span> <span class='ocrx_word' id='word_1_101' title='bbox 457 1086 474 1112; x_wconf 89' lang='lat' dir='ltr'>et</span> <span class='ocrx_word' id='word_1_102' title='bbox 491 1079 514 1112; x_wconf 90' lang='lat' dir='ltr'>ad</span> <span class='ocrx_word' id='word_1_103' title='bbox 536 1078 625 1122; x_wconf 82' lang='lat' dir='ltr'>Evangelii</span> <span class='ocrx_word' id='word_1_104' title='bbox 640 1079 662 1112; x_wconf 86' lang='lat' dir='ltr'>de</span> <span class='ocrx_word' id='word_1_105' title='bbox 679 1077 754 1120; x_wconf 86' lang='lat' dir='ltr'>semine,</span> <span class='ocrx_word' id='word_1_106' title='bbox 774 1085 792 1112; x_wconf 93' lang='lat' dir='ltr'>et</span> <span class='ocrx_word' id='word_1_107' title='bbox 802 1079 872 1113; x_wconf 87' lang='lat' dir='ltr'>homine</span> <span class='ocrx_word' id='word_1_108' title='bbox 883 1080 917 1113; x_wconf 88' lang='lat' dir='ltr'>ini-</span> 
     </span>
     <span class='ocr_line' id='line_1_16' title="bbox 155 1134 917 1181; baseline 0.004 -13"><span class='ocrx_word' id='word_1_109' title='bbox 155 1134 196 1180; x_wconf 92' lang='lat' dir='ltr'>quid</span> <span class='ocrx_word' id='word_1_110' title='bbox 206 1135 294 1169; x_wconf 85' lang='lat' dir='ltr'>institutae</span> <span class='ocrx_word' id='word_1_111' title='bbox 306 1138 357 1170; x_wconf 87' lang='grc'><strong>1104.</strong></span> <span class='ocrx_word' id='word_1_112' title='bbox 369 1155 388 1161; x_wconf 93' lang='grc'><strong>-</strong></span> <span class='ocrx_word' id='word_1_113' title='bbox 408 1135 465 1181; x_wconf 89' lang='lat' dir='ltr'>quales</span> <span class='ocrx_word' id='word_1_114' title='bbox 477 1147 513 1170; x_wconf 89' lang='lat' dir='ltr'>esse</span> <span class='ocrx_word' id='word_1_115' title='bbox 558 1134 603 1169; x_wconf 84' lang='lat' dir='ltr'>mico</span> <span class='ocrx_word' id='word_1_116' title='bbox 610 1135 728 1181; x_wconf 84' lang='lat' dir='ltr'>interpretatio</span> <span class='ocrx_word' id='word_1_117' title='bbox 735 1135 917 1171; x_wconf 84' lang='lat' dir='ltr'>contraldanichaeum</span> 
     </span>
     <span class='ocr_line' id='line_1_17' title="bbox 155 1192 917 1241; baseline 0.005 -15"><span class='ocrx_word' id='word_1_118' title='bbox 155 1192 229 1228; x_wconf 85' lang='lat' dir='ltr'>debeant</span> <span class='ocrx_word' id='word_1_119' title='bbox 240 1193 280 1228; x_wconf 79' lang='lat' dir='ltr'>ibid.</span> <span class='ocrx_word' id='word_1_120' title='bbox 293 1213 317 1221; x_wconf 92' lang='lat'>—-</span> <span class='ocrx_word' id='word_1_121' title='bbox 334 1193 433 1237; x_wconf 78' lang='lat' dir='ltr'>exorcistae,</span> <span class='ocrx_word' id='word_1_122' title='bbox 446 1193 513 1241; x_wconf 77' lang='lat' dir='ltr'>lingua·</span> <span class='ocrx_word' id='word_1_123' title='bbox 559 1195 597 1226; x_wconf 82' lang='grc'><strong>679.</strong></span> <span class='ocrx_word' id='word_1_124' title='bbox 606 1213 628 1220; x_wconf 85' lang='lat'>-</span> <span class='ocrx_word' id='word_1_125' title='bbox 639 1193 680 1228; x_wconf 89' lang='lat' dir='ltr'>item</span> <span class='ocrx_word' id='word_1_126' title='bbox 691 1193 727 1241; x_wconf 91' lang='lat' dir='ltr'>quis</span> <span class='ocrx_word' id='word_1_127' title='bbox 737 1193 759 1228; x_wconf 89' lang='lat' dir='ltr'>sit</span> <span class='ocrx_word' id='word_1_128' title='bbox 768 1194 847 1241; x_wconf 83' lang='lat' dir='ltr'>princeps</span> <span class='ocrx_word' id='word_1_129' title='bbox 859 1194 917 1230; x_wconf 80' lang='lat' dir='ltr'>mundi</span> 
     </span>
     <span class='ocr_line' id='line_1_18' title="bbox 155 1252 831 1299; baseline 0.004 -14"><span class='ocrx_word' id='word_1_130' title='bbox 155 1263 192 1286; x_wconf 87' lang='lat' dir='ltr'>rum</span> <span class='ocrx_word' id='word_1_131' title='bbox 208 1252 311 1299; x_wconf 82' lang='lat' dir='ltr'>interpretes</span> <span class='ocrx_word' id='word_1_132' title='bbox 328 1252 370 1287; x_wconf 87' lang='lat' dir='ltr'>ibid.</span> <span class='ocrx_word' id='word_1_133' title='bbox 388 1272 410 1279; x_wconf 97' lang='lat'>—</span> <span class='ocrx_word' id='word_1_134' title='bbox 432 1252 512 1287; x_wconf 79' lang='lat' dir='ltr'>labomn-</span> <span class='ocrx_word' id='word_1_135' title='bbox 561 1254 599 1285; x_wconf 83' lang='lat'>680.</span> <span class='ocrx_word' id='word_1_136' title='bbox 613 1259 631 1285; x_wconf 91' lang='lat' dir='ltr'>et</span> <span class='ocrx_word' id='word_1_137' title='bbox 643 1254 681 1286; x_wconf 81' lang='grc'><strong>691.</strong></span> <span class='ocrx_word' id='word_1_138' title='bbox 694 1264 746 1299; x_wconf 90' lang='lat' dir='ltr'>usque</span> <span class='ocrx_word' id='word_1_139' title='bbox 757 1254 780 1288; x_wconf 87' lang='lat' dir='ltr'>ad</span> <span class='ocrx_word' id='word_1_140' title='bbox 791 1256 831 1291; x_wconf 79' lang='lat'>683.</span> 
     </span>
     <span class='ocr_line' id='line_1_19' title="bbox 155 1310 917 1357; baseline -0.001 -12"><span class='ocrx_word' id='word_1_141' title='bbox 155 1317 181 1345; x_wconf 91' lang='lat' dir='ltr'>tes</span> <span class='ocrx_word' id='word_1_142' title='bbox 193 1311 221 1357; x_wconf 89' lang='lat' dir='ltr'>qui</span> <span class='ocrx_word' id='word_1_143' title='bbox 233 1311 295 1346; x_wconf 89' lang='lat' dir='ltr'>sintin</span> <span class='ocrx_word' id='word_1_144' title='bbox 307 1311 378 1346; x_wconf 87' lang='lat' dir='ltr'>ecclesia</span> <span class='ocrx_word' id='word_1_145' title='bbox 389 1310 430 1345; x_wconf 85' lang='lat' dir='ltr'>ibid.</span> <span class='ocrx_word' id='word_1_146' title='bbox 444 1331 465 1337; x_wconf 93' lang='lat'>—</span> <span class='ocrx_word' id='word_1_147' title='bbox 485 1310 512 1345; x_wconf 87' lang='lat' dir='ltr'>ia·</span> <span class='ocrx_word' id='word_1_148' title='bbox 536 1310 622 1355; x_wconf 80' lang='lat' dir='ltr'>Evangelii</span> <span class='ocrx_word' id='word_1_149' title='bbox 634 1317 722 1356; x_wconf 87' lang='lat' dir='ltr'>corruptus</span> <span class='ocrx_word' id='word_1_150' title='bbox 734 1311 782 1345; x_wconf 88' lang='lat' dir='ltr'>locus</span> <span class='ocrx_word' id='word_1_151' title='bbox 793 1312 880 1346; x_wconf 88' lang='lat' dir='ltr'>restitutus</span> <span class='ocrx_word' id='word_1_152' title='bbox 889 1315 917 1346; x_wconf 77' lang='lat'>21.</span> 
     </span>
     <span class='ocr_line' id='line_1_20' title="bbox 154 1368 916 1418; baseline 0.003 -16"><span class='ocrx_word' id='word_1_153' title='bbox 154 1369 219 1403; x_wconf 89' lang='lat' dir='ltr'>nitores</span> <span class='ocrx_word' id='word_1_154' title='bbox 230 1368 271 1403; x_wconf 89' lang='lat' dir='ltr'>ibid.</span> <span class='ocrx_word' id='word_1_155' title='bbox 536 1368 654 1402; x_wconf 85' lang='lat' dir='ltr'>Euauclrorunr</span> <span class='ocrx_word' id='word_1_156' title='bbox 665 1375 700 1402; x_wconf 90' lang='lat' dir='ltr'>tres</span> <span class='ocrx_word' id='word_1_157' title='bbox 712 1368 787 1412; x_wconf 86' lang='lat' dir='ltr'>ordines,</span> <span class='ocrx_word' id='word_1_158' title='bbox 798 1370 871 1415; x_wconf 87' lang='lat' dir='ltr'>primunr</span> <span class='ocrx_word' id='word_1_159' title='bbox 882 1382 916 1418; x_wconf 81' lang='lat' dir='ltr'>ge-</span> 
     </span>
    </p>

    <p class='ocr_par' dir='ltr' id='par_1_9' title="bbox 131 1426 917 1474">
     <span class='ocr_line' id='line_1_21' title="bbox 131 1426 917 1474; baseline 0.001 -13"><span class='ocrx_word' id='word_1_160' title='bbox 131 1426 235 1473; x_wconf 86' lang='lat' dir='ltr'>Episcopum</span> <span class='ocrx_word' id='word_1_161' title='bbox 246 1439 283 1462; x_wconf 87' lang='lat' dir='ltr'>esse</span> <span class='ocrx_word' id='word_1_162' title='bbox 297 1428 397 1474; x_wconf 83' lang='lat' dir='ltr'>presbytero</span> <span class='ocrx_word' id='word_1_163' title='bbox 409 1427 513 1472; x_wconf 87' lang='lat' dir='ltr'>superiorem</span> <span class='ocrx_word' id='word_1_164' title='bbox 559 1437 590 1459; x_wconf 90' lang='lat' dir='ltr'>nus</span> <span class='ocrx_word' id='word_1_165' title='bbox 598 1428 638 1459; x_wconf 84' lang='grc'><strong>491.</strong></span> <span class='ocrx_word' id='word_1_166' title='bbox 652 1445 673 1452; x_wconf 93' lang='lat'>-</span> <span class='ocrx_word' id='word_1_167' title='bbox 690 1426 783 1461; x_wconf 88' lang='lat' dir='ltr'>secundum</span> <span class='ocrx_word' id='word_1_168' title='bbox 793 1426 834 1461; x_wconf 91' lang='lat' dir='ltr'>ibid.</span> <span class='ocrx_word' id='word_1_169' title='bbox 847 1447 869 1454; x_wconf 91' lang='grc'><strong>-</strong></span> <span class='ocrx_word' id='word_1_170' title='bbox 880 1435 917 1462; x_wconf 87' lang='lat' dir='ltr'>ter-</span> 
     </span>
    </p>

    <p class='ocr_par' dir='ltr' id='par_1_10' title="bbox 133 1482 916 1519">
     <span class='ocr_line' id='line_1_22' title="bbox 133 1482 916 1519; baseline 0 -1"><span class='ocrx_word' id='word_1_171' title='bbox 133 1493 134 1497; x_wconf 76' lang='grc'>’</span> <span class='ocrx_word' id='word_1_172' title='bbox 155 1487 195 1518; x_wconf 84' lang='grc'><strong>909.</strong></span> <span class='ocrx_word' id='word_1_173' title='bbox 558 1482 601 1516; x_wconf 85' lang='lat' dir='ltr'>tium</span> <span class='ocrx_word' id='word_1_174' title='bbox 611 1483 653 1516; x_wconf 90' lang='lat' dir='ltr'>ibid.</span> <span class='ocrx_word' id='word_1_175' title='bbox 665 1503 689 1509; x_wconf 92' lang='lat'>-</span> <span class='ocrx_word' id='word_1_176' title='bbox 712 1483 840 1518; x_wconf 79' lang='lat' dir='ltr'>undecunuchi</span> <span class='ocrx_word' id='word_1_177' title='bbox 855 1484 916 1519; x_wconf 85' lang='lat' dir='ltr'>dicun-</span> 
     </span>
    </p>

    <p class='ocr_par' dir='ltr' id='par_1_11' title="bbox 131 1539 916 1632">
     <span class='ocr_line' id='line_1_23' title="bbox 131 1539 640 1587; baseline -0.008 -11"><span class='ocrx_word' id='word_1_178' title='bbox 131 1541 225 1587; x_wconf 83' lang='lat' dir='ltr'>Episcopus</span> <span class='ocrx_word' id='word_1_179' title='bbox 235 1542 271 1576; x_wconf 91' lang='lat' dir='ltr'>sine</span> <span class='ocrx_word' id='word_1_180' title='bbox 281 1541 354 1575; x_wconf 88' lang='lat' dir='ltr'>diacono</span> <span class='ocrx_word' id='word_1_181' title='bbox 365 1553 401 1575; x_wconf 85' lang='lat' dir='ltr'>esse</span> <span class='ocrx_word' id='word_1_182' title='bbox 411 1552 446 1575; x_wconf 86' lang='lat' dir='ltr'>non</span> <span class='ocrx_word' id='word_1_183' title='bbox 456 1548 513 1586; x_wconf 89' lang='lat' dir='ltr'>potest</span> <span class='ocrx_word' id='word_1_184' title='bbox 558 1546 587 1572; x_wconf 92' lang='lat' dir='ltr'>tur</span> <span class='ocrx_word' id='word_1_185' title='bbox 599 1539 640 1573; x_wconf 86' lang='lat' dir='ltr'>ibid.</span> 
     </span>
     <span class='ocr_line' id='line_1_24' title="bbox 154 1596 916 1632; baseline -0.001 0"><span class='ocrx_word' id='word_1_186' title='bbox 154 1598 196 1632; x_wconf 90' lang='lat' dir='ltr'>ibid.</span> <span class='ocrx_word' id='word_1_187' title='bbox 536 1596 617 1630; x_wconf 83' lang='lat' dir='ltr'>Eusebius</span> <span class='ocrx_word' id='word_1_188' title='bbox 632 1597 744 1632; x_wconf 86' lang='lat' dir='ltr'>Vercellensis</span> <span class='ocrx_word' id='word_1_189' title='bbox 761 1597 799 1631; x_wconf 81' lang='lat' dir='ltr'>exul</span> <span class='ocrx_word' id='word_1_190' title='bbox 821 1597 842 1631; x_wconf 88' lang='lat' dir='ltr'>ob</span> <span class='ocrx_word' id='word_1_191' title='bbox 865 1597 916 1632; x_wconf 90' lang='lat' dir='ltr'>fidem</span> 
     </span>
    </p>

    <p class='ocr_par' dir='ltr' id='par_1_12' title="bbox 131 1654 915 1813">
     <span class='ocr_line' id='line_1_25' title="bbox 131 1654 597 1700; baseline -0.009 -10"><span class='ocrx_word' id='word_1_192' title='bbox 131 1655 213 1700; x_wconf 88' lang='lat' dir='ltr'>Episcopi</span> <span class='ocrx_word' id='word_1_193' title='bbox 230 1654 381 1699; x_wconf 84' lang='lat' dir='ltr'>Hierosolymitani</span> <span class='ocrx_word' id='word_1_194' title='bbox 400 1654 428 1698; x_wconf 87' lang='lat' dir='ltr'>qui</span> <span class='ocrx_word' id='word_1_195' title='bbox 449 1654 512 1687; x_wconf 85' lang='lat' dir='ltr'>lacobo</span> <span class='ocrx_word' id='word_1_196' title='bbox 558 1655 597 1686; x_wconf 83' lang='grc'><strong>129,</strong></span> 
     </span>
     <span class='ocr_line' id='line_1_26' title="bbox 154 1709 915 1756; baseline -0.001 -11"><span class='ocrx_word' id='word_1_197' title='bbox 154 1711 210 1756; x_wconf 87' lang='lat' dir='ltr'>primo</span> <span class='ocrx_word' id='word_1_198' title='bbox 228 1709 375 1755; x_wconf 31' lang='lat' dir='ltr'>episcopo-fratri</span> <span class='ocrx_word' id='word_1_199' title='bbox 393 1709 458 1743; x_wconf 86' lang='lat' dir='ltr'>domiui</span> <span class='ocrx_word' id='word_1_200' title='bbox 476 1709 512 1743; x_wconf 89' lang='lat' dir='ltr'>filio</span> <span class='ocrx_word' id='word_1_201' title='bbox 535 1709 615 1742; x_wconf 88' lang='lat' dir='ltr'>Eusebius</span> <span class='ocrx_word' id='word_1_202' title='bbox 627 1709 915 1754; x_wconf 78' lang='lat' dir='ltr'>episeopusNicomediensishria-</span> 
     </span>
     <span class='ocr_line' id='line_1_27' title="bbox 154 1765 915 1813; baseline 0 -12"><span class='ocrx_word' id='word_1_203' title='bbox 154 1768 223 1813; x_wconf 89' lang='lat' dir='ltr'>losephi</span> <span class='ocrx_word' id='word_1_204' title='bbox 233 1774 350 1801; x_wconf 84' lang='lat' dir='ltr'>successerunt</span> <span class='ocrx_word' id='word_1_205' title='bbox 361 1769 401 1800; x_wconf 79' lang='grc'><strong>696.</strong></span> <span class='ocrx_word' id='word_1_206' title='bbox 413 1786 436 1793; x_wconf 85' lang='grc'><strong>-</strong></span> <span class='ocrx_word' id='word_1_207' title='bbox 454 1778 512 1800; x_wconf 88' lang='lat' dir='ltr'>eorurn</span> <span class='ocrx_word' id='word_1_208' title='bbox 557 1776 617 1799; x_wconf 87' lang='lat' dir='ltr'>norum</span> <span class='ocrx_word' id='word_1_209' title='bbox 630 1765 701 1811; x_wconf 83' lang='lat' dir='ltr'>signifer</span> <span class='ocrx_word' id='word_1_210' title='bbox 713 1769 752 1800; x_wconf 82' lang='grc'><strong>797.</strong></span> <span class='ocrx_word' id='word_1_211' title='bbox 764 1786 786 1793; x_wconf 87' lang='grc'>-</span> <span class='ocrx_word' id='word_1_212' title='bbox 803 1766 915 1801; x_wconf 83' lang='lat' dir='ltr'>isGonstan-</span> 
     </span>
    </p>

    <p class='ocr_par' dir='ltr' id='par_1_13' title="bbox 132 1822 916 1988">
     <span class='ocr_line' id='line_1_28' title="bbox 132 1822 916 1869; baseline -0.001 -10"><span class='ocrx_word' id='word_1_213' title='bbox 132 1835 133 1838; x_wconf 76' lang='grc'>’</span> <span class='ocrx_word' id='word_1_214' title='bbox 153 1837 232 1859; x_wconf 81' lang='lat' dir='ltr'>numerus</span> <span class='ocrx_word' id='word_1_215' title='bbox 249 1836 301 1869; x_wconf 87' lang='lat' dir='ltr'>usque</span> <span class='ocrx_word' id='word_1_216' title='bbox 318 1824 341 1857; x_wconf 90' lang='lat' dir='ltr'>ad</span> <span class='ocrx_word' id='word_1_217' title='bbox 358 1824 428 1869; x_wconf 84' lang='lat' dir='ltr'>triginta</span> <span class='ocrx_word' id='word_1_218' title='bbox 445 1831 512 1868; x_wconf 84' lang='lat' dir='ltr'>septem</span> <span class='ocrx_word' id='word_1_219' title='bbox 556 1823 600 1856; x_wconf 87' lang='lat' dir='ltr'>tium</span> <span class='ocrx_word' id='word_1_220' title='bbox 610 1822 731 1867; x_wconf 81' lang='lat' dir='ltr'>imperatorem</span> <span class='ocrx_word' id='word_1_221' title='bbox 742 1835 791 1857; x_wconf 89' lang='lat' dir='ltr'>sacro</span> <span class='ocrx_word' id='word_1_222' title='bbox 802 1824 871 1859; x_wconf 86' lang='lat' dir='ltr'>lavacro</span> <span class='ocrx_word' id='word_1_223' title='bbox 882 1825 916 1858; x_wconf 86' lang='lat' dir='ltr'>im-</span> 
     </span>
     <span class='ocr_line' id='line_1_29' title="bbox 154 1879 669 1928; baseline -0.008 -11"><span class='ocrx_word' id='word_1_224' title='bbox 154 1882 253 1924; x_wconf 75' lang='lat' dir='ltr'>distinctas,</span> <span class='ocrx_word' id='word_1_225' title='bbox 265 1881 358 1916; x_wconf 85' lang='lat' dir='ltr'>secundum</span> <span class='ocrx_word' id='word_1_226' title='bbox 366 1889 444 1927; x_wconf 86' lang='lat' dir='ltr'>tempora</span> <span class='ocrx_word' id='word_1_227' title='bbox 455 1880 511 1928; x_wconf 88' lang='lat' dir='ltr'>impe·</span> <span class='ocrx_word' id='word_1_228' title='bbox 557 1880 616 1915; x_wconf 86' lang='lat' dir='ltr'>buerat</span> <span class='ocrx_word' id='word_1_229' title='bbox 627 1879 669 1915; x_wconf 84' lang='lat' dir='ltr'>ibid.</span> 
     </span>
     <span class='ocr_line' id='line_1_30' title="bbox 153 1940 916 1988; baseline 0 -11"><span class='ocrx_word' id='word_1_230' title='bbox 153 1949 229 1977; x_wconf 88' lang='lat' dir='ltr'>ratoram</span> <span class='ocrx_word' id='word_1_231' title='bbox 240 1940 282 1976; x_wconf 85' lang='lat' dir='ltr'>ibid.</span> <span class='ocrx_word' id='word_1_232' title='bbox 294 1948 313 1975; x_wconf 86' lang='lat' dir='ltr'>et</span> <span class='ocrx_word' id='word_1_233' title='bbox 325 1943 364 1975; x_wconf 82' lang='grc'><strong>967.</strong></span> <span class='ocrx_word' id='word_1_234' title='bbox 536 1940 614 1974; x_wconf 85' lang='lat' dir='ltr'>Eutactus</span> <span class='ocrx_word' id='word_1_235' title='bbox 630 1940 704 1974; x_wconf 87' lang='lat' dir='ltr'>haeresis</span> <span class='ocrx_word' id='word_1_236' title='bbox 717 1940 856 1976; x_wconf 83' lang='lat' dir='ltr'>Archonticorum</span> <span class='ocrx_word' id='word_1_237' title='bbox 873 1953 916 1988; x_wconf 82' lang='lat' dir='ltr'>pro-</span> 
     </span>
    </p>

    <p class='ocr_par' dir='ltr' id='par_1_14' title="bbox 130 1999 916 2279">
     <span class='ocr_line' id='line_1_31' title="bbox 130 1999 915 2049; baseline -0.006 -11"><span class='ocrx_word' id='word_1_238' title='bbox 130 2001 208 2049; x_wconf 88' lang='lat' dir='ltr'>Epistola</span> <span class='ocrx_word' id='word_1_239' title='bbox 219 1999 347 2047; x_wconf 83' lang='lat' dir='ltr'>pseudosynodi</span> <span class='ocrx_word' id='word_1_240' title='bbox 363 2003 462 2046; x_wconf 80' lang='lat' dir='ltr'>Ancyranae</span> <span class='ocrx_word' id='word_1_241' title='bbox 472 2003 510 2034; x_wconf 75' lang='grc'>846,</span> <span class='ocrx_word' id='word_1_242' title='bbox 556 2005 629 2044; x_wconf 82' lang='lat' dir='ltr'>pagator</span> <span class='ocrx_word' id='word_1_243' title='bbox 640 2000 680 2033; x_wconf 83' lang='grc'><strong>291.</strong></span> <span class='ocrx_word' id='word_1_244' title='bbox 691 2018 714 2025; x_wconf 96' lang='grc'>-</span> <span class='ocrx_word' id='word_1_245' title='bbox 737 1999 772 2034; x_wconf 87' lang='lat' dir='ltr'>eius</span> <span class='ocrx_word' id='word_1_246' title='bbox 788 1999 859 2035; x_wconf 85' lang='lat' dir='ltr'>historia</span> <span class='ocrx_word' id='word_1_247' title='bbox 874 2000 915 2035; x_wconf 88' lang='lat' dir='ltr'>ibid.</span> 
     </span>
     <span class='ocr_line' id='line_1_32' title="bbox 154 2054 627 2104; baseline -0.004 -11"><span class='ocrx_word' id='word_1_248' title='bbox 154 2080 175 2086; x_wconf 98' lang='lat'>-</span> <span class='ocrx_word' id='word_1_249' title='bbox 193 2059 211 2093; x_wconf 86' lang='lat' dir='ltr'>in</span> <span class='ocrx_word' id='word_1_250' title='bbox 228 2071 261 2104; x_wconf 88' lang='lat' dir='ltr'>qua</span> <span class='ocrx_word' id='word_1_251' title='bbox 276 2058 299 2092; x_wconf 87' lang='lat' dir='ltr'>de</span> <span class='ocrx_word' id='word_1_252' title='bbox 313 2065 361 2103; x_wconf 87' lang='lat' dir='ltr'>patre</span> <span class='ocrx_word' id='word_1_253' title='bbox 373 2058 442 2104; x_wconf 87' lang='lat' dir='ltr'>filioque</span> <span class='ocrx_word' id='word_1_254' title='bbox 452 2054 511 2104; x_wconf 80' lang='lat' dir='ltr'>genito</span> <span class='ocrx_word' id='word_1_255' title='bbox 557 2063 575 2090; x_wconf 91' lang='lat' dir='ltr'>et</span> <span class='ocrx_word' id='word_1_256' title='bbox 587 2059 627 2091; x_wconf 87' lang='grc'><strong>292.</strong></span> 
     </span>
     <span class='ocr_line' id='line_1_33' title="bbox 153 2114 916 2163; baseline -0.001 -12"><span class='ocrx_word' id='word_1_257' title='bbox 153 2117 259 2163; x_wconf 83' lang='lat' dir='ltr'>disputatur,</span> <span class='ocrx_word' id='word_1_258' title='bbox 282 2122 300 2149; x_wconf 88' lang='lat' dir='ltr'>et</span> <span class='ocrx_word' id='word_1_259' title='bbox 316 2115 337 2149; x_wconf 91' lang='lat' dir='ltr'>de</span> <span class='ocrx_word' id='word_1_260' title='bbox 354 2115 422 2149; x_wconf 82' lang='lat' dir='ltr'>nornine</span> <span class='ocrx_word' id='word_1_261' title='bbox 439 2116 511 2150; x_wconf 88' lang='lat' dir='ltr'>filiorum</span> <span class='ocrx_word' id='word_1_262' title='bbox 535 2114 631 2149; x_wconf 86' lang='lat' dir='ltr'>Eustathius</span> <span class='ocrx_word' id='word_1_263' title='bbox 654 2115 756 2150; x_wconf 85' lang='lat' dir='ltr'>Sebastenas</span> <span class='ocrx_word' id='word_1_264' title='bbox 778 2126 808 2150; x_wconf 86' lang='lat' dir='ltr'>seu</span> <span class='ocrx_word' id='word_1_265' title='bbox 829 2115 916 2151; x_wconf 77' lang='lat' dir='ltr'>sebastiae</span> 
     </span>
     <span class='ocr_line' id='line_1_34' title="bbox 154 2172 916 2219; baseline -0.001 -10"><span class='ocrx_word' id='word_1_266' title='bbox 154 2174 193 2209; x_wconf 83' lang='grc'><strong>849.</strong></span> <span class='ocrx_word' id='word_1_267' title='bbox 202 2176 235 2209; x_wconf 81' lang='grc'>850</span> <span class='ocrx_word' id='word_1_268' title='bbox 251 2176 291 2208; x_wconf 87' lang='grc'><strong>851.</strong></span> <span class='ocrx_word' id='word_1_269' title='bbox 304 2191 325 2199; x_wconf 76' lang='lat'>‹—</span> <span class='ocrx_word' id='word_1_270' title='bbox 349 2172 424 2207; x_wconf 87' lang='lat' dir='ltr'>eiusdem</span> <span class='ocrx_word' id='word_1_271' title='bbox 435 2173 510 2219; x_wconf 86' lang='lat' dir='ltr'>pseudo·</span> <span class='ocrx_word' id='word_1_272' title='bbox 557 2172 658 2218; x_wconf 84' lang='lat' dir='ltr'>episcopus,</span> <span class='ocrx_word' id='word_1_273' title='bbox 681 2172 709 2219; x_wconf 88' lang='lat' dir='ltr'>qui</span> <span class='ocrx_word' id='word_1_274' title='bbox 726 2173 777 2208; x_wconf 86' lang='lat' dir='ltr'>etiam</span> <span class='ocrx_word' id='word_1_275' title='bbox 794 2173 865 2208; x_wconf 75' lang='lat' dir='ltr'>arianus</span> <span class='ocrx_word' id='word_1_276' title='bbox 882 2173 916 2208; x_wconf 81' lang='lat' dir='ltr'>suit</span> 
     </span>
     <span class='ocr_line' id='line_1_35' title="bbox 152 2230 596 2279; baseline -0.009 -13"><span class='ocrx_word' id='word_1_277' title='bbox 152 2232 214 2279; x_wconf 81' lang='lat' dir='ltr'>synodi</span> <span class='ocrx_word' id='word_1_278' title='bbox 225 2230 359 2266; x_wconf 83' lang='lat' dir='ltr'>anathematismi</span> <span class='ocrx_word' id='word_1_279' title='bbox 372 2233 411 2264; x_wconf 81' lang='grc'><strong>956.</strong></span> <span class='ocrx_word' id='word_1_280' title='bbox 558 2230 596 2263; x_wconf 80' lang='grc'><strong>909.</strong></span> 
     </span>
    </p>

    <p class='ocr_par' dir='ltr' id='par_1_15' title="bbox 130 2286 915 2391">
     <span class='ocr_line' id='line_1_36' title="bbox 130 2286 915 2335; baseline 0 -12"><span class='ocrx_word' id='word_1_281' title='bbox 130 2289 207 2335; x_wconf 82' lang='lat' dir='ltr'>Epistola</span> <span class='ocrx_word' id='word_1_282' title='bbox 221 2289 244 2323; x_wconf 88' lang='lat' dir='ltr'>ad</span> <span class='ocrx_word' id='word_1_283' title='bbox 256 2289 361 2322; x_wconf 84' lang='lat' dir='ltr'>Laodicenos</span> <span class='ocrx_word' id='word_1_284' title='bbox 374 2296 400 2322; x_wconf 87' lang='lat' dir='ltr'>est</span> <span class='ocrx_word' id='word_1_285' title='bbox 413 2288 511 2334; x_wconf 87' lang='lat' dir='ltr'>apocrypha</span> <span class='ocrx_word' id='word_1_286' title='bbox 536 2286 628 2321; x_wconf 83' lang='lat' dir='ltr'>Ezechielis</span> <span class='ocrx_word' id='word_1_287' title='bbox 646 2286 689 2321; x_wconf 87' lang='lat' dir='ltr'>liber</span> <span class='ocrx_word' id='word_1_288' title='bbox 706 2287 825 2335; x_wconf 84' lang='lat' dir='ltr'>apocryphus.</span> <span class='ocrx_word' id='word_1_289' title='bbox 841 2295 859 2323; x_wconf 91' lang='lat' dir='ltr'>et</span> <span class='ocrx_word' id='word_1_290' title='bbox 875 2288 915 2323; x_wconf 87' lang='lat' dir='ltr'>inde</span> 
     </span>
     <span class='ocr_line' id='line_1_37' title="bbox 153 2344 868 2391; baseline -0.001 -10"><span class='ocrx_word' id='word_1_291' title='bbox 153 2349 194 2381; x_wconf 81' lang='grc'><strong>975.</strong></span> <span class='ocrx_word' id='word_1_292' title='bbox 557 2351 638 2389; x_wconf 78' lang='lat' dir='ltr'>excerpta</span> <span class='ocrx_word' id='word_1_293' title='bbox 649 2356 666 2379; x_wconf 82' lang='lat' dir='ltr'>v·</span> <span class='ocrx_word' id='word_1_294' title='bbox 678 2344 761 2379; x_wconf 75' lang='lat' dir='ltr'>radenda</span> <span class='ocrx_word' id='word_1_295' title='bbox 771 2345 793 2380; x_wconf 88' lang='lat' dir='ltr'>ad</span> <span class='ocrx_word' id='word_1_296' title='bbox 801 2357 818 2391; x_wconf 90' lang='lat' dir='ltr'>p.</span> <span class='ocrx_word' id='word_1_297' title='bbox 829 2346 868 2380; x_wconf 80' lang='grc'><strong>601.</strong></span> 
     </span>
    </p>

    <p class='ocr_par' dir='ltr' id='par_1_16' title="bbox 130 2402 734 2504">
     <span class='ocr_line' id='line_1_38' title="bbox 130 2402 511 2449; baseline -0.005 -12"><span class='ocrx_word' id='word_1_298' title='bbox 130 2405 186 2449; x_wconf 85' lang='lat' dir='ltr'>Equus</span> <span class='ocrx_word' id='word_1_299' title='bbox 198 2403 281 2437; x_wconf 89' lang='lat' dir='ltr'>Troianus</span> <span class='ocrx_word' id='word_1_300' title='bbox 294 2402 334 2447; x_wconf 88' lang='lat' dir='ltr'>qnid</span> <span class='ocrx_word' id='word_1_301' title='bbox 346 2414 368 2435; x_wconf 78' lang='lat' dir='ltr'>er</span> <span class='ocrx_word' id='word_1_302' title='bbox 380 2402 453 2437; x_wconf 86' lang='lat' dir='ltr'>Simonis</span> <span class='ocrx_word' id='word_1_303' title='bbox 465 2402 511 2446; x_wconf 84' lang='lat' dir='ltr'>Magi</span> 
     </span>
     <span class='ocr_line' id='line_1_39' title="bbox 153 2446 734 2504; baseline -0.007 -11"><span class='ocrx_word' id='word_1_304' title='bbox 153 2471 202 2493; x_wconf 87' lang='lat' dir='ltr'>sensu</span> <span class='ocrx_word' id='word_1_305' title='bbox 213 2459 333 2504; x_wconf 80' lang='lat' dir='ltr'>significaverit</span> <span class='ocrx_word' id='word_1_306' title='bbox 344 2461 372 2492; x_wconf 85' lang='grc'><strong>57.</strong></span> <span class='ocrx_word' id='word_1_307' title='bbox 714 2446 734 2480; x_wconf 73' lang='lat' dir='ltr'>F·</span> 
     </span>
    </p>

    <p class='ocr_par' dir='ltr' id='par_1_17' title="bbox 128 2512 914 2607">
     <span class='ocr_line' id='line_1_40' title="bbox 128 2512 914 2561; baseline -0.001 -11"><span class='ocrx_word' id='word_1_308' title='bbox 128 2516 192 2551; x_wconf 84' lang='lat' dir='ltr'>Esdras</span> <span class='ocrx_word' id='word_1_309' title='bbox 203 2516 294 2549; x_wconf 77' lang='lat' dir='ltr'>Samarites</span> <span class='ocrx_word' id='word_1_310' title='bbox 310 2515 328 2548; x_wconf 90' lang='lat' dir='ltr'>in</span> <span class='ocrx_word' id='word_1_311' title='bbox 344 2516 381 2559; x_wconf 78' lang='lat' dir='ltr'>lege</span> <span class='ocrx_word' id='word_1_312' title='bbox 393 2514 469 2549; x_wconf 85' lang='lat' dir='ltr'>Mosaica</span> <span class='ocrx_word' id='word_1_313' title='bbox 482 2514 510 2548; x_wconf 89' lang='lat' dir='ltr'>in·</span> <span class='ocrx_word' id='word_1_314' title='bbox 534 2512 581 2546; x_wconf 84' lang='lat' dir='ltr'>Fasti</span> <span class='ocrx_word' id='word_1_315' title='bbox 592 2513 692 2548; x_wconf 77' lang='lat' dir='ltr'>Consulares</span> <span class='ocrx_word' id='word_1_316' title='bbox 704 2512 752 2547; x_wconf 86' lang='lat' dir='ltr'>citati</span> <span class='ocrx_word' id='word_1_317' title='bbox 763 2517 803 2548; x_wconf 76' lang='lat' dir='ltr'>stt.</span> <span class='ocrx_word' id='word_1_318' title='bbox 818 2514 914 2561; x_wconf 78' lang='lat' dir='ltr'>(Addend.)</span> 
     </span>
     <span class='ocr_line' id='line_1_41' title="bbox 149 2572 596 2607; baseline -0.009 0"><span class='ocrx_word' id='word_1_319' title='bbox 149 2573 209 2607; x_wconf 61' lang='lat' dir='ltr'>‘stituit</span> <span class='ocrx_word' id='word_1_320' title='bbox 220 2576 249 2607; x_wconf 71' lang='grc'>29,</span> <span class='ocrx_word' id='word_1_321' title='bbox 556 2572 596 2603; x_wconf 80' lang='grc'><strong>445.</strong></span> 
     </span>
    </p>

    <p class='ocr_par' dir='ltr' id='par_1_18' title="bbox 129 2628 913 2725">
     <span class='ocr_line' id='line_1_42' title="bbox 129 2628 913 2680; baseline 0 -16"><span class='ocrx_word' id='word_1_322' title='bbox 129 2632 231 2665; x_wconf 87' lang='lat' dir='ltr'>Essenornm</span> <span class='ocrx_word' id='word_1_323' title='bbox 238 2631 312 2664; x_wconf 92' lang='lat' dir='ltr'>haeresis</span> <span class='ocrx_word' id='word_1_324' title='bbox 324 2636 405 2680; x_wconf 82' lang='lat' dir='ltr'>quaeest</span> <span class='ocrx_word' id='word_1_325' title='bbox 416 2629 470 2676; x_wconf 88' lang='lat' dir='ltr'>prima</span> <span class='ocrx_word' id='word_1_326' title='bbox 478 2630 510 2663; x_wconf 85' lang='lat' dir='ltr'>Sa·</span> <span class='ocrx_word' id='word_1_327' title='bbox 534 2628 594 2662; x_wconf 81' lang='lat' dir='ltr'>Fatum</span> <span class='ocrx_word' id='word_1_328' title='bbox 605 2640 627 2662; x_wconf 88' lang='lat' dir='ltr'>an</span> <span class='ocrx_word' id='word_1_329' title='bbox 638 2628 672 2671; x_wconf 93' lang='lat' dir='ltr'>sit,</span> <span class='ocrx_word' id='word_1_330' title='bbox 684 2634 702 2662; x_wconf 88' lang='lat' dir='ltr'>et</span> <span class='ocrx_word' id='word_1_331' title='bbox 714 2635 773 2663; x_wconf 87' lang='lat' dir='ltr'>contra</span> <span class='ocrx_word' id='word_1_332' title='bbox 788 2628 842 2663; x_wconf 79' lang='lat' dir='ltr'>fatam</span> <span class='ocrx_word' id='word_1_333' title='bbox 853 2628 913 2676; x_wconf 85' lang='lat' dir='ltr'>dispa-</span> 
     </span>
     <span class='ocr_line' id='line_1_43' title="bbox 152 2687 640 2725; baseline -0.006 -1"><span class='ocrx_word' id='word_1_334' title='bbox 152 2689 274 2725; x_wconf 83' lang='lat' dir='ltr'>maritanorurn</span> <span class='ocrx_word' id='word_1_335' title='bbox 286 2692 313 2724; x_wconf 83' lang='grc'><strong>28.</strong></span> <span class='ocrx_word' id='word_1_336' title='bbox 556 2687 599 2722; x_wconf 84' lang='lat' dir='ltr'>tatio</span> <span class='ocrx_word' id='word_1_337' title='bbox 612 2689 640 2722; x_wconf 83' lang='grc'>35.</span> 
     </span>
    </p>

    <p class='ocr_par' dir='ltr' id='par_1_19' title="bbox 129 2746 914 2855">
     <span class='ocr_line' id='line_1_44' title="bbox 129 2746 912 2796; baseline -0.003 -12"><span class='ocrx_word' id='word_1_338' title='bbox 129 2749 166 2785; x_wconf 84' lang='lat' dir='ltr'>Eva</span> <span class='ocrx_word' id='word_1_339' title='bbox 182 2748 268 2796; x_wconf 87' lang='lat' dir='ltr'>quomodo</span> <span class='ocrx_word' id='word_1_340' title='bbox 285 2748 353 2784; x_wconf 83' lang='lat' dir='ltr'>differat</span> <span class='ocrx_word' id='word_1_341' title='bbox 368 2749 390 2784; x_wconf 86' lang='lat' dir='ltr'>ab</span> <span class='ocrx_word' id='word_1_342' title='bbox 408 2749 456 2784; x_wconf 81' lang='lat' dir='ltr'>Hera</span> <span class='ocrx_word' id='word_1_343' title='bbox 474 2760 511 2783; x_wconf 88' lang='lat' dir='ltr'>cum</span> <span class='ocrx_word' id='word_1_344' title='bbox 533 2747 593 2781; x_wconf 85' lang='lat' dir='ltr'>Fatum</span> <span class='ocrx_word' id='word_1_345' title='bbox 600 2747 696 2781; x_wconf 86' lang='lat' dir='ltr'>Stoicorum</span> <span class='ocrx_word' id='word_1_346' title='bbox 704 2746 779 2782; x_wconf 84' lang='lat' dir='ltr'>breviter</span> <span class='ocrx_word' id='word_1_347' title='bbox 787 2747 879 2783; x_wconf 83' lang='lat' dir='ltr'>refutatum</span> <span class='ocrx_word' id='word_1_348' title='bbox 886 2751 912 2784; x_wconf 83' lang='grc'><strong>19.</strong></span> 
     </span>
     <span class='ocr_line' id='line_1_45' title="bbox 153 2805 914 2855; baseline -0.001 -12"><span class='ocrx_word' id='word_1_349' title='bbox 153 2808 256 2855; x_wconf 82' lang='lat' dir='ltr'>aspiratione</span> <span class='ocrx_word' id='word_1_350' title='bbox 268 2811 319 2842; x_wconf 90' lang='grc'><strong>1092.</strong></span> <span class='ocrx_word' id='word_1_351' title='bbox 535 2806 581 2841; x_wconf 82' lang='lat' dir='ltr'>Fidei</span> <span class='ocrx_word' id='word_1_352' title='bbox 602 2805 695 2842; x_wconf 83' lang='lat' dir='ltr'>catholicae</span> <span class='ocrx_word' id='word_1_353' title='bbox 712 2805 804 2841; x_wconf 87' lang='lat' dir='ltr'>declaratio</span> <span class='ocrx_word' id='word_1_354' title='bbox 822 2809 873 2844; x_wconf 87' lang='grc'><strong>1095,</strong></span> <span class='ocrx_word' id='word_1_355' title='bbox 891 2826 914 2835; x_wconf 87' lang='lat'>-·</span> 
     </span>
    </p>

    <p class='ocr_par' dir='ltr' id='par_1_20' title="bbox 129 2864 914 2968">
     <span class='ocr_line' id='line_1_46' title="bbox 129 2864 914 2913; baseline -0.003 -11"><span class='ocrx_word' id='word_1_356' title='bbox 129 2867 274 2913; x_wconf 81' lang='lat' dir='ltr'>Evangelistarum</span> <span class='ocrx_word' id='word_1_357' title='bbox 286 2866 383 2900; x_wconf 86' lang='lat' dir='ltr'>institutum</span> <span class='ocrx_word' id='word_1_358' title='bbox 397 2865 415 2900; x_wconf 90' lang='lat' dir='ltr'>in</span> <span class='ocrx_word' id='word_1_359' title='bbox 426 2866 511 2913; x_wconf 80' lang='lat' dir='ltr'>mysteriis</span> <span class='ocrx_word' id='word_1_360' title='bbox 556 2864 615 2899; x_wconf 88' lang='lat' dir='ltr'>unicae</span> <span class='ocrx_word' id='word_1_361' title='bbox 627 2865 715 2899; x_wconf 88' lang='lat' dir='ltr'>columbae</span> <span class='ocrx_word' id='word_1_362' title='bbox 727 2864 785 2899; x_wconf 86' lang='lat' dir='ltr'>similis</span> <span class='ocrx_word' id='word_1_363' title='bbox 796 2864 838 2899; x_wconf 85' lang='lat' dir='ltr'>ibid.</span> <span class='ocrx_word' id='word_1_364' title='bbox 851 2885 873 2893; x_wconf 94' lang='lat'>-</span> <span class='ocrx_word' id='word_1_365' title='bbox 895 2866 914 2900; x_wconf 85' lang='lat' dir='ltr'>in</span> 
     </span>
     <span class='ocr_line' id='line_1_47' title="bbox 153 2922 913 2968; baseline 0 -11"><span class='ocrx_word' id='word_1_366' title='bbox 153 2924 250 2968; x_wconf 83' lang='lat' dir='ltr'>evulgandis</span> <span class='ocrx_word' id='word_1_367' title='bbox 265 2927 304 2958; x_wconf 85' lang='grc'><strong>747.</strong></span> <span class='ocrx_word' id='word_1_368' title='bbox 557 2922 627 2956; x_wconf 84' lang='lat' dir='ltr'>ecclesia</span> <span class='ocrx_word' id='word_1_369' title='bbox 643 2922 703 2957; x_wconf 88' lang='lat' dir='ltr'>eadem</span> <span class='ocrx_word' id='word_1_370' title='bbox 718 2922 759 2956; x_wconf 82' lang='lat' dir='ltr'>fides</span> <span class='ocrx_word' id='word_1_371' title='bbox 776 2934 834 2957; x_wconf 82' lang='lat' dir='ltr'>veruta</span> <span class='ocrx_word' id='word_1_372' title='bbox 851 2922 913 2957; x_wconf 86' lang='lat' dir='ltr'>Christi</span> 
     </span>
    </p>
   </div>
   <div class='ocr_carea' id='block_1_3' title="bbox 129 2978 912 3141">
    <p class='ocr_par' dir='ltr' id='par_1_21' title="bbox 129 2978 912 3141">
     <span class='ocr_line' id='line_1_48' title="bbox 129 2978 911 3027; baseline 0 -12"><span class='ocrx_word' id='word_1_373' title='bbox 129 2981 273 3027; x_wconf 83' lang='lat' dir='ltr'>Evangelistarurn</span> <span class='ocrx_word' id='word_1_374' title='bbox 283 2981 367 3016; x_wconf 84' lang='lat' dir='ltr'>declarata</span> <span class='ocrx_word' id='word_1_375' title='bbox 376 2981 464 3016; x_wconf 86' lang='lat' dir='ltr'>consensio</span> <span class='ocrx_word' id='word_1_376' title='bbox 470 2983 510 3015; x_wconf 79' lang='lat'>43⁰.</span> <span class='ocrx_word' id='word_1_377' title='bbox 556 2980 663 3026; x_wconf 83' lang='lat' dir='ltr'>sanguinem,</span> <span class='ocrx_word' id='word_1_378' title='bbox 683 2991 713 3015; x_wconf 86' lang='lat' dir='ltr'>eea</span> <span class='ocrx_word' id='word_1_379' title='bbox 729 2978 769 3014; x_wconf 87' lang='lat' dir='ltr'>vitis</span> <span class='ocrx_word' id='word_1_380' title='bbox 786 2979 863 3026; x_wconf 87' lang='lat' dir='ltr'>quotidie</span> <span class='ocrx_word' id='word_1_381' title='bbox 875 2980 911 3015; x_wconf 84' lang='lat' dir='ltr'>lar·</span> 
     </span>
     <span class='ocr_line' id='line_1_49' title="bbox 129 3037 912 3086; baseline 0 -14"><span class='ocrx_word' id='word_1_382' title='bbox 129 3038 221 3084; x_wconf 78' lang='lat' dir='ltr'>Evangelia</span> <span class='ocrx_word' id='word_1_383' title='bbox 237 3038 280 3073; x_wconf 84' lang='lat' dir='ltr'>nihil</span> <span class='ocrx_word' id='word_1_384' title='bbox 295 3038 359 3074; x_wconf 82' lang='lat' dir='ltr'>babent</span> <span class='ocrx_word' id='word_1_385' title='bbox 375 3039 471 3086; x_wconf 84' lang='lat' dir='ltr'>ambiguum</span> <span class='ocrx_word' id='word_1_386' title='bbox 483 3040 510 3073; x_wconf 88' lang='lat' dir='ltr'>vel</span> <span class='ocrx_word' id='word_1_387' title='bbox 556 3039 601 3085; x_wconf 80' lang='lat' dir='ltr'>gitur</span> <span class='ocrx_word' id='word_1_388' title='bbox 613 3040 664 3073; x_wconf 89' lang='grc'><strong>1097.</strong></span> <span class='ocrx_word' id='word_1_389' title='bbox 678 3058 701 3065; x_wconf 95' lang='lat'><em>-</em></span> <span class='ocrx_word' id='word_1_390' title='bbox 723 3038 769 3072; x_wconf 81' lang='lat' dir='ltr'>ritae</span> <span class='ocrx_word' id='word_1_391' title='bbox 787 3037 849 3072; x_wconf 81' lang='lat' dir='ltr'>Christi</span> <span class='ocrx_word' id='word_1_392' title='bbox 865 3050 912 3073; x_wconf 84' lang='lat' dir='ltr'>aum-</span> 
     </span>
     <span class='ocr_line' id='line_1_50' title="bbox 151 3095 912 3141; baseline 0.003 -13"><span class='ocrx_word' id='word_1_393' title='bbox 151 3107 248 3141; x_wconf 82' lang='lat' dir='ltr'>repugnans</span> <span class='ocrx_word' id='word_1_394' title='bbox 258 3099 298 3130; x_wconf 80' lang='lat'>438.</span> <span class='ocrx_word' id='word_1_395' title='bbox 555 3109 583 3131; x_wconf 88' lang='lat' dir='ltr'>rna</span> <span class='ocrx_word' id='word_1_396' title='bbox 593 3097 635 3132; x_wconf 87' lang='lat' dir='ltr'>ibid.</span> <span class='ocrx_word' id='word_1_397' title='bbox 648 3117 669 3124; x_wconf 88' lang='lat'>·-</span> <span class='ocrx_word' id='word_1_398' title='bbox 688 3096 780 3141; x_wconf 84' lang='lat' dir='ltr'>baptismus</span> <span class='ocrx_word' id='word_1_399' title='bbox 791 3095 827 3141; x_wconf 84' lang='lat' dir='ltr'>eius</span> <span class='ocrx_word' id='word_1_400' title='bbox 837 3095 879 3130; x_wconf 83' lang='lat' dir='ltr'>ibid.</span> <span class='ocrx_word' id='word_1_401' title='bbox 890 3113 912 3122; x_wconf 89' lang='lat'>-·</span> 
     </span>
    </p>
   </div>
   <div class='ocr_carea' id='block_1_4' title="bbox 0 0 994 3392">
    <p class='ocr_par' dir='ltr' id='par_1_22' title="bbox 0 0 994 3392">
     <span class='ocr_line' id='line_1_51' title="bbox 0 0 994 3392; baseline 0 1"><span class='ocrx_word' id='word_1_402' title='bbox 0 0 994 3392; x_wconf 95' lang='lat' dir='ltr'> </span> 
     </span>
    </p>
   </div>
  </div>
 </body>
</html>
