1988 3392
251 241 345 276 raanan
358 242 401 276 mu.
411 243 441 276 nr.
452 244 509 277 ron.
519 244 539 277 n.
550 242 618 276 anun.
627 242 718 277 nxxvn.
833 232 875 274 347

92 325 116 367 ad
130 321 241 378 virginem,
263 323 298 365 sed
311 323 335 364 ad
352 336 395 364 eam
408 323 506 377 virginem
519 338 569 380 qnae
578 326 616 365 iam
631 323 675 364 viro
687 323 785 379 desponsa
800 322 874 373 tuerat,
883 330 921 360 nne.
928 329 943 365 1,
949 329 971 359 m.

73 421 75 423 -
91 400 113 436 ut
124 392 167 448 ipsa
179 390 248 447 sponsi
259 392 448 433 commemoratione
458 390 544 434 Mariam
558 407 607 434 vere
624 392 724 433 hominem
736 391 798 433 fnisse
810 391 876 433 decla-

91 468 129 504 ret.
160 459 213 502 Hinc
225 467 245 501 et
258 460 347 517 pariendi
363 461 438 501 mentio
451 461 471 501 in
483 460 581 517 scriptura
595 463 646 503 facta
661 469 681 502 et
687 463 760 517 fasciis
776 464 876 502 revolvisse
884 468 922 498 nuc.
931 467 945 504 ²,
954 467 968 496 t.

92 530 174 581 dicitnr,
197 537 217 571 et
232 529 290 570 beata
303 529 443 585 praedicantur
458 531 528 579 chere,
551 544 599 584 qnae
617 533 725 579 lactarent,
749 543 772 570 ae
790 517 980 585 deniquenuemm.

91 598 210 641 sacrificinm
222 597 317 649 oblatum,
334 606 426 654 tauquam
436 598 455 639 id
468 600 520 654 quod
532 606 598 640 natum
610 607 654 641 erat
664 600 743 640 vulvam
754 599 874 654 aperuisset.
935 641 936 644 Ἴ

92 666 149 722 Quae
162 668 228 708 omnia
241 667 335 722 parientis
346 667 430 722 virginis
442 667 514 708 indicia
525 669 612 709 fuerunt.
643 668 726 710 Adtraec
740 666 823 708 Gabriel
833 666 876 722 ipse

91 742 148 776 caute
161 749 185 776 ac
197 736 305 791 prudenter
317 737 338 777 in
353 735 405 778 fetici
420 736 454 777 ilio
465 736 534 778 nuntio
543 737 663 793 perforendo
674 738 752 779 locutus
763 743 802 777 est.
834 734 877 777 Ne-

91 817 129 859 que
144 803 196 844 enim
210 803 273 856 dixit,
294 807 350 856 Quod
363 813 454 845 nascetur
465 809 485 846 in
495 813 524 854 te,
547 820 572 847 ne
583 807 709 848 extrinsecus
721 806 806 846 initiam
817 806 875 845 indu-

91 880 143 914 ctum
156 886 228 929 corpus
241 886 287 914 esse
301 880 414 928 putaretur,
431 874 478 925 sed,
493 877 527 914 Ec
538 883 567 923 te,
584 875 647 926 dixit,
664 882 685 916 nt
698 874 749 930 quod
760 881 877 915 nasceretur

92 955 119 983 ex
129 941 171 998 ipsa
185 940 283 998 prodiisse
300 942 405 984 manifeste
421 943 545 984 crederetur.
575 940 698 984 Praesertim
713 957 757 984 cum
773 943 793 984 id
805 950 877 984 natura

92 1009 151 1051 etiam
161 1010 204 1066 ipsa
223 1010 359 1062 demonsiret,
384 1024 423 1051 non
441 1024 500 1066 posse
516 1010 600 1066 virginis
616 1025 700 1066 corpus,
723 1025 773 1065 qnae
789 1012 875 1052 nondum

91 1079 202 1135 pepererit,
224 1078 255 1120 iao
267 1079 386 1135 concipere,
409 1085 450 1119 turn
467 1078 527 1120 nihito
540 1079 603 1134 magis
616 1080 660 1120 fieri
674 1093 733 1136 posse
745 1086 766 1121 ut
778 1080 829 1121 lacte
840 1094 877 1121 nu-

91 1147 175 1199 triatur,
199 1154 233 1189 aut
248 1147 316 1187 fasciis
328 1147 447 1201 obvolvatur
459 1162 531 1204 corpus
543 1148 589 1189 illud
601 1149 652 1203 qnod
665 1148 750 1190 naturali
761 1155 819 1204 partu
830 1155 877 1189 ante

92 1230 132 1257 non
144 1216 171 1258 sit
180 1215 201 1256 in
213 1216 277 1257 lucem
290 1215 371 1256 editum.
402 1214 459 1270 Ergo
470 1216 517 1258 ittnd
529 1217 592 1273 ipsum
604 1224 634 1258 est
646 1218 698 1272 qnod
710 1224 781 1258 octavo
793 1217 825 1258 die
840 1217 878 1258 eir-

92 1283 222 1335 cumciditur,
242 1282 424 1327 ideniaSimeone
438 1284 458 1325 iu
471 1285 528 1327 ulnas
545 1292 661 1341 exceptum,
685 1285 737 1326 idem
750 1299 800 1341 puer
813 1286 878 1327 factus
898 1293 959 1323 nura

92 1359 135 1403 est,
157 1359 177 1393 et
190 1352 287 1404 adolevit,
309 1359 329 1393 et
340 1353 435 1394 decennis
453 1354 529 1404 evasit,
552 1360 572 1394 et
584 1354 609 1394 ad
620 1353 741 1395 tricesimum
758 1368 831 1395 annnm
845 1368 879 1395 us·

92 1434 131 1477 qne
143 1419 243 1476 pervenit.
273 1419 401 1471 Noneninr,
424 1428 447 1462 ut
461 1422 549 1464 nonnulli
561 1421 658 1478 suspicati
669 1429 728 1474 sunt,
750 1422 810 1463 divini
822 1422 878 1465 verbi

92 1489 203 1531 substantia
212 1488 256 1544 ipsa
269 1495 343 1531 mutata
356 1489 474 1531 circumcisa
485 1498 528 1541 est,
546 1505 603 1545 qnae
617 1491 689 1532 mutari
702 1491 832 1546 convertique
843 1505 878 1532 ne-

92 1563 163 1613 queat,
184 1571 228 1598 oum
241 1556 331 1598 salvator
346 1556 390 1613 ipsc
407 1558 472 1610 dicat,
496 1561 561 1600 l'e'atete
576 1574 616 1607 me,
639 1562 839 1612 qesnedmegomm
859 1567 982 1603 etmarias.

92 1641 130 1667 non
147 1641 189 1666 sam
205 1633 299 1674 mutatus,
322 1624 396 1668 Paulus
413 1641 462 1667 vero
475 1627 612 1682 ita'seripsitz
633 1631 688 1668 Iesus
701 1630 789 1668 Chrestns
804 1602 982 1673 aere'etriiii'.³1'd’a.

93 1698 161 1744 hodae,
178 1698 226 1735 edem
239 1696 259 1734 in
270 1697 360 1735 soeculo.-
383 1708 452 1735 verum
463 1696 483 1736 in
496 1710 520 1736 co
531 1709 628 1751 corpore,
645 1697 696 1751 quod
710 1702 730 1737 et
740 1695 878 1737 circumcisum

94 1771 137 1815 est,
155 1770 175 1804 et
186 1768 298 1818 gestatum,
315 1763 367 1817 quod
379 1764 465 1804 consedit
477 1771 497 1805 et
509 1763 611 1819 fatigatum
623 1771 667 1815 est,
683 1765 703 1805 in
714 1777 774 1805 eruce
787 1765 879 1806 suffixum

94 1838 155 1888 atque
173 1844 266 1888 passum,
287 1831 320 1882 dei
337 1831 420 1873 verbum
437 1831 514 1883 iuerat,
538 1833 589 1888 quod
605 1832 704 1888 passionis
721 1832 803 1888 perinde
820 1840 879 1888 atque

94 1900 185 1956 eorporis
202 1905 234 1941 est
249 1912 332 1955 expers.
363 1898 418 1941 idem
435 1914 507 1956 corpus
522 1901 544 1942 iu
560 1908 688 1942 monumento
709 1900 818 1957 depositum
837 1908 880 1952 est3

95 1983 134 2025 qno
145 1977 234 2025 tempore
247 1967 336 2020 scilicet,
352 1970 486 2021 asspectibus
497 1971 548 2018 illis,
565 1973 628 2022 quiin
640 1973 727 2010 custodia
738 1971 878 2019 deducebantur,
887 1981 955 2018 laena,
962 1981 984 2010 lo.

91 2041 227 2092 praediceret,
243 2039 270 2077 ud
283 2052 315 2077 eos
330 2039 422 2085 recessit,
439 2037 468 2078 uti
483 2035 556 2079 Petrus
572 2044 664 2079 testatur.

153 2106 186 2148 Ex
199 2119 237 2162 quo
252 2105 330 2165 iliorum
349 2105 472 2161 potissimum
490 2106 602 2147 declaratur
616 2106 695 2148 insania
712 2106 744 2162 qni
756 2107 840 2148 verbnm
851 2108 883 2150 dei
897 2109 986 2154 Cap-VIII·

94 2176 115 2218 in
131 2190 177 2217 ossa
195 2188 315 2230 carnemque
330 2181 471 2216 commutatum
489 2182 590 2217 asserunt.
620 2174 673 2217 Nam
685 2176 702 2217 si
713 2176 741 2217 ita
753 2176 879 2232 contigisset,

95 2258 266 2302 supervacaneum
278 2250 426 2285 monumentum
436 2244 483 2284 illud
495 2244 578 2303 tuisset3
595 2244 612 2285 si
623 2244 700 2300 quidem
712 2246 776 2301 ipsum
788 2259 824 2302 per
835 2260 881 2288 sese

96 2329 168 2371 corpus
186 2313 313 2371 praedicandi
329 2314 393 2369 gratia
410 2315 433 2353 ad
449 2327 485 2354 eos
502 2314 584 2370 spiritus
601 2316 706 2356 accederet
722 2314 755 2370 qui
772 2314 792 2355 in
810 2315 882 2357 interis

96 2384 236 2426 versabantur.
266 2374 326 2425 Nunc
337 2390 402 2424 autem
414 2383 540 2438 praedicandi
552 2384 594 2438 ipse
605 2383 671 2438 gratia
681 2385 705 2425 ad
718 2398 752 2425 eos
764 2384 820 2437 adiit,
836 2400 880 2426 eor·
905 2396 959 2425 ronan.

92 2468 131 2507 pus
145 2461 207 2494 aretem
223 2453 422 2492 seiidoneoboolnturn
438 2454 529 2505 Iosephus
545 2456 565 2493 dn
579 2455 674 2505 Golgotlm
688 2456 787 2507 deposm't,·
809 2461 880 2509 estque
908 2432 961 2468 Μ’

96 2511 159 2579 palam
170 2522 216 2564 illud
228 2520 320 2561 omnibns
333 2522 414 2571 tactum,
431 2520 513 2561 verbum
525 2521 588 2577 ipsum
602 2536 725 2577 nequaqnam
739 2535 786 2563 esse
799 2537 880 2579 eorpus,

96 2592 131 2632 sed
147 2589 266 2633 adverbum
283 2604 355 2645 corpus
370 2589 499 2646 pertinuisse.
531 2588 639 2631 Praeterea
655 2590 745 2632 Thomas
757 2591 805 2632 illud
817 2592 879 2647 ipsum
892 2604 977 2633 [dannan.

32 2693 34 2698 .
96 2674 181 2717 corpus,
205 2658 631 2716 posteaquamamonuisexcitarumest,
656 2660 747 2701 manibus
759 2662 881 2714 attrectavit,

96 2736 117 2771 et
127 2729 147 2771 in
160 2743 185 2770 eo
197 2729 298 2770 clavorum
310 2727 414 2769 cicatrices
425 2728 516 2784 aspexit,
534 2742 583 2784 qnos
595 2742 639 2769 cnm
650 2729 670 2769 in
685 2743 770 2785 corpore
782 2744 819 2770 sno
830 2731 882 2771 suffi-

95 2812 134 2840 xos
145 2798 241 2848 vidisset,
262 2803 333 2853 sponte
347 2796 452 2848 sustinuit,
475 2812 539 2853 neque
552 2811 595 2838 crim
609 2804 678 2852 posset
690 2797 795 2854 prohibere
806 2799 880 2849 volnit;

96 2866 135 2907 imo
150 2881 200 2909 vero
212 2866 303 2923 proprias
320 2865 350 2907 sui
363 2866 453 2919 corporis
471 2867 599 2917 affectiones,
621 2867 677 2907 vetut
689 2866 791 2922 suiipsius
803 2867 824 2908 in
836 2882 882 2909 sese

96 2962 119 2991 est
134 2967 154 2991 ee
169 2960 204 2992 eod.
215 2960 242 2992 ttto
254 2960 281 3000 qni
295 2959 335 3000 siqto
348 2959 366 2990 M
375 2959 428 2990 notari
440 2968 478 2991 coa·
526 2959 565 2990 Car.
578 2957 622 2988 vin,
636 2976 659 2982 -
684 2959 697 2991 1.
711 2956 752 3002 μὲν,
768 2961 810 3000 quod
821 2961 883 2992 deside-

96 3006 153 3037 sueutt.
413 3005 415 3008 ’
501 3008 547 3037 rutae
564 3005 581 3035 ia
596 3003 653 3044 editis,
671 3007 731 3037 restitut
748 3015 768 3037 ee
783 3007 829 3038 codd.
845 3015 882 3038 mss.

121 3048 146 3082 1¹2.
159 3047 252 3093 senectae,
263 3047 287 3093 μή
298 3049 392 3096 χωρισθεὶς
401 3045 454 3085 αὐτοῦ
461 3052 479 3084 Β.
489 3075 493 3079 μ
502 3054 573 3092 atroque,

97 3104 117 3129 ec
127 3096 188 3139 ottqnot
199 3098 243 3129 tibris
254 3105 291 3129 mss.
525 3097 540 3130 ¹2.
554 3092 564 3133 ὁ
575 3093 626 3142 λόγος
637 3092 647 3131 c‘
659 3091 717 3143 dcdp.
729 3097 749 3131 B.
