1988 3392
133 210 175 253 198
421 219 505 255 εκαοτι
517 219 636 255 Εειεεικαιι

132 303 208 352 στειλας
223 298 305 356 Ἰησοῦν
322 298 416 360 Χριστόν.
445 296 571 358 Ἀκηκόαμεν
587 298 625 360 γάρ
641 302 675 346 καί
690 317 750 345 τινων
764 298 872 359 λεγόντοιν,
894 300 922 356 ῶς

133 369 179 429 παρ’
192 370 254 416 αῦτοῦ
265 373 354 431 ἐναργῶς
363 369 485 428 άκηκόασιν,
500 371 529 423 ῶς
539 389 590 424 τινες
601 376 749 431 κατηγοροῦντο
762 372 795 415 ἐπὶ
806 371 921 428 άτοπήματι

133 440 229 499 γυναικός
246 440 343 493 ςάλόντες
359 443 392 485 καί
410 440 577 499 κατεγινῶσκσντο
594 440 629 486 τίκτ’
646 441 719 486 αὐτῶν.
743 438 766 484 Ὁ
781 441 803 484 δὲ
815 439 863 485 οῦδὲ
875 444 921 499 περὶ

133 509 210 554 τούτων
222 516 311 566 χαλεπῶς
323 512 403 565 ἔφερεν,
426 509 474 553 άλλά
484 513 520 553 καί
530 510 595 565 μάτην
605 511 703 566 ἐχλεύαζε,
726 509 810 563 φάσκων
821 510 884 564 μηδὲν
894 509 920 553 εἶ-

133 595 166 621 ναι
176 577 199 621 τό
210 583 307 622 τοιοῦτον.
336 576 446 632 Σωματική
459 578 496 634 γάρ
509 580 560 620 ε’στιν
570 576 585 631 ή
594 582 649 633 χρεία
659 580 693 620 καί
705 576 719 632 ή
730 576 840 632 ῦπηρεσία,
856 576 921 633 ῶςπερ

133 644 182 701 γάρ,
203 647 264 697 φησὶ,
285 646 331 697 περὶ
344 644 366 686 τό
378 640 415 692 οῦς
429 644 551 697 κνηθόμεθα
568 647 610 697 (καί
624 643 686 693 αὐτός
701 644 737 696 μὲν
753 638 849 697 αἰδοῦμαι
860 644 922 698 λέγειν

134 710 210 766 ίίσαπερ
225 713 299 759 ἐκεῖνος
311 709 426 764 άκάθαρτος
438 710 566 766 διηγήσατο),
581 710 675 767 λαβόντες
688 710 749 761 Ιθδὲ,
765 711 826 764 φησί,
842 708 921 766 πτερόν,

134 777 148 834 ἢ
158 777 241 834 κάρφος,
256 776 278 821 τό
288 772 324 828 οῦς
332 779 461 834 κνηθόμεθα,
476 779 510 821 καί
521 776 574 822 οῦτοι
584 778 694 835 παυόμεθα
705 784 741 835 τῆς
753 780 798 837 περὶ
806 777 843 835 τήν
854 777 922 835 άκοήν

134 853 258 906 κνησμονής,
274 846 327 894 οῦτω
339 850 455 904 καὶτοῦτο,
471 851 533 908 φησί,
548 852 653 908 συμβαίνει
664 848 715 895 κατά
726 849 798 906 φῦσιν,
818 851 853 895 καί
867 851 886 895 τί
893 868 923 903 τις

136 920 272 973 ἔπιτελέσειεν,
289 920 325 977 οὐχ
340 919 455 979 ἁμαρτάνει.

197 991 238 1032 Καὶ
252 989 289 1033 ὅσα
298 996 381 1034 τοιαῦτα
393 989 405 1034 ό
417 989 467 1047 άνήρ
479 989 620 1048 διηγοῦμενος,
641 989 721 1047 ῦδαρῶς
735 990 759 1033 τά
770 988 835 1033 πάντα
844 991 879 1033 καί
888 1007 923 1032 κα-

135 1062 188 1110 κῶς,
210 1060 325 1111 ἐδίδασκεν,
347 1062 381 1103 ἵνα
393 1062 413 1110 ἒξ
424 1060 491 1102 αῦτῶν
507 1064 547 1102 τῶν
562 1061 625 1115 ἔργων
640 1059 700 1118 ὀφθῇ
714 1062 733 1101 τί
744 1059 780 1112 μὲν
791 1053 851 1108 οὗτός
863 1060 923 1110 ἔστιν,

135 1128 156 1168 οἱ
166 1127 189 1168 δὲ
199 1131 235 1169 τοῦ
245 1129 318 1182 κυρίου
328 1126 385 1183 λόγοι
400 1132 470 1179 σαφῶς
486 1126 535 1180 ήμῖν
546 1126 708 1182 καταυγάσοισιν,
730 1125 757 1176 τός
772 1127 833 1181 ἔλεγε,
855 1129 920 1180 Προς·

136 1194 187 1246 ε’χετε
198 1193 239 1235 οἰττό
251 1198 291 1234 τῶν
301 1197 489 1249 ψευδοπροφητῶν,
510 1196 580 1242 οἵτινες
595 1195 684 1247 ἔρχονται
701 1192 752 1248 πρός
768 1191 821 1245 ῦμῦς
831 1194 852 1234 ἒν
865 1192 923 1234 ἐνδά-

136 1273 184 1313 μασι
194 1260 314 1315 προβάτιον,
335 1261 411 1303 ἔσωθεν
423 1261 445 1302 δέ
455 1262 493 1303 είσι
502 1260 560 1302 λάκοι
570 1259 668 1316 ίίρπαγες·
690 1259 731 1303 άντό
742 1264 783 1303 τῶν
792 1262 877 1316 καρπῶν
887 1257 923 1301 αῦ-

135 1331 175 1370 τῶν
186 1326 321 1385 ἐπιγνώσεσθε
333 1327 414 1381 αὐτούς·
436 1328 464 1386 μή
476 1347 496 1373 τι
506 1329 633 1387 συλλέγουσιν
645 1328 686 1374 άκό
702 1329 801 1375 ἀκανθῶν
811 1327 924 1384 σταφυλάς,·

136 1396 151 1455 ή
163 1396 205 1443 άπό
215 1397 313 1457 τριβόλων
324 1404 387 1454 σῦκας
410 1399 468 1445 Ολίτοι
482 1402 517 1445 καί
530 1398 626 1457 ήτοότον
641 1400 692 1446 κατά
703 1401 768 1446 πάντα
781 1406 817 1457 τῆς
829 1397 925 1456 άνοησίας

136 1468 199 1525 τόλμα
214 1472 308 1514 ἐντεῦθεν
325 1472 360 1514 καί
377 1473 456 1515 ἐκεῖθεν
471 1472 597 1527 διελίγχεται,
619 1469 646 1521 ῶς
664 1472 699 1526 μὲν
712 1470 763 1514 κατά
776 1476 812 1515 τοῦ
825 1472 924 1517 δεσπότου

137 1538 202 1582 αὐτοῦ
220 1538 306 1582 α’νὲτεινε
317 1538 340 1583 τό
352 1538 415 1594 στόμα
430 1539 598 1597 άθυρογλωττῶν,
618 1543 646 1590 εἰς
661 1539 697 1584 τόν
706 1542 778 1584 ἑαυτοῦ
793 1540 865 1598 κόριον
877 1545 924 1596 βλα·

137 1613 224 1661 σφημεῖν
240 1606 267 1661 μή
281 1607 434 1662 αἰσχυνόμενος,
455 1610 488 1651 ἵνα
500 1610 536 1650 καί
551 1610 573 1651 ἔκ
583 1613 623 1650 τῶν
634 1613 719 1664 καρπῶν
731 1614 768 1663 τῆς
778 1608 841 1652 αὐτοῦ
853 1609 925 1652 ἀκολα-

138 1678 182 1724 σίας
190 1676 224 1717 καί
239 1673 362 1730 ῦδαρότητος
373 1677 395 1717 οί
404 1677 481 1717 συνετοὶ
493 1674 637 1728 δοκιμάσαντες
651 1675 679 1729 μή
694 1677 809 1731 δρίψωνται
818 1681 859 1718 τῶν
873 1676 925 1719 ἀῦ-

138 1747 175 1783 τοῦ
185 1746 275 1797 καρπῶν.
308 1742 338 1783 Οῦ
352 1740 389 1797 γάρ
401 1740 484 1784 δυ’ναται
497 1744 518 1792 ἕξ
529 1743 627 1784 ἀκανθῶν
641 1742 731 1796 σταφυλή
749 1747 872 1799 τρυγᾶσθαι,
893 1745 926 1786 ἵνα

138 1810 172 1851 καὶ
186 1807 228 1852 άπό
244 1813 280 1863 τής
294 1812 476 1859 κακοδιδασκαλίας
491 1806 505 1864 ή
517 1808 613 1864 σεμνότης
629 1808 711 1865 ὀφθείη.
737 1809 797 1854 Ἀλλά
813 1815 876 1854 ταῦτα
890 1812 926 1867 μὲν

138 1879 185 1936 περὶ
197 1876 231 1922 τόν
241 1876 304 1937 άνδρα
314 1876 410 1939 γεγονότα
419 1877 546 1936 ἀκηκόαμεν,
561 1881 596 1925 καί
606 1872 753 1939 συμβεβηκότα,
783 1879 842 1926 ww}
854 1882 876 1927 δὲ
886 1887 927 1927 τῶν

139 1949 205 2008 λόγων
217 1949 282 1994 αῦτοῦ
293 1950 400 1995 άκόλουθα
412 1952 440 2001 είς
452 1953 524 2006 μανίαν
539 1950 615 2007 ι’ίρσεως
628 1951 679 1995 κατά
690 1956 726 1995 τοῦ
738 1954 810 2009 κυρίου
823 1956 927 2009 τολμηθεί-

140 2034 187 2074 σης,
211 2017 316 2074 ῶςίφην,
338 2019 401 2063 πολλοὶ
417 2021 529 2075 μένε’στιν,
552 2019 608 2078 ὀλίγα
619 2023 641 2064 δὲ
653 2019 693 2064 άτιό
703 2026 743 2064 τῶν
755 2023 853 2065 πλειόνων
863 2039 927 2078 παρα-

138 2088 235 2144 θήσομαι.
266 2088 323 2146 Πρός
337 2087 387 2131 αὐτοὶ
399 2090 420 2131 δὲ
433 2088 446 2131 όῖ
457 2087 469 2131 ό
482 2089 553 2145 κῦριος
567 2092 638 2132 δίδωσι
648 2088 700 2146 πρός
714 2089 830 2145 άνατροττήυ
844 2093 879 2133 καί
891 2090 927 2133 αῦ-

138 2159 170 2200 τοί
181 2159 268 2210 λέξομεν.
299 2158 341 2199 Καὶ
353 2158 405 2199 ἔστιν
415 2155 430 2209 ή
441 2156 514 2198 τοῦτου
526 2162 563 2199 τοῦ
572 2155 678 2210 Ἀνομοίον
689 2162 725 2211 τῆς
735 2160 819 2207 πίστεως
830 2159 928 2212 ἕρεσχελία

57 2250 92 2280 pag.
101 2243 131 2270 ατε.
141 2225 176 2267 καί
186 2229 227 2266 τῶν
237 2224 302 2279 λόγων
314 2222 434 2276 άπεικασμοὶ
447 2218 515 2274 οῦτοι,
536 2225 558 2266 ἐκ
572 2229 655 2279 γραφῶν
666 2224 701 2277 μὲν
714 2222 825 2279 λεγόμενοι,
844 2224 882 2279 οὐχ
893 2224 927 2266 οῦ-

138 2308 178 2340 τως
193 2291 215 2334 δὲ
226 2289 277 2333 κατά
289 2288 324 2332 τόν
333 2294 383 2333 νοῦν
396 2291 482 2344 ἔχοντες,
503 2289 553 2334 άλλά
564 2289 627 2341 άλλως
638 2289 675 2345 τήν
685 2291 771 2345 δύναμιν
785 2293 873 2347 ἔχοντες,
893 2290 927 2335 εἶπ’

139 2359 203 2405 αὐτοῦ
218 2359 240 2404 δὲ
255 2358 320 2411 οῦτως
334 2356 485 2417 λαμβανόμενοι.

51 2518 97 2564 Κεφ,
108 2517 130 2558 ς’,
202 2500 278 2545 Φάσκει
290 2501 312 2544 δὲ
322 2499 385 2552 εῦθός
397 2503 418 2546 ἒν
433 2500 484 2562 άρχῇ
500 2501 541 2555 fin,
564 2500 594 2544 Οῦ
605 2501 689 2544 δάνατιιτ
700 2500 722 2545 τό
734 2501 843 2559 άγέννητον
858 2501 928 2557 όμοιον

139 2569 230 2628 εἶναιτῷ
242 2574 339 2628 γεννητῷ·
354 2571 388 2613 καὶ
400 2569 438 2627 γάρ
451 2570 502 2613 κατά
513 2570 535 2612 τό
545 2569 609 2624 όνομα
619 2568 735 2613 διαλλάττει·
751 2570 773 2614 τό
783 2571 818 2625 μὲν
826 2571 864 2627 γάρ
876 2573 928 2614 ἔστιν
985 2589 986 2592 ’

139 2639 258 2694 ἀγέννητον,
271 2636 294 2679 τό
307 2638 329 2679 δὲ
341 2637 440 2692 γεννητόν.
474 2637 501 2680 Τό
514 2638 536 2679 δὲ
546 2641 587 2679 πάν
598 2638 651 2680 ἔστιν
663 2637 754 2692 ἠλίθιον,
770 2640 804 2680 καὶ
815 2641 844 2688 εἰς
855 2642 928 2691 μανίαν

138 2707 216 2761 τρέψαν
232 2702 269 2747 τόν
282 2701 352 2759 άνδρα.
382 2708 411 2747 Εἰ
421 2704 459 2760 γάρ
474 2704 582 2759 ζητήσομεν
595 2709 622 2762 τῷ
636 2704 737 2763 άγεννήτμ
753 2705 874 2763 γεννήτορά,
894 2708 928 2748 ἳνα

139 2773 167 2828 μή
179 2772 216 2828 τήν
231 2773 277 2829 περὶ
295 2776 384 2827 Χριστοῦ
400 2774 461 2825 δόξαν
474 2770 541 2827 άληθῦγ
557 2772 695 2828 άπολέσωμεν,
716 2771 845 2830 εὑρεθήσεται
860 2772 928 2818 οῦκέτι

597 2841 630 2857 ln

139 2841 168 2896 εἷς
180 2839 278 2902 όπατήρ,
298 2840 346 2886 οὐδὲ
362 2841 428 2902 πατήρ
447 2839 533 2901 πατρός,
555 2840 603 2888 ἄλλα
617 2862 697 2904 απεκροι
710 2846 732 2889 οί
742 2844 825 2902 πατέρες
836 2845 928 2905 πατέρων

163 2986 178 3021 9.
190 2985 262 3026 ἁλόντες
275 2988 333 3027 scripsi
344 2995 364 3018 ετ
374 2989 464 3021 coniectura
474 2989 523 3021 Pela·
569 2986 609 3019 (λεν,
621 2988 642 3019 V.
654 3005 677 3011 —
690 2988 705 3020 1.
717 2983 769 3021 αδτοῦ
780 2988 841 3020 restitui
851 2996 871 3020 ιτ
881 2987 927 3020 codd.

140 3036 164 3067 υῐί
173 3044 202 3073 pro
215 3027 285 3071 άδοιτες
296 3033 338 3073 qnod
350 3033 397 3073 υκληο
409 3037 457 3066 ταλαί.
546 3041 583 3064 mss.
595 3036 664 3073 νιενηαι.
688 3034 739 3073 Vulgo
750 3034 807 3073 Ιιφλικν
819 3029 880 3066 αὐτῶν.

164 3079 190 3111 10.
202 3068 235 3121 γάρ
248 3079 283 3110 cod.
296 3078 361 3118 Ηλτάἰρ.
568 3077 584 3110 2.
597 3079 744 3111 σοφιστεῦσαι
760 3081 783 3109 At
792 3088 822 3122 per
832 3077 927 3111 doctrinam
