1988 3392
249 235 435 269 ululantum.
448 236 503 270 Tou.
515 237 528 269 ι.
541 235 609 268 nina.
621 235 705 268 nxxm.
840 226 867 268 93

83 321 115 357 tur
127 315 227 367 essentia,
243 314 360 372 particulam
374 315 437 368 tono,
452 313 498 365 Sic,¹
511 315 600 359 essentia
614 329 658 357 oum
673 313 762 356 essentia
777 312 868 356 similita-

83 383 147 424 tlinem
163 382 260 425 iudicare.

140 450 163 494 Si
176 451 220 507 quis
231 452 269 492 isla
283 450 380 492 diaenlem
394 451 448 493 illnm
462 452 556 494 audiens:
574 455 652 493 Creaoz't
661 465 700 500 me,
721 459 742 490 et
752 454 821 504 genuit
831 465 866 499 me,
882 460 964 506 cap.xl.

82 534 122 561 non
137 521 161 561 ad
174 520 258 561 eundem
275 527 294 561 et
310 521 418 562 secundnm
433 517 541 562 essentiam
557 522 657 575 portinere
676 526 742 575 putet,
764 520 799 561 sed
817 519 869 560 idem

83 602 129 629 esse
141 589 206 640 dieat,
223 591 340 638 Genaz'tme,
364 598 384 630 et
393 592 466 630 creauit
477 605 517 639 me,
540 597 632 646 tanquam
645 588 705 631 filium
718 589 763 630 sine
775 588 814 629 ulla
825 602 869 643 pas-

83 657 139 699 sione
150 658 259 714 perlectum
272 672 300 700 ex
311 658 387 701 dnobus
399 658 439 701 illis
449 658 551 701 vooabotis
564 659 675 709 confitens,
698 660 826 706 mentitae,
849 664 869 698 et

83 729 201 778 Geneatae,
218 728 253 770 sot
264 734 376 771 ornaturum
388 731 492 782 duntaxat,
510 743 549 771 non
561 728 620 771 filium
632 730 740 781 affirmans,
757 726 868 770 cuiusmodi

83 796 135 852 piam
152 797 209 839 nobis
226 812 253 840 ex
271 798 347 840 duabus
358 798 396 841 illis
409 798 492 841 vocibus
504 813 584 840 sensum
598 797 701 855 Sapientia
713 798 804 850 tradidit,
820 811 868 839 aila-

83 866 149 909 llioma
159 867 192 909 sit.
225 865 247 910 Si
259 868 303 923 quis
314 867 353 908 lilio
365 882 419 910 sunm
434 883 478 909 eum
490 875 545 924 patre
559 869 668 909 seeundum
680 867 787 909 essentiam
799 866 869 908 simili·

84 936 170 978 tutlinem
182 936 239 978 nobis
253 932 282 978 liis
295 936 363 977 verbis
379 937 492 978 indicante:
515 939 572 977 Sicut
580 940 628 978 emin
641 945 699 991 puter
711 940 768 978 vitam
780 937 837 977 habel
848 939 868 977 in

82 1009 155 1059 sezpso,
178 1009 207 1046 sz'e
217 1014 237 1046 et
244 1008 288 1059 filio
301 1008 355 1046 dedit
365 1008 422 1046 anitum
433 1007 504 1046 labere
517 1009 537 1047 iu
547 1009 621 1059 smisso,
643 1021 688 1047 enm
698 1020 747 1048 vero
757 1005 869 1047 similitudi·

83 1089 140 1126 nem,
162 1089 213 1130 qttue
227 1075 247 1116 in
265 1074 344 1116 notione
360 1074 424 1130 posita
438 1073 469 1115 his
481 1075 548 1116 verbis
560 1075 656 1128 tommo,
677 1077 808 1129 Quaecumque
820 1078 869 1115 enim
895 1083 948 1113 luam.

81 1151 139 1197 pater
151 1145 210 1197 fucit,
233 1158 255 1184 eu
271 1135 526 1198 elfiliusszlaz'lilersueit,
548 1142 869 1185 solnmhancaclionissimililn-
895 1119 941 1155 nu.

83 1213 147 1254 dinem
166 1213 290 1265 conusens,
313 1213 408 1263 alteram,
432 1226 483 1268 qliae
500 1214 524 1253 ad
544 1213 651 1254 essentium
669 1220 757 1268 spectat,
779 1227 869 1269 quaeque

83 1282 209 1338 praecipuum
222 1282 265 1323 litlei
277 1288 358 1322 nostrae
371 1288 430 1337 oupnt
440 1288 484 1331 est,
501 1281 541 1322 lilio
555 1281 665 1333 subtrahat,
683 1289 775 1337 tanlquam
788 1289 869 1322 aelerna

49 1376 50 1379 =
83 1350 135 1401 vita,
158 1364 208 1405 qnae
224 1350 245 1391 in
261 1349 323 1406 patris
340 1364 363 1390 aa
380 1351 412 1390 lilii
428 1350 543 1403 cognitione
558 1350 659 1401 consistit,
676 1350 763 1406 seipsum
778 1349 868 1406 privans,

83 1419 187 1460 anathema
204 1417 238 1460 sil.
269 1417 291 1460 Si
309 1418 353 1473 qais
367 1418 387 1459 in
403 1425 480 1474 patrem
498 1433 521 1460 ao
538 1418 596 1459 lilium
613 1419 696 1459 medeae
713 1432 758 1460 sese
774 1418 869 1474 profitens

83 1493 160 1542 patrem
172 1500 211 1528 non
222 1485 293 1528 similis
305 1501 348 1528 oum
362 1487 401 1527 lilio
412 1486 513 1527 esseutiae
526 1487 578 1528 dicat
590 1501 647 1538 esso,
664 1487 699 1528 sel
711 1486 808 1538 notionis,
826 1495 869 1528 lan-

83 1569 153 1611 quam‚
174 1556 268 1609 profanas
289 1569 355 1595 oooam
373 1560 466 1595 novitates
481 1556 505 1596 ‹le
527 1555 559 1596 lilii
580 1555 611 1595 dei
632 1555 719 1597 essentia
739 1556 966 1613 pronuntiarozsnnm.

83 1613 152 1675 elusus,
176 1630 197 1663 et
209 1637 276 1665 verum
289 1623 325 1663 lilii
337 1624 478 1679 proprietatem
492 1630 594 1673 evertens,
610 1624 715 1664 anathema
728 1625 762 1665 sit.
794 1622 870 1678 Siquis
897 1602 947 1637 Μ’

84 1692 143 1733 lilium
159 1691 243 1733 similem
258 1692 346 1734 essentia
365 1692 418 1734 illius
430 1691 543 1746 intelligens
559 1692 616 1732 onius
629 1693 680 1733 lilius
692 1690 821 1747 intelligitur,
838 1692 871 1733 vel

83 1760 135 1801 idem
147 1774 229 1816 prorsus
239 1775 282 1801 eum
297 1766 352 1816 palm
363 1760 421 1801 lilium
433 1756 478 1801 esse
492 1760 552 1811 lieu,
561 1760 592 1801 vel
604 1761 666 1816 patris
678 1767 763 1815 partem,
779 1760 812 1802 vol
825 1775 870 1815 peo-

85 1828 146 1870 llnvio
162 1829 246 1884 quolam
258 1844 282 1870 uc
297 1829 403 1884 passione,
429 1843 570 1885 eoi'poremmn
584 1828 647 1870 instar
662 1828 757 1881 liliorum,
777 1828 870 1885 incorpo-

59 1899 61 1902 ’
85 1911 141 1938 reum
160 1897 185 1938 ab
202 1897 320 1954 incorporeo
339 1904 393 1953 patre
411 1897 508 1953 prodiisse
526 1897 585 1938 lilium
602 1904 691 1948 usserat,
715 1894 819 1939 unmluma
835 1898 869 1938 sit.

86 1964 108 2008 Si
121 1966 165 2022 quis
179 1974 283 2022 propterea
297 1967 348 2021 quml
366 1979 430 2021 neque
446 1972 501 2020 palen
512 1966 563 2007 lilius
576 1980 640 2022 tueque
652 1965 705 2008 lilius
717 1979 762 2008 esse
774 1972 831 2023 patae
840 1966 871 2008 in·

84 2036 185 2092 telligatur
195 2049 292 2091 nuquam,
308 2035 391 2076 alterum
403 2049 414 2076 a
425 2040 481 2089 patre
493 2035 554 2076 lilium
566 2048 612 2077 esse
623 2036 704 2088 nitens,
721 2049 746 2078 eo
758 2036 809 2092 qnotl
821 2036 871 2078 ulter

86 2105 111 2148 sil
123 2112 179 2162 paler
190 2119 214 2147 au
226 2105 292 2157 lilius,
315 2111 335 2146 ut
348 2103 420 2146 dietum
432 2110 474 2154 est,
490 2107 549 2145 Alius
562 2112 592 2145 est
601 2108 637 2159 qui
648 2108 773 2146 testamentum
783 2107 973 2162 perhibelloanu.5‚3a

85 2177 109 2216 de
120 2190 159 2225 me,
183 2174 242 2227 item,
265 2177 397 2216 Testimonium
406 2175 639 2228 perlez'betqm'misz'tme
649 2183 720 2229 paler.-
735 2176 752 2216 si
765 2174 822 2231 quis,
839 2175 870 2216 in·
897 2154 940 2182 ’Μ’

86 2258 155 2300 quam,
178 2251 259 2301 psopter
269 2243 320 2301 piam
334 2243 401 2297 illam,
422 2243 505 2299 quaein
519 2243 604 2286 eeclesia
617 2243 728 2301 coneipitur
739 2258 870 2301 personarum

19 2359 20 2363 Ἰ
85 2314 147 2371 pateis
158 2327 181 2354 au
193 2313 228 2355 lilii
240 2314 394 2371 proprietatem,
415 2312 492 2355 vesilns
503 2327 528 2355 ne
538 2312 591 2354 idem
603 2314 684 2355 omniuo
694 2328 739 2356 eum
751 2321 807 2371 patre
818 2313 871 2356 lilius

85 2382 219 2438 intelligatur,
241 2382 356 2425 dissimilem
373 2382 460 2424 essentia
473 2382 534 2439 patris
547 2395 592 2424 esse
607 2383 668 2425 lilium
680 2383 744 2435 dieat,
767 2383 872 2426 numisma

86 2451 119 2494 sil.
152 2450 174 2494 si
186 2452 229 2507 quis
241 2459 316 2508 patrem
329 2451 424 2507 unigeniti
438 2451 473 2492 lilii
483 2451 503 2492 in
514 2459 604 2508 tempore
615 2460 690 2509 patrem
703 2452 766 2494 luisse
778 2452 815 2494 sibi
826 2467 872 2509 per·

86 2521 176 2573 sontem,
194 2535 257 2576 iisqne
269 2527 314 2563 unite
326 2528 403 2577 tempus
415 2534 473 2561 omne
485 2535 507 2562 ae
518 2535 578 2576 supin
590 2520 693 2563 lunianum
706 2535 783 2563 onlnem
795 2524 871 2577 eogita-

86 2590 169 2641 tionem‚
186 2589 308 2645 {unigenitum
321 2589 382 2630 lilium
393 2604 404 2630 a
416 2595 470 2645 putee
481 2589 524 2631 sine
535 2590 573 2630 nlla
584 2591 678 2645 passione
690 2591 759 2631 arelat
769 2604 814 2632 esse
827 2604 872 2646 pro-

87 2659 178 2708 ductum,
200 2665 292 2714 tanquam
308 2658 437 2713 apostolieum
454 2658 525 2714 dogma
540 2659 701 2713 transgrediens,
723 2660 774 2714 quod
791 2667 871 2715 apatre

87 2727 168 2783 liliaque
184 2726 278 2783 tetuponis
294 2725 379 2781 spatium
396 2739 454 2767 oinne
467 2726 544 2777 emisit,
565 2726 602 2767 hoa
614 2741 664 2769 veno
676 2742 713 2769 nos
727 2728 813 2770 lideliter
824 2728 871 2768 edo-

87 2803 130 2848 cet,
155 2798 280 2849 Inpetiaeipz'o
293 2796 435 2844 eratuerbum,
458 2797 687 2845 etdeuseratoerbum,
709 2797 966 2850 etverbumeratnaual,1.

87 2867 139 2918 apud
149 2867 214 2913 deum,
231 2872 250 2904 et
260 2867 306 2904 deus
315 2871 359 2903 erat
368 2865 452 2912 verbum,
470 2864 573 2905 anatliema
584 2863 618 2905 sit.
650 2863 672 2906 Si
685 2864 729 2920 quis
739 2873 814 2920 patrem
828 2865 871 2905 nni·

87 2932 167 2987 genito,
184 2946 241 2988 quom
253 2931 357 2989 produxit,
380 2931 423 2973 lilio
435 2941 523 2988 tempora
534 2931 655 2974 anteriorem
666 2946 711 2974 esse
722 2933 784 2984 dieat,
808 2933 871 2974 lilium

85 3047 183 3087 positionem·
195 3042 240 3080 κατὰ
257 3048 350 3080 succreuisse
365 3055 385 3078 ea
401 3048 470 3086 repetitis
492 3047 568 3081 Petamus
578 3049 668 3087 suspicatus
677 3049 700 3078 est
710 3044 741 3080 καὶ
751 3043 798 3091 παρὰ
808 3040 871 3086 πάσας.

87 3093 144 3125 vesola
155 3092 184 3127 Ξῑι
194 3095 209 3125 el
218 3093 281 3133 syllaba
289 3093 314 3128 τῖα
323 3094 396 3126 vocabuli
405 3090 469 3132 πάσας.
515 3094 531 3127 ἔκ
544 3088 596 3128 αὐτοῦ
608 3094 643 3127 cod.
656 3093 722 3134 llledlo.
