1988 3392
83 1195 118 1225 pag.
126 1188 157 1218 5¹5.

70 1225 116 1269 Κεφ.
124 1223 157 1268 κζ.

168 223 208 266 122
455 230 664 267 ειασαιοειεεειαιι

167 309 285 368 Αὔγουστος
301 312 411 363 ἐπίσκοπος
427 309 549 366 Εὐφράτης,
572 307 667 366 [Μάγνος
683 308 791 358 ἐπίσκοπος
808 310 899 363 Θεμισοῖν
915 314 950 366 τῆς

168 381 279 436 Φρυγίας,]
302 378 433 433 Πολυδεύκης
445 380 553 428 ἐπίσκοπος
568 378 662 433 ἐπαρχίας
675 378 768 434 δευτέρας
781 375 872 432 Λιβύης,
893 381 950 436 Παγ-

165 446 248 504 κρότιος
265 449 375 498 ἐπίσκοπος
392 447 519 500 Πηλουσίου,
545 448 653 496 Φιλίκαδυς
672 447 782 496 ἐπίσκοπος
799 442 950 501 Αύγουστόδων

168 519 259 573 Φρυγίας
275 517 379 573 ἐπαρχίας,
401 516 508 571 Σεραπίων
528 515 637 565 ἐπίσκοπος
655 512 789 571 Ἀντιπύργου
807 517 843 569 τῆς
861 513 950 570 Λιβύης,

167 582 268 641 Εὐσέβιος
279 586 387 633 ἐπίσκοπος
396 585 499 637 Σεβαστῆς
507 587 543 638 τῆς
553 584 697 638 Παλαιστίνης,
711 580 832 641 Ἡλιόδωρος
842 583 952 636 ἐπίσκοπος

166 653 276 709 Σωζούσης
287 658 322 709 τῆς
336 650 490 704 Πενταπόλεως,
508 655 631 706 Πτολεμαῖος
644 652 752 702 ἐπίσκοπος
764 653 860 706 Θμούεως
870 651 951 710 Λόγου-

167 726 270 777 στυνίκης,
290 719 386 777 Αύγαρος
400 722 510 770 ἐπίσκοπος
522 719 595 775 Κύρου
605 718 736 776 Εύφρασίας,
754 718 863 778 Ἐξερέσιος
872 722 952 765 ἐπίσκο-

167 808 206 841 πος
225 794 330 847 Γερασῶυ,
349 789 449 846 Ἀραβίων
471 790 581 840 ἐπίσκοπος
600 786 702 846 Ἀδρύων,
726 791 823 855 Παρίσιος
842 791 952 842 ἐπίσκοπος

165 858 261 912 Ἀζοίτυυ,
283 856 408 910 7Ἐλισσαῖος
419 859 529 909 ἐπίσκοπος
539 857 765 914 Διοκλητιανουπόλεως.
795 856 899 917 Γερμανδς
909 859 952 904 ἐπί·

166 944 241 979 σκοπος
253 928 348 985 Πέτρων,
366 926 481 986 8Βαρόχιος
492 929 599 980 ἐπίσκοπος
608 925 713 987 Ἀραβίας,
728 925 781 984 δμοῦ
796 930 901 973 ἐπίσκοποι
912 929 951 986 μγ’.

182 1010 350 1049 ΠΕΠΔΗΡΩΤΔΙ
361 1010 415 1048 EQ}
427 1010 477 1047 ΩΔΕ
488 1011 508 1047 H
520 1010 573 1047 ΤΩΝ
584 1010 787 1049 ΠΡΟΕῙΡΙΠύΕΝΩΝ
798 1009 941 1049 ΗδΠΔΡΕΙΩΝ

406 1069 449 1106 ΚΑΙ
460 1068 588 1105 ΑΡΕΙΑΝΩΝ
598 1068 717 1105 ΕΚΘΕΣΙΣ.

226 1174 253 1216 oi
261 1178 359 1229 νουνεχεῖς
369 1171 443 1228 ταύτην
453 1173 487 1216 καί
494 1170 530 1223 τός
540 1170 599 1223 όίλλας
609 1172 721 1224 διελθόντες
731 1177 793 1230 γνῶτε
802 1177 847 1224 πῶς
857 1167 953 1232 ρ’μδιαυρ-

165 1240 203 1299 γόν
214 1243 255 1286 ἐστι
265 1240 288 1285 τό
301 1244 416 1299 ἐπιχείρημα
426 1242 516 1298 θατέρου
527 1241 595 1285 αὐτῶν
606 1246 643 1285 τοῦ
652 1241 787 1297 συστήματος,
803 1243 837 1285 καί
849 1242 910 1287 οέδὲν
920 1240 953 1300 όρ-

166 1310 217 1364 θόν,
239 1309 287 1354 ούδέ
301 1309 366 1368 βραχύ
381 1311 462 1366 μετέχον
477 1315 514 1366 τῆς
529 1309 580 1354 κατόι
594 1309 645 1354 θεόν
659 1308 771 1368 ὁμολογίας.
803 1309 879 1355 Φόσκει
891 1309 929 1368 γδρ
941 1308 963 1355 δ.

164 1381 235 1437 κύριος
245 1381 319 1437 λέγων,
334 1378 362 1423 Ὃ
373 1381 402 1431 εἰς
413 1378 436 1423 τό
448 1373 484 1430 οὖς
495 1378 607 1435 ήκοόσατε,
629 1380 662 1423 ἐπὶ
677 1384 719 1423 ταῖν
735 1379 833 1436 δωμάτων
849 1380 953 1437 κηρύξατε,

164 1450 211 1502 καί,
226 1447 318 1500 καθοδςό
329 1448 385 1507 όίγιος
397 1447 509 1500 οίπόστολός
522 1463 583 1504 φησι,
603 1446 709 1503 Ἀλήθειαν
718 1452 798 1493 λαλείτω
810 1450 893 1500 ἕκαστος
904 1448 954 1505 μετέ

164 1522 202 1562 τοῦ
214 1521 299 1573 πλησίον
309 1516 379 1561 αύτοῦ.
408 1517 431 1561 ‘0
442 1518 464 1562 δέ
474 1518 583 1575 προφήτης
593 1515 630 1572 τήν
639 1516 717 1562 τούτων
727 1517 837 1563 κακόνοιαν
848 1519 952 1575 διελέγχων

167 1589 259 1640 ἐκφαίνει
273 1587 345 1644 λέγων,
366 1584 427 1629 Μετοί
444 1590 481 1630 τοῦ
495 1589 579 1642 πλησίον
595 1585 659 1630 αὐτοῦ
672 1592 728 1631 λαλεῖ
740 1584 840 1643 εἰρηνικαὶ,
863 1587 954 1648 ἐνδὲτή

165 1658 240 1714 καρδία
250 1652 312 1699 αύτοῦ
325 1657 364 1711 έχει
373 1654 410 1711 τήν
421 1656 507 1713 ἔχθραν,
522 1652 556 1698 εἶτ’
567 1650 604 1698 οὖν
614 1658 693 1699 κακίαν.
726 1655 785 1700 Ούτω
796 1656 832 1700 καὶ
842 1650 898 1700 οὗτοι
908 1658 955 1713 περὶ

166 1722 270 1767 Ἀκόκιον·
287 1726 309 1768 ἐκ
319 1729 359 1768 τῶν
368 1726 414 1781 περὶ
427 1729 435 1754 ¹
444 1727 547 1767 Βασίλειον
557 1724 710 1783 δὲδτηρημένοι,
721 1725 838 1781 βουλόμενοι
849 1729 908 1769 λῦσαι
918 1723 954 1769 τόν

166 1792 278 1851 σύνδεσμον
287 1797 323 1848 της
334 1791 443 1847 λέληθοῦς
454 1790 560 1849 ὁμολογίας
564 1826 570 1845 ,
585 1791 649 1836 νόθον
660 1791 704 1836 τινοί
714 1794 749 1837 καί
761 1791 860 1837 εύοίλωτον
870 1794 892 1837 ἐκ
903 1810 954 1837 παν-

166 1861 254 1916 ταχόθεν
268 1858 372 1916 όπολυτήν
387 1862 457 1904 ἔθεντο
472 1862 564 1913 ἔκθεσιν,
583 1861 611 1910 είς
621 1860 643 1905 τό
656 1860 759 1905 δύνασθαι
773 1860 847 1913 αύτούς
856 1860 897 1905 όπό
908 1861 954 1905 τού-

164 1947 204 1974 των
216 1934 256 1973 των
265 1931 384 1986 εἰρημένων,
401 1930 419 1973 εί
428 1930 464 1984 μὲν
474 1930 553 1973 θέλοιέν
564 1947 620 1980 τινας
632 1927 721 1983 όπατᾶν,
737 1929 838 1974 δύνασθαι
850 1929 955 1989 όμολογεῖν

165 1997 188 2041 τό
200 2001 288 2042 δίκαιον·
304 1999 353 2041 εἰδὲ
368 1997 490 2052 ὃθελήσαιεν
501 2001 537 2052 τῆς
548 1998 624 2041 ἐαυτοίν
635 2000 755 2050 κακοδοξίας
764 1997 852 2053 ἐκφύναι
861 1998 883 2043 τό
895 2002 954 2056 δηλη-

165 2066 246 2124 τήριον,
267 2068 322 2111 ἐσται
335 2065 403 2117 αὐτοῖς
417 2066 469 2121 αὕτη
484 2065 590 2121 ήέκθεσις
605 2068 790 2124 ἐπαμφοτερίζουσιν
806 2066 842 2118 τός
853 2066 906 2125 πρός
916 2067 953 2112 δύο

165 2136 250 2191 σχέσεις,
271 2138 307 2179 καὶ
317 2137 418 2190 δυναμένη
430 2140 496 2179 ποιεῖν
508 2133 593 2189 έκιίστης
603 2135 671 2178 αὐτῶν
681 2135 782 2191 ποιήσεως
793 2135 831 2191 τήν
841 2134 954 2194 ὁμολογίαν.

164 2202 212 2246 Ἀλλ’
228 2204 335 2260 ἐπειδήπερ
351 2206 373 2247 ἐν
385 2209 411 2263 τῇ
420 2201 472 2246 κατὰ
483 2202 518 2245 τόν
528 2201 623 2246 Ἀκύνιον
632 2203 696 2264 ταύτη
705 2209 730 2263 τῇ
741 2202 781 2248 ύπδ
793 2209 833 2247 τῶν
843 2202 908 2248 δίλλων
917 2203 954 2248 δύο

165 2272 258 2316 συνόδων
272 2274 395 2330 διαιρεθείση
413 2270 503 2329 συνόδῳ,
518 2297 546 2304 -
561 2272 639 2324 ἐφημεν
652 2270 691 2328 γαρ
707 2277 751 2321 πῶς
767 2273 795 2322 είς
808 2274 853 2327 τρία
864 2270 954 2329 νύγματα

166 2338 180 2394 ή
195 2346 231 2394 τῆς
241 2338 348 2397 Ἀρειανῶν
364 2340 451 2396 διηρέθη
466 2338 532 2391 τόξις,
553 2336 581 2389 τίς
591 2336 603 2382 ό
614 2339 650 2394 μέν
664 2337 775 2393 Εύδόξιος,
795 2341 830 2383 καὶ
843 2339 954 2399 Γερμανός,

166 2408 268 2465 Γεαίργιός
283 2425 304 2450 τε
320 2405 495 2464 όἈλεξανδρεύς,
516 2405 609 2458 Εόζσέϊός
624 2423 645 2451 τε
658 2406 789 2463 Ἀντιοχείας,
811 2409 839 2458 εἰς
851 2411 875 2451 ἐν
889 2408 955 2464 τάγμα

166 2476 327 2532 ἀπεσχίσθησαν,
349 2475 451 2526 Βασίλειός
466 2492 488 2518 τε
501 2476 536 2518 καὶ
546 2473 656 2527 Ἐλεύσιος,
677 2475 797 2527 Εὐστόθιος
808 2477 842 2520 καὶ
855 2475 956 2534 Γεύργιος

166 2543 179 2588 ό
190 2547 323 2597 Λαοδικείας,
338 2543 450 2594 Σιλουανός
458 2561 478 2586 τε
491 2542 504 2587 ό
517 2548 607 2598 Ταρσοῦ,
623 2543 777 2595 Μακεδόνιοςό
790 2550 954 2590 Κωνσταντινου-

166 2615 259 2667 πολίτης,
280 2614 314 2655 καί
329 2611 384 2655 δίλλυι
394 2616 475 2662 πλείους
490 2609 584 2661 ιόςαύτως
595 2613 623 2661 εἰς
631 2615 655 2655 ἐν
666 2611 731 2668 τύγμα
743 2615 878 2673 διῃρέθησαν,
897 2613 956 2658 'Ana‘-

166 2698 211 2731 κιος
220 2681 243 2724 δὲ
253 2678 324 2732 πόλιν,
340 2678 368 2730 αἱς
379 2686 487 2737 προεῖπον,
502 2680 537 2722 καὶ
548 2679 676 2733 4Μελέτιος,
698 2682 731 2724 καὶ
743 2680 854 2737 Εύτύχιος,
876 2684 911 2726 καί
922 2681 956 2726 έίλ-

188 2818 205 2853 7.
216 2817 291 2856 ἐλισοιῖος
302 2817 337 2851 σού.
349 2819 415 2859 Ιίλιιδὶγ.
593 2815 610 2849 2.
627 2815 704 2861 ἀληθοῦς
716 2815 797 2864 (ἄληθςί,
814 2828 851 2852 cum
864 2829 923 2854 τασατα
938 2823 956 2854 λιι

188 2864 204 2896 ὃ.
218 2875 256 2907 ,,γρ.
269 2862 363 2907 Βαρλχιοςέ*
375 2865 455 2897 petavius.
476 2865 548 2897 Fortasse
571 2863 602 2903 μοι
612 2865 696 2905 vocabuli,
708 2864 848 2909 τοδ.1τιι.)σοδιλ.
860 2875 898 2899 mss.
910 2861 955 2910 ἄλη-

166 2919 186 2942 ετ
196 2911 231 2942 ενδ.
243 2911 324 2941 Parisino.
571 2907 620 2951 Βινῆς
631 2910 675 2941 edite.

190 2953 228 2986 Cn.
242 2954 317 2986 xxvn.
329 2972 352 2978 -
377 2952 390 2985 1.
408 2952 498 2988 Βασίλειον
513 2963 548 2986 σοι·
595 2952 611 2987 3.
628 2951 825 2997 θελήσαιενειτίρλαναπι
837 2958 895 2997 recepit
907 2958 955 2991 Ριλα-

165 3001 207 3034 τιτλε
218 3002 297 3034 Petamus.
320 3001 365 3034 Libri
380 3000 436 3033 habent
451 2998 547 3043 Βασιλέως,
571 3000 607 3033 vius
615 3009 635 3033 ια
644 3010 695 3043 mum.
706 3003 737 3035 τιτι
745 3002 842 3043 exemplaris
850 3003 887 3036 edit.
894 3005 954 3046 μνίου,

166 3056 217 3080 errore
228 3047 273 3080 λανδ
284 3048 367 3088 εἰηραλατὶ,
