1988 3392
357 244 574 278 nuacarnanasosls.
813 232 853 273 571

75 338 114 372 tum
127 326 217 369 sublatus
230 341 273 368 oum
284 325 328 366 nliis
341 324 455 380 quibusdam
468 326 518 381 patri
531 326 590 367 filium]
604 336 696 365 asserere
708 320 809 365 Christum
822 334 857 361 au-

75 411 108 441 sus
121 401 163 445 est,
180 395 304 449 eandemque
318 401 393 449 patrem
408 408 431 434 ao
443 394 501 435 lilium
514 402 534 435 et
545 394 635 449 spiritum
650 399 739 433 sanetum
752 405 797 433 esse
811 403 857 446 pro·

74 464 137 517 fiteri,
154 477 176 504 se
191 477 240 504 vero
256 461 355 519 Moysen,
373 464 452 504 l'ratrem
468 477 525 504 suum
541 463 642 504 Aaronem
659 461 733 502 dicere.

131 530 217 573 Valesii.
254 530 293 583 Hi,
318 538 411 586 quaritum
431 533 532 587 suspicor,
555 530 637 572 Barathi
655 530 756 579 habitant,
778 528 809 583 qni
826 533 858 567 est

75 602 161 646 Arabiae
172 588 343 655 Philadelphensis
359 600 464 656 primarius
475 600 540 641 rinus.
572 599 633 641 lidem
646 599 765 640 aecedentes
777 597 801 637 ad
811 609 857 638 sose

75 677 163 713 eastrare
179 669 256 719 solent,
281 684 304 709 ae
320 670 408 725 plerique
424 669 477 710 inter
492 668 537 710 illos
552 669 636 710 ennuehi
653 675 710 720 sunt,
734 673 754 707 et
770 664 856 706 exsecti.

76 739 154 782 Habent
167 745 187 778 et
197 737 234 778 alia
246 739 341 792 quaedam
354 739 428 779 erroris
439 738 552 792 plenissima
564 730 674 792 dogmata,
684 744 744 790 atque
754 734 808 776 inter
819 732 858 774 alia

75 810 137 862 legem
150 820 173 847 ae
184 806 290 862 prophetas
303 806 403 847 reiieiunt.
433 804 539 847 Postremo
556 805 650 861 quasdam
667 805 690 846 ad
704 804 737 845 illa
752 803 858 844 foeditates

75 876 177 922 adiiciunt.

132 941 223 985 Catl'rari.
240 938 241 941 ¹
254 942 355 985 Nouatum
370 942 482 984 Romanum
499 943 562 984 seeuti
576 949 630 984 sunt.
662 941 689 983 Hi
701 942 791 996 digamos
803 940 858 996 peni·

77 1022 108 1054 tus
123 1012 257 1068 proscribunt.
288 1010 435 1053 Paenitentiam
452 1011 563 1067 repudiant.

132 1079 233 1134 Angeliei.
264 1079 290 1120 Hi
304 1094 401 1135 nusquam
417 1080 474 1121 hodie
491 1078 626 1134 reperiuntur.
657 1077 750 1133 Angelioi
764 1091 814 1118 vero
826 1091 859 1117 or·

76 1148 127 1189 dinis
143 1161 165 1188 se
181 1161 226 1189 esse
242 1148 397 1203 profitebantur,
414 1148 473 1201 idque
489 1146 569 1187 nomine
584 1146 628 1202 ipso
643 1146 790 1201 praeferebant.

133 1215 257 1269 Apostoliei,
280 1216 312 1269 qui
327 1222 346 1256 et
359 1214 483 1270 Apotaetiei,
504 1215 547 1256 sive
562 1214 731 1264 Renuntiatum,
752 1213 772 1254 in
784 1210 860 1253 Pisidia

76 1282 212 1325 inveniuntur.
244 1282 335 1332 Hisolos
352 1284 396 1324 illos
412 1283 517 1323 admittunt
529 1281 561 1337 qni
574 1296 595 1331 se
608 1282 665 1322 honis
678 1281 769 1322 omnihus
780 1280 859 1321 ahdiea·

77 1351 149 1393 verint.
181 1348 277 1392 Ceterum
290 1350 438 1392 Enerotitarum
453 1350 528 1391 similes
542 1357 600 1401 siml,
623 1350 660 1390 etsi
673 1349 751 1390 diversa
762 1349 859 1405 quaedam

77 1418 155 1460 abillis
172 1425 269 1460 statuunt.

133 1485 243 1530 Sabelliani
255 1502 298 1529 enm
308 1485 416 1529 Notitianis
427 1487 446 1528 in
460 1486 551 1528 omnihus
563 1487 704 1543 propemodum
722 1486 857 1539 consentiunt,

77 1556 115 1596 nisi
132 1557 183 1611 quod
199 1564 275 1611 patrem
291 1557 354 1612 ipsum
371 1563 444 1610 negant
459 1569 504 1597 esse
519 1569 607 1611 passum.

133 1621 252 1679 Origeniani
271 1639 283 1665 a
300 1624 385 1681 quiedam
397 1622 487 1680 Origene
498 1624 591 1666 derivati.
623 1623 743 1680 Turpissimi
757 1623 790 1665 isti
804 1631 858 1676 sunt,

77 1709 99 1737 aa
115 1694 212 1736 nefariam
229 1702 250 1736 et
266 1702 413 1751 praeposteram
430 1694 530 1736 libidinem
548 1702 657 1746 exercent,
679 1708 755 1750 suaque
776 1708 860 1751 corpora

78 1772 212 1820 corrumpunt.

134 1830 253 1889 Origeniani
270 1833 302 1875 alii
319 1833 343 1875 ah
358 1831 447 1889 Origene
461 1810 580 1875 Adamantio
595 1833 700 1889 scriptore.
732 1832 758 1874 Hi
772 1841 860 1875 mortuo-

78 1915 119 1943 rum
131 1902 299 1944 resurrectionem
309 1910 394 1957 negant,
411 1911 449 1944 tam
464 1900 579 1955 Christum,
597 1918 654 1958 quam
666 1903 755 1958 spiritum
770 1910 860 1944 sanetum

79 1959 151 2012 creatis
163 1971 183 2012 in
194 1971 254 2013 rebus
270 1978 386 2020 numerant,
408 1970 525 2012 Paradisum
541 1985 564 2012 ae
576 1972 656 2022 coelos,
678 1979 784 2027 ceteraque
795 1970 861 2012 omnia

78 2039 101 2079 ad
116 2035 222 2095 allegorias
237 2041 339 2090 referunt,
364 2036 439 2081 Christi
456 2054 537 2096 regnum
557 2035 703 2082 terminandum
719 2054 764 2082 esse
780 2040 859 2080 doeeut.

136 2176 312 2232 {taen-nusprimi
328 2176 373 2219 lihri
389 2176 416 2219 ll.
434 2178 529 2220 haereses
544 2175 625 2220 XVlll.

134 2313 157 2356 ln
169 2316 280 2371 posteriore
295 2328 344 2357 vero
358 2322 410 2357 tomo
424 2315 468 2357 lihri
480 2313 517 2367 ll.,
537 2316 570 2371 qui
584 2323 681 2358 tomorum
696 2316 766 2359 ordine
778 2316 805 2359 V.
821 2325 860 2370 est,

79 2380 173 2425 haereses
190 2382 208 2425 V
224 2385 418 2440 comprehenduntur
433 2383 469 2424 hoo
485 2384 562 2424 ordine.

135 2449 191 2493 Pauli
204 2450 343 2502 Samosateni,
360 2452 392 2507 qui
405 2451 524 2493 Antioohiae
537 2466 620 2507 magnae
632 2453 735 2509 episeopus
746 2454 791 2494 fuit.
822 2453 861 2496 llio

79 2521 219 2575 propemodum
237 2534 276 2561 non
292 2520 380 2562 existere
396 2518 497 2562 Christum
514 2521 607 2572 affirmat,
630 2529 688 2576 atque
705 2521 802 2563 eiusmodi
815 2537 861 2564 ver-

79 2585 124 2628 hum
142 2589 254 2643 esse'fingit
267 2589 318 2643 quod
334 2589 355 2629 in
368 2590 478 2644 prolatione
496 2588 597 2640 camisum
619 2590 702 2630 enodem
716 2605 776 2646 porro
791 2605 836 2633 esse
849 2607 861 2632 a

78 2651 143 2697 Maria
160 2657 262 2712 coepisse,
284 2671 307 2697 ao
325 2671 375 2711 quae
392 2658 455 2699 saeris
473 2658 493 2698 in
509 2657 572 2698 literis
589 2657 613 2697 de
631 2672 656 2699 eo
672 2660 800 2714 pronuntiata
815 2667 861 2701 snut

101 2768 128 2802 58.
148 2766 258 2805 &aaronitae
275 2771 320 2802 codd.
336 2780 373 2803 nass.
390 2775 405 2803 et
399 2772 456 2804 ledit.
503 2770 530 2804 od.
543 2769 618 2812 anpo'
606 2768 683 2815 αιοήτως
698 2778 775 2815 eomzple
799 2776 861 2807 lnPa-

77 2815 128 2852 princ
155 2817 174 2848 ln
190 2817 277 2849 summario
299 2817 397 2849 Panaetii
383 2820 397 2847 el
413 2818 458 2857 apud
480 2816 677 2859 norioestNonetmmir.
701 2821 861 2859 AliterapudIean-

78 2858 152 2892 loannem
162 2863 237 2894 Damaso.
252 2858 457 2918 reperereeptfazvotnaz’
480 2872 515 2895 nem
527 2864 601 2895 Damaso

79 2900 158 2944 ἓαυταὺς
164 2903 323 2961 παραπλησιάζουσι
337 2904 356 2939 δὲ
369 2909 405 2960 τρῖς
414 2903 458 2950 Ἐγ·
503 2906 531 2941 fin.
547 2908 620 2940 Rescribe
634 2906 760 2952 Ἀδαμαντίου,
777 2913 828 2943 alost
844 2913 861 2943 in

79 2958 121 2989 apae
115 2949 174 2988 tants,
192 2947 235 2985 ἄλλα
250 2950 270 2986 δε
280 2963 314 2994 rae
335 2946 398 2989 αὐτοὺς
414 2963 457 2995 ppo-
480 2954 673 2986 summarioPanarae
659 2959 673 2986 et
684 2956 728 2995 apud
740 2935 814 2987 lohauem
827 2957 861 2987 Da-

79 2992 138 3028 rotatu.
162 2998 216 3029 Elium
230 2999 315 3030 voraremus
325 2998 371 3028 uertat
385 2997 458 3040 Propin-
480 3008 528 3032 mose.
551 2999 590 3029 Item
600 2997 703 3033 Συντάκτου

80 3038 330 3079 qniainemsontEncratitis.
354 3042 458 3075 Verumalia
503 3043 530 3077 iil.
543 3040 861 3092 adreddeure'pou&dunhamstede-

79 3082 129 3118 etiam
140 3094 208 3130 praeter
219 3088 249 3121 hos
260 3088 334 3121 sentinat
346 3099 366 3120 ac
377 3086 446 3123 docent
481 3090 513 3131 dia.
