1988 3392
156 218 198 259 442
442 225 654 260 εεαατῐεειειειαιι

155 304 177 349 τύ
189 309 230 347 πᾶν
244 306 296 348 ἔστιν
307 305 377 360 ἀσεβές
389 306 422 347 καί
434 305 541 359 ἀθέμιτον,
563 304 696 360 ἠλλοιωμένον
709 302 748 348 οίιτδ
759 310 796 348 τοῦ
808 305 935 363 κηρύγματος

155 379 192 417 τοῦ
201 370 259 430 ἀγίου
267 374 387 429 πνεύματος
403 373 450 424 ύςτε
459 371 511 417 εἶναι
519 373 542 417 τύ
552 379 593 417 πᾶν
602 373 716 429 διαβολικύν
723 374 822 431 ἐνέργημα
831 376 865 417 καί
875 375 935 420 πνεύ-

155 460 216 497 ματος
230 442 349 499 ἀκαθάρτου
365 437 487 485 διδασκαλία.
518 447 636 500 Πληρούται
651 441 688 500 γύρ
705 439 739 486 καὶι
757 443 790 486 ἐπὶ
806 443 890 494 τούτους
904 444 934 499 τύ,

154 509 310 567 Ἀποστησονταί
324 527 375 561 τινες
390 516 426 567 τῆς
436 510 506 569 ύγιοῦς
517 514 655 564 διδασκαλίας,
675 512 802 568 τιροςέχοντες
813 513 888 568 μύθοις
900 516 934 558 καὶ

156 584 291 631 διδασκαλίαις
302 583 415 634 δαιμονίων.
439 579 535 623 Ἔσονται
545 579 592 637 γύρ,
608 581 669 634 φησί,
684 586 762 636 νεκροῖς
772 580 898 638 λατρεύοντες
908 581 935 633 αἱς

156 651 190 693 καὶ
205 651 226 692 ἐν
240 654 268 707 τῷ
279 647 359 705 Ἰσραὴλ
373 648 517 703 ἐσεβάσθησαν.
547 650 589 691 Καὶ
603 646 617 702 ἡ
631 653 671 690 τῶν
685 646 747 705 ἁγίων
760 647 812 692 κατά
824 647 895 706 καιρδν
907 652 935 702 είς

155 718 205 761 θεύν
216 716 265 769 δόξα
275 716 340 767 ἀλλοις
350 717 418 773 γέγονε
428 723 471 766 τοῖς
483 716 510 771 μη
524 715 586 773 δρῶσι
596 715 632 770 την
642 715 739 771 ἀληθειαν
751 718 778 767 εἰς
788 716 870 772 πλάνην.

64 867 108 911 Κεφ,
122 866 154 904 κη,
212 852 245 895 Ἐν
256 853 293 910 γάρ
304 856 408 907 Σικίμοις,
424 853 524 895 τουτέστιν
534 854 555 896 ἐν
565 858 588 912 τῇ
599 854 645 895 νυνί
655 851 760 903 Νεαπόλει,
776 857 850 904 θυσίας
863 855 885 896 οἱ
893 855 935 897 ἔπι-

60 2310 94 2342 pag.
105 2303 144 2332 1⁰5⁵.

62 2928 108 2974 Κεφ.
114 2926 146 2964 κε’.

155 921 223 977 χύριοι
235 926 324 964 τελοῦσιν
333 923 361 970 εἰς
373 920 438 975 ὄνομα
449 925 484 973 τῆς
495 921 568 976 κόρης,
584 923 648 974 δῆθεν
660 922 681 963 ἐκ
694 920 815 974 προφάσεως
825 927 860 976 τῆς
871 928 935 978 θυγα-

155 988 201 1045 τρδς
210 987 297 1042 Ἰεφθάε,
312 994 348 1043 τῆς
358 1006 407 1031 ποτε
417 991 595 1045 1ιιρυςενεγθείσης
604 993 633 1047 τῷ
642 993 687 1047 θεῷ
697 992 726 1039 εἰς
737 993 835 1041 2θυσίαν,
850 990 935 1041 καὶτοῖς

155 1058 290 1112 ι’μιατημένοις
300 1062 358 1100 τοῦτο
370 1058 449 1114 γέγονεν
459 1058 486 1107 εἷς
496 1055 573 1111 βλάβην
584 1058 742 1114 εἷδωλολατρείας
750 1059 785 1100 καὶ
794 1060 935 1114 κενολατρείας.

155 1125 211 1169 Ἀλλοί
226 1127 260 1168 καί
273 1125 310 1180 την
325 1127 428 1182 θυγατέρα
437 1129 474 1168 τοῦ
487 1124 562 1179 Φαρααί
578 1124 688 1179 τιμήσασαν
704 1124 739 1168 τύν
751 1128 823 1169 δοῦλον
836 1130 873 1169 τοῦ
884 1131 935 1170 θεοῦ

156 1195 254 1248 Μαύσέα,
269 1193 389 1249 ἀνελομένην
399 1211 419 1236 τε
429 1194 463 1236 καί
475 1192 629 1250 ἀναθρέψασαν,
645 1193 679 1237 διαί
689 1193 711 1238 τδ
721 1197 835 1251 περίφημου
845 1192 889 1238 τύτε
899 1200 936 1242 τοῦ

154 1266 237 1308 παιδίου
253 1260 303 1321 ύπέρ
317 1261 339 1306 τύ
357 1264 402 1306 δέον
417 1261 533 1318 τιμήσαντες
545 1261 653 1320 Αἰγύπτιοι
669 1261 714 1308 ἀντὶ
725 1268 776 1307 θεοῦ
790 1265 823 1308 καί
835 1267 894 1308 τούτο
907 1266 936 1316 εἷς

155 1332 219 1389 κακὴν
238 1334 349 1391 παράδοσιν
367 1339 409 1384 τοῖς
427 1332 520 1389 ἀνοήτοις
538 1334 658 1391 παρέδωκαν
680 1335 725 1385 3είς
743 1337 859 1392 θρησκείαν.
894 1335 936 1378 Καὶ

155 1409 289 1461 προςκυνοῦσι
299 1403 336 1460 την
348 1404 459 1459 Θέρμουτιν
469 1401 505 1457 τὴν
515 1402 617 1460 θυγατέρα
626 1408 663 1447 τοῦ
672 1402 764 1458 Ἀμενωφ
775 1405 812 1454 ἕως
821 1402 866 1447 τύτε
877 1407 936 1447 4Φα-

156 1468 208 1530 ραοί,
222 1472 301 1528 ἐπειδὴ,
321 1470 349 1523 τίς
360 1478 469 1529 προεῖπον,
489 1470 591 1529 ἀνέθρεψε
601 1471 637 1515 τύν
647 1473 745 1516 Μωϋσέα.
775 1470 936 1516 Καὶιιολλύτοι-

155 1547 206 1584 αὕτα
222 1540 282 1596 ύμοια
297 1543 375 1599 γέγονεν
391 1542 413 1584 έν
427 1540 496 1599 κόσμῳ
511 1543 539 1591 εἰς
553 1539 629 1595 πλάνην
642 1546 682 1584 τῶν
693 1540 834 1596 ἠπατημένων,
856 1539 882 1584 ού
897 1545 935 1585 τῶν

155 1610 218 1668 ἁγίαν
229 1612 297 1653 αι’τίων
308 1609 372 1653 ύντων
380 1611 431 1652 τισίν
441 1611 469 1659 εἶς
480 1608 610 1664 πρόςκομμα,
626 1614 661 1664 τῆς
672 1612 762 1659 διανοίας
772 1614 812 1653 τῶν
822 1608 936 1665 ἀνθρώπων

156 1678 183 1734 μή
195 1677 318 1733 ἠρεμούσης,
338 1676 377 1720 ἀλλ’
391 1678 459 1721 ἕπὶτιί
474 1676 553 1734 πονηροί
566 1679 716 1733 ἐκτρεπομένης.
739 1676 799 1721 Ἤτοι
810 1677 847 1735 γάρ
858 1676 936 1723 ἀπέθα-

154 1745 212 1801 νενη
226 1746 272 1804 ἀγία
283 1748 396 1804 παρθένος,
411 1748 446 1789 καὶ
456 1747 566 1799 τέθαπται,
583 1747 621 1789 ὁέν
633 1752 680 1806 τιμῇ
690 1745 752 1801 αύτῆς
764 1744 778 1800 ἦ
788 1750 886 1802 κοίμησις,
900 1748 936 1790 καὶ

154 1818 176 1860 ἐν
189 1813 258 1876 ἀγνείρι
274 1813 388 1871 ἡτελευτή,
408 1817 443 1858 καί
456 1816 478 1857 ἐν
493 1818 594 1875 παρθενίᾳ
613 1813 741 1869 ύστέφανος.
764 1813 822 1859 Ἤτοι
837 1813 936 1875 ἀνηρέθη,

154 1883 225 1935 καθοίς
235 1886 348 1942 γέγραπται,
361 1885 400 1926 Καὶ
408 1883 444 1939 την
454 1882 523 1938 ψυχην
531 1882 594 1938 αύτῆς
602 1884 720 1928 διελεύσεται
729 1886 828 1940 ῥομφαία·
842 1885 876 1927 θέν
886 1885 936 1942 μοίρ-

155 1969 210 1997 τυσιν
226 1952 287 2007 αὐτῆς
300 1952 322 1995 τύ
335 1953 401 2004 κλέος,
422 1954 456 1995 καί
468 1953 489 1994 έν
501 1958 633 2008 μακαρισμοῖς
644 1951 666 1995 τύ
680 1952 737 2009 ἅγιον
746 1952 809 2007 αὐτῆς
823 1957 890 2006 σῶμα,
911 1952 937 1996 δι’

153 2017 179 2077 ἧς
190 2026 235 2076 φῶς
250 2020 334 2064 ἀνέτειλε
347 2026 376 2080 τῷ
390 2020 466 2080 κόσμῳ.
489 2020 549 2063 Ἤτοι
560 2021 582 2063 δὲ
593 2022 662 2075 έμεινε.
693 2021 733 2063 Καὶ
747 2019 784 2077 γάρ
797 2019 835 2064 οάιι
844 2020 939 2064 ἀδυνατεῖ

154 2094 182 2148 τῷ
193 2094 236 2148 θεῷ
251 2088 317 2132 πάντα
333 2095 398 2131 ποιεῖν
410 2089 487 2144 ὅσαπερ
502 2088 598 2143 βούλεται.
631 2088 659 2131 T&
675 2090 730 2138 τέλος
744 2088 782 2145 γάρ
795 2087 857 2144 αύτῆς
870 2087 937 2140 ούδεὶς

155 2160 210 2213 έγνα.
242 2158 299 2211 Πέρα
314 2161 350 2199 τοῦ
365 2158 446 2206 δέοντος
458 2156 482 2198 ού
493 2156 530 2213 χρὴ
543 2161 603 2210 τιμᾶν
617 2154 665 2205 τούς
677 2155 756 2213 ἀγίους,
771 2156 819 2199 ἀλλά
830 2161 889 2210 τιμᾶν
901 2156 937 2200 τύν

155 2225 223 2267 αὐτῶν
241 2224 345 2278 δεσπότην.
383 2223 503 2266 Πανσάσθω
522 2226 590 2266 τοίνυν
604 2221 619 2277 ἡ
633 2224 697 2278 πλάνη
717 2228 756 2266 τῶν
775 2226 936 2278 πεπλανημένων.

158 2290 318 2348 Ούτεγάρθεύς
332 2289 347 2344 ἦ
358 2295 440 2346 Μαρία,
464 2289 509 2333 ούτε
519 2289 555 2333 ἀπ’
565 2290 653 2347 ούρανοῦ
664 2293 735 2346 έχουσα
744 2290 766 2334 τύ
777 2296 844 2346 σῶμα,
864 2290 903 2334 ἀλλ’
914 2293 936 2335 έκ

155 2358 271 2415 συλλήψεως
281 2357 356 2416 ἀνδρύς
367 2360 400 2402 καὶ
411 2357 517 2417 γυναικός,
533 2358 575 2402 κατ’
585 2360 702 2416 ἐπαγγελίαν
714 2360 745 2413 δὲ,
765 2357 829 2418 ύςτιερ
842 2357 936 2414 ύἸσαιίκ,

155 2432 317 2483 οἰκονομηθεῖσα.
348 2430 389 2470 Καὶ
406 2429 475 2484 μηδεὶς
492 2430 520 2478 εἰς
536 2427 600 2483 ὄνομα
617 2427 691 2484 ταύτης
705 2430 843 2486 προςφερέτω,
864 2430 937 2473 έαντοῦ

155 2497 192 2555 γάρ
203 2496 239 2552 την
248 2496 315 2553 ψυχήν
327 2494 426 2550 7ἀιιύλλει,
443 2496 491 2553 μήτε
501 2496 559 2540 πάλιν
567 2499 710 2554 έμπαροινείτω
719 2499 824 2555 ἐξυβρίζων
832 2496 869 2554 τήν
879 2495 937 2556 ιίγίαν

155 2568 267 2624 παρθένον·
283 2567 310 2623 μή
322 2566 359 2626 γάρ
371 2568 459 2625 γένοιτο,
475 2566 500 2610 οά
511 2566 609 2623 συνήφθη
620 2570 679 2625 σαρκί
690 2567 738 2624 μετά
750 2567 787 2625 την
796 2567 874 2625 κύησιν,
890 2566 937 2613 ούδέ

155 2637 194 2697 πρδ
210 2642 246 2694 τῆς
260 2638 348 2693 κνήσεως
363 2642 399 2681 τού
414 2642 508 2695 σωτῆρος.

215 2913 656 2958 Κ’”δ“’λ”’“δ
738 2914 744 2927 ’
853 2914 869 2928 ”

235 2933 254 2957 αι
267 2933 329 2957 ταυτα
346 2933 381 2970 μεν
398 2933 423 2957 τα
440 2933 450 2957 ο
463 2932 496 2970 ιγα
507 2931 535 2964 εις
548 2932 632 2965 εαυτους
657 2928 812 2969 ιασκοιτησαντες
822 2917 938 2973 έγραψαμεν

180 3022 219 3053 Gn».
232 3021 299 3053 XXIV.
312 3040 333 3045 -
364 3021 377 3052 λ.
393 3019 538 3065 προςανεχὲείσης
561 3022 603 3054 edm.

156 3070 201 3101 codd,
212 3077 249 3099 mss.
259 3071 273 3099 τι
285 3069 321 3099 edit.
330 3069 381 3107 princ.
580 3066 597 3100 3.
609 3068 680 3100 Fortasse
691 3065 721 3101 καὶ
733 3065 757 3106 εἰς
769 3067 796 3110 Sp.

178 3115 194 3150 2.
208 3112 267 3147 θυσίαι
277 3114 323 3146 codd.
334 3122 372 3146 mss.
382 3116 450 3155 uterque.
474 3110 535 3152 θυσίας
580 3109 596 3145 4.
608 3112 638 3147 τοῦ
650 3110 716 3156 Φαραώ
727 3115 815 3155 suspicatus
824 3117 846 3147 ια
855 3114 936 3148 petavius.
