1988 3392
199 233 293 268 rsunun
304 233 348 267 ure.
356 234 386 268 nr.
398 233 454 268 rou.
462 236 483 269 u.
494 235 573 269 expos.
585 233 629 267 ure.
642 233 740 267 crunon.
820 224 862 266 513

77 314 158 359 ranuice
169 321 249 370 praeter
258 314 363 356 veritatem
373 313 612 357 insolenter-efferuntur.
629 312 733 355 Eiusmodi
745 311 864 355 Zacchaeus

35 421 39 427 .
76 385 109 428 ille
126 381 174 436 luit,
198 382 230 439 qni
248 396 311 439 nuper
326 384 346 424 in
364 390 458 425 montana
472 384 554 440 regione
571 385 595 427 ad
612 382 755 439 Hierosolyma
773 389 863 425 mortuus

77 460 119 505 est,
136 452 168 508 qui
181 465 225 494 cnm
238 451 317 494 nemine
328 466 414 508 unquam
426 452 518 509 precandi
531 454 670 495 communione
681 450 775 506 coniungi
786 466 808 494 se
818 465 864 508 pas-

77 535 111 565 sus
126 528 164 563 est.
196 518 239 562 lmc
252 533 301 562 vero
315 534 341 562 ex
354 521 423 562 eodem
435 519 525 563 instituto
537 522 604 565 divina
615 521 724 580 mysteria,
746 535 789 562 curn
800 520 863 563 laicus

77 597 144 643 esset,
165 589 265 646 attingere
279 603 302 632 ac
319 589 417 632 sacrificia
433 589 536 634 celebrare
553 591 630 634 nelarie
647 606 698 634 ausu
713 605 738 632 ae
755 590 864 632 temerario

77 666 108 704 est
121 673 238 716 aggressus.
268 656 366 703 Iuventus
382 667 414 702 est
429 666 449 702 ct
462 660 526 713 alius,
548 660 665 718 quicumque
676 662 710 704 ille
724 660 804 703 tandem
818 659 862 712 luit,

78 729 184 774 excellenti
195 730 279 787 quodam
290 729 343 774 vitae
357 744 444 787 genere,
467 730 500 787 qui
513 730 534 773 in
545 731 633 789 Aegypti
645 730 752 774 solitudine
763 729 784 772 in
794 743 865 771 mona-

78 800 140 844 sterio
151 799 244 857 degebat.
275 797 326 842 Item
339 799 390 843 alius
403 800 427 842 ad
440 798 510 843 Sinam
521 808 608 843 montem
620 800 719 843 habitans.
751 798 791 855 Qui
806 798 864 842 amho

78 869 146 913 nescio
165 869 236 926 quihus
252 868 335 911 somniis
351 883 376 911 eu
393 869 512 912 temeritatis
528 870 606 913 adducti
624 877 671 913 sunt
690 878 712 912 ut
729 877 822 927 suscepta
840 869 864 910 ad

78 938 165 997 episcopi
176 938 297 981 functionem
315 952 408 980 manuum
419 938 546 996 impositione
558 940 629 981 sedere
641 947 661 981 et
672 941 810 997 episcoporum
822 952 865 980 rnu-

78 1008 182 1052 nusohire
195 1023 234 1050 uou
248 1008 363 1050 dubitarint.
395 1007 449 1060 Alii,
471 1007 521 1050 ethi
535 1009 613 1063 quidem
630 1023 669 1050 non
682 1008 754 1064 pauci,
775 1015 865 1049 castrare

78 1077 196 1134 semetipsos
206 1084 276 1118 contra
287 1077 342 1130 leges
352 1076 436 1118 iuvenili
446 1077 529 1132 quadarn
540 1076 616 1118 ferocia
626 1077 669 1119 ausi
680 1084 734 1119 sunt.
765 1076 815 1128 Alii,
832 1076 865 1131 qui

79 1146 196 1190 audaciores
208 1146 312 1203 videntur,
329 1159 357 1188 cx
367 1145 507 1188 catholicorum
519 1145 620 1202 paulibus,
642 1146 720 1203 privata
731 1144 768 1187 sihi
780 1145 866 1187 factione

79 1216 163 1259 coullata
176 1222 256 1272 praeter
269 1214 367 1257 ecclesiae
383 1215 559 1268 consuetudinem,
582 1230 605 1257 ac
621 1215 672 1257 eitra
686 1215 787 1270 generalis
799 1213 866 1255 eonci-

78 1285 99 1327 lii
115 1285 229 1336 decretum,
253 1297 289 1326 eos
304 1284 337 1340 qui
353 1283 378 1326 ab
391 1282 473 1326 Arianis
488 1285 513 1326 ad
526 1298 573 1326 suas
590 1290 658 1341 partes
674 1291 779 1326 transeunt
793 1284 866 1325 iterum

78 1352 182 1410 baptizare
193 1352 241 1395 nihil
252 1360 360 1406 verentur,
377 1367 421 1395 cum
433 1353 519 1395 nundum
532 1367 556 1395 ea
566 1367 611 1406 res,
633 1361 655 1395 ut
667 1352 723 1405 disi,
745 1352 867 1394 universalis

79 1422 150 1480 synodi
161 1421 234 1464 indicio
249 1422 316 1465 decisa
329 1423 366 1475 sit,
389 1422 441 1477 quod
453 1422 517 1464 adhue
534 1423 601 1479 populi
618 1422 731 1479 promiscue
749 1422 773 1463 ad
786 1421 866 1463 hodier-

79 1506 125 1533 num
138 1505 201 1547 usque
216 1497 294 1547 ternpus
307 1490 430 1543 habeantur;
451 1490 504 1533 inter
521 1506 570 1547 quos
583 1491 639 1533 multi
650 1491 729 1547 quidem
740 1497 787 1533 suut
798 1490 867 1532 catho-

79 1560 124 1613 lici,
141 1560 177 1602 sed
188 1560 234 1602 licte
243 1574 267 1601 ac
277 1574 314 1616 per
324 1559 480 1602 simultationem
490 1561 617 1602 sacerdotum
629 1559 768 1602 anctoritatem
780 1573 867 1614 sequun-

80 1637 125 1682 tur,
148 1630 211 1671 donee
229 1629 343 1671 execranda
354 1628 388 1670 illa
400 1636 456 1671 secta
469 1628 494 1670 ah
508 1629 607 1671 ecelesiae
619 1629 723 1671 consortio
739 1635 866 1685 segregetur,

80 1705 102 1740 ut
115 1705 162 1740 tunc
174 1697 247 1754 aliquid
260 1698 283 1739 de
294 1697 327 1739 illa
344 1704 450 1740 statuatur.
482 1696 516 1752 Ex
531 1697 556 1739 iis
568 1698 601 1753 qui
613 1704 683 1754 suapte
695 1698 814 1740 auctoritate
830 1697 868 1738 ite-

80 1781 123 1809 rum
135 1766 172 1809 hoc
185 1767 244 1809 modo
257 1766 360 1823 baptizant
372 1766 430 1808 audio
444 1767 541 1822 quendam
551 1766 572 1808 iu
583 1765 648 1823 Lycia
659 1767 799 1823 presbyterum
812 1781 867 1809 esse.

81 1834 121 1879 Sed
134 1844 154 1879 et
166 1835 210 1878 aliis
220 1834 242 1877 in
252 1835 301 1877 locis
313 1835 439 1892 reperiuntur
450 1835 483 1877 alii
495 1836 528 1892 qui
538 1835 653 1890 singillatim
665 1850 688 1877 ac
699 1836 786 1892 separati
797 1850 868 1893 preces

81 1905 165 1957 oberrat,
187 1912 207 1947 et
222 1904 343 1961 reliquorum
360 1904 519 1946 communionem
535 1919 614 1946 umucm
627 1911 731 1961 respuunt.
763 1905 804 1947 Alii
817 1904 868 1946 eollo

81 1974 161 2016 vincula
177 1982 258 2031 praeter
272 1973 369 2016 eeclesiae
385 1974 441 2028 leges
456 1973 568 2015 innectunt.
600 1971 665 2028 Quam
684 1974 709 2015 oh
722 1988 812 2016 caussam
828 1974 869 2015 dis-

83 2042 204 2098 putationem
214 2056 293 2084 ornnem
306 2042 342 2084 lrac
355 2042 455 2084 sententia
466 2041 567 2094 conclusi,
589 2044 751 2083 Adulescentulus
763 2058 804 2084 esse
814 2045 869 2083 nullo

82 2126 160 2153 numero
170 2113 325 2165 catalaunenses,-
350 2124 400 2167 qnae
414 2111 491 2167 privato
503 2109 587 2153 consilio
606 2111 701 2152 audacter
717 2112 868 2167 insolenterque

83 2193 105 2222 se
117 2188 201 2237 gerunt,
217 2194 257 2221 non
270 2187 292 2221 ut
302 2178 349 2221 honi
360 2178 433 2236 aliquid
445 2187 606 2235 consequantur,
623 2186 657 2221 aut
668 2179 778 2236 sapientiae
789 2181 811 2221 in
823 2193 869 2222 sese

83 2262 146 2304 genus
162 2249 242 2305 aliquod
258 2247 373 2305 expoliant,
394 2254 441 2304 puta
452 2248 581 2304 prudentiae,
603 2248 735 2300 fortitudinis,
756 2255 870 2305 temperan-

84 2317 137 2370 tiae,
159 2316 256 2359 iustitiae.
287 2316 334 2372 Quo
351 2331 378 2359 ex
391 2331 474 2359 numero
487 2318 593 2374 tyrannico
607 2331 662 2359 more
674 2318 769 2373 quaedam
782 2317 870 2359 efferun-

84 2392 129 2439 tur,
146 2393 206 2442 atque
219 2386 326 2429 averitate
339 2386 458 2438 deflectunt,
475 2386 529 2427 nullo
538 2393 560 2427 ut
571 2400 654 2428 numero
670 2386 768 2427 contineri
784 2386 869 2442 possint.

141 2455 171 2497 At
181 2457 288 2508 sthgzdurt's
305 2458 340 2496 illu
355 2455 453 2504 columbe,
475 2461 582 2510 sanctaque
600 2454 658 2510 virgo
675 2455 733 2496 deum
754 2456 869 2508 confitetur,
880 2466 921 2511 unp.
927 2467 976 2500 XIV.

85 2529 160 2578 patrem
171 2524 261 2567 etlilium
273 2531 293 2566 et
305 2523 396 2580 spiritum
407 2529 510 2576 sanctum,
527 2529 603 2580 patrem
616 2523 737 2579 perfectum,
754 2523 815 2565 lilium
826 2538 872 2580 per-

86 2591 170 2644 lectum,
195 2593 304 2649 perfectum
318 2592 408 2649 spiritum
423 2599 526 2643 sanctum,
548 2591 739 2634 consubstantialem
751 2594 870 2647 trinitatem,

86 2672 125 2702 uon
136 2662 295 2713 adulescentem,
311 2667 346 2704 aut
355 2657 467 2704 confusam.
498 2659 539 2704 Sed
552 2660 612 2702 lilium
624 2674 673 2703 vere
685 2675 696 2703 a
706 2668 762 2718 patre
773 2663 870 2719 genitum,

110 2773 136 2809 11.
156 2777 244 2809 cornardus
259 2777 306 2809 veslit
325 2776 435 2819 Quapropter
450 2774 468 2807 in
492 2774 581 2817 excedunt,
594 2775 712 2809 etaveritate
721 2776 785 2821 seipsas
794 2782 872 2810 evertunt

87 2817 120 2852 line
130 2821 183 2854 totius
194 2820 249 2866 operis
259 2820 355 2853 iuvenculas
365 2819 400 2852 dixi
410 2831 468 2853 nume·
492 2826 526 2855 cett.

87 2867 252 2905 rumnonhahere,
265 2866 468 2911 quaeexpropriasen-
515 2867 555 2900 Cur.
568 2866 615 2899 XlV.
629 2885 651 2892 -
682 2867 696 2900 1.
716 2866 809 2910 συιαλιφήι
825 2868 871 2900 eodd.

87 2911 140 2943 tentia
152 2911 235 2957 sibiipsis
246 2911 341 2945 iuveniliter
355 2912 469 2956 praestituunt
490 2922 528 2947 nass.
539 2916 553 2945 et
567 2913 677 2954 editurus,
691 2915 825 2954 quemadmodum
835 2923 873 2946 cun-

88 2954 110 3006 afl
121 2956 185 2990 bouum
197 2957 275 3003 quidem,
292 2963 311 2990 ut
322 2956 415 3001 sapientiae
427 2968 467 3001 spe·
490 2962 550 2991 stanter
565 2961 580 2991 ut
590 2959 658 3000 ubique,
674 2960 706 2991 nisi
717 2968 767 2991 cuum
778 2960 871 2991 stulterum

89 3002 231 3045 cresperlieiant,
250 3002 382 3047 prudentiaeque
395 3014 416 3036 ae
428 3002 468 3037 for·
490 3005 569 3045 acceperis
577 3005 634 3035 locum.
657 3002 759 3047 συναλοιφὴν
770 3005 807 3037 edit.
814 3005 871 3037 Petne.

87 3045 171 3091 titudinis,
183 3055 201 3082 et
211 3048 305 3082 modestiae
315 3061 336 3082 ae
344 3048 424 3089 iustitiae,
436 3060 468 3082 ve·
514 3049 530 3082 2.
542 3045 624 3090 distante
634 3050 672 3081 edit.
683 3051 749 3089 Peleo,
761 3054 775 3081 et
786 3052 810 3082 ue
822 3051 870 3082 hube-

88 3101 125 3124 rurn
139 3092 236 3127 iuveniliter
250 3101 318 3138 agentes
329 3094 350 3128 ad
360 3092 468 3138 tyrannidem
490 3097 518 3128 but
529 3095 563 3128 cud-
575 3095 608 3127 leu.
620 3104 631 3126 o
642 3104 664 3126 nr.
675 3104 701 3135 pu.
707 3118 713 3135 ‚
723 3096 783 3127 vitiose.

125 3145 185 3185 corpus
194 3148 287 3179 Haereseol.
295 3148 315 3178 11.
323 3149 338 3177 3.
707 3152 734 3194 33
