1988 3392
259 219 354 255 raanan·
364 220 445 254 uiant.
458 221 513 255 nont.
525 222 547 255 n.
560 220 628 254 naun.
636 219 734 253 Lxxvin.
844 211 899 253 421·

104 302 228 358 Quamquam
239 300 255 341 si
266 315 338 358 corpus
350 300 478 353 consideres,
500 301 579 343 loannis
591 308 655 343 mater
665 314 705 341 non
719 307 773 352 erat,
795 300 831 342 sed
843 314 887 342 eam

105 371 165 427 ipsam
178 368 299 424 virginitatis
311 381 357 410 esse
372 368 480 425 principem
493 369 604 425 significare
617 367 692 420 voluit,
714 369 807 423 quoniam
817 369 842 411 ab
853 368 888 410 illa

102 439 143 481 rita
161 436 267 493 processit.
306 437 337 478 Ad
354 437 403 478 baec
422 438 527 489 loannem,
549 438 597 480 licet
611 437 688 478 alienus
704 450 727 477 ac
745 437 825 477 minime
840 451 888 493 prc-

103 507 186 563 pinquas
197 511 264 555 esset,
287 504 353 546 verbis
364 504 403 546 illis
413 505 485 552 affatus
498 512 541 557 est,
561 504 589 546 nti
601 512 684 547 matrem
695 504 830 545 honorandam
841 518 887 546 esse

102 578 229 615 monstraret.
261 569 362 627 Siquidem
374 585 401 613 ex
411 571 443 613 illa
454 572 557 624 dominus,
574 573 625 627 qnod
636 573 659 614 ad
672 585 745 628 eorpus
756 572 838 624 attinet,
855 585 888 613 re-

103 655 151 683 vera
162 646 220 681 natas
232 646 274 690 est3
296 653 322 681 ne
335 640 379 695 quis
393 641 479 682 fortasse
490 647 553 682 totum
565 640 709 682 incarnationis
719 640 821 695 negotium
832 646 889 695 patet

102 716 186 753 externa
200 708 279 766 specie,
302 723 341 751 non
358 708 443 752 veritate
459 716 560 751 constare.
592 708 644 752 Nam
656 709 694 751 nisi
705 722 754 751 uere
766 714 831 750 mater
844 708 887 750 eins

102 777 215 830 extitisset,
232 791 243 819 a
255 792 294 833 qua
305 792 384 820 carnem
395 785 512 835 acceperat,
535 791 625 835 quaeque
634 779 699 834 ipsum
710 784 829 834 pepererat,
847 791 887 818 non

102 854 175 889 tantam
193 846 211 888 ei
228 860 295 888 curam
312 845 427 898 adhiberet,
448 853 471 889 ut
483 854 597 903 perpetuam
612 846 711 902 virginem
728 846 886 899 commendaret,

102 930 151 973 quae
163 922 184 957 et
195 922 259 958 mater
269 915 294 958 ob
306 923 419 973 susceptum
431 930 457 958 ex
468 916 510 973 ipsa
523 929 596 972 corpus
612 916 696 969 fnisset,
719 923 738 957 et
750 916 774 957 ob
784 915 836 956 illius
851 914 886 956 bo-

62 1000 63 1003 ¹
102 1000 170 1028 norem
186 992 245 1042 atque
260 984 376 1027 admirabile
391 985 481 1042 corporis
497 986 527 1028 sui
544 999 579 1028 vas
596 985 668 1027 nullam
684 985 747 1027 labem
762 985 883 1028 admisisset.

55 1105 58 1109 ,
103 1052 144 1098 Sed
156 1055 219 1112 pergit
231 1055 356 1111 evangelium
368 1062 400 1108 et,
416 1057 449 1096 Ere
462 1057 509 1105 illa,
531 1053 606 1111 inquit,
629 1057 886 1109 dreaecepr‘teurndr'scrpa-

101 1127 132 1166 las
146 1127 173 1165 ad
181 1139 229 1166 sese,
260 1124 322 1181 Atqui
337 1124 354 1166 si
366 1123 460 1166 elvirum
473 1123 568 1177 baberet,
586 1131 607 1166 et
620 1125 712 1176 domum,
729 1131 750 1166 et
759 1124 846 1177 liberos,
862 1124 887 1166 ad

101 1208 137 1236 sna
153 1193 217 1250 potius
233 1208 290 1250 quam
308 1194 331 1235 ad
347 1194 432 1235 alienum
449 1207 494 1235 sese
510 1194 619 1235 conferret.

159 1260 238 1304 Vereor
249 1275 274 1304 ne
288 1262 324 1304 boc
341 1262 404 1319 ipsum
420 1263 471 1318 quod
483 1261 566 1304 dicimus
579 1262 643 1304 fraudi
657 1261 683 1304 sit
696 1262 806 1318 aliquibus,
829 1270 851 1305 ut
863 1263 887 1305 ad
900 1263 980 1311 Cap-XI·

101 1330 254 1374 contubernales
270 1330 397 1384 acdilectns,
419 1345 468 1387 qaas
484 1338 569 1383 vocant,
591 1331 674 1373 feminas
687 1332 813 1383 retinendas,
835 1332 887 1388 quod

100 1414 164 1456 gertus
177 1401 262 1455 pessimo
275 1399 313 1442 sibi
325 1400 385 1442 animi
397 1414 466 1443 errore
476 1399 582 1443 machinati
593 1407 651 1452 sunt,
668 1402 733 1443 lucum
744 1401 790 1443 inde
801 1401 887 1457 aliquem

101 1476 121 1511 et
131 1469 218 1511 colorem
236 1469 347 1511 necessisse
364 1468 477 1511 videantur.
508 1468 584 1511 Verum
598 1470 639 1511 illic
650 1477 706 1511 certa
721 1471 804 1525 quadam
820 1470 887 1526 provi-

101 1537 180 1579 dentiae
192 1538 269 1579 ratione
281 1537 418 1579 administrata
428 1545 475 1580 sunt
488 1538 566 1589 omnia,
589 1538 617 1579 ita
629 1544 651 1579 ut
662 1544 724 1579 totum
736 1538 773 1579 boc
785 1539 887 1594 negotium

53 1663 55 1665 ‚
101 1607 126 1648 ab
136 1606 220 1648 aliorum
233 1606 332 1658 omniun),
349 1597 400 1662 qnae
414 1620 440 1648 ex
454 1605 485 1648 dei
497 1607 589 1648 mandato
602 1607 720 1663 praestanda
731 1614 790 1657 sunt,
813 1608 888 1648 officio-

101 1689 144 1717 rum
155 1675 199 1730 lege
213 1682 266 1716 osset
278 1688 301 1716 ac
312 1674 431 1716 necessitate
448 1675 567 1716 seiunctum.
598 1673 708 1716 Praeterea
721 1684 852 1731 'posteaquam
863 1676 887 1717 il-

101 1743 133 1785 lud
145 1744 173 1785 ita
183 1751 260 1799 gestum
270 1751 309 1795 est,
326 1749 346 1784 et
357 1743 381 1785 ad
393 1756 438 1785 sese
449 1743 501 1784 illam
513 1743 596 1799 accepit,
613 1758 653 1785 non
665 1744 749 1800 amplius
761 1745 811 1800 apud
823 1744 887 1801 ipsum

101 1813 217 1869 permansit.
249 1809 307 1866 Qtrod
322 1811 339 1852 si
354 1812 404 1853 falso
417 1811 487 1853 iactari
500 1812 595 1868 quispiam
610 1826 621 1853 a
633 1811 690 1854 nobis
702 1812 817 1863 existimet,
836 1813 887 1855 licet

101 1894 202 1923 sacrarum
214 1880 315 1922 literarum
328 1880 413 1935 vestigia
427 1880 552 1932 consectari,
568 1879 671 1936 inquibus
685 1881 758 1921 nnllam
770 1881 794 1921 de
808 1879 887 1922 Mariae

102 1950 156 1991 obitu
167 1949 288 1991 mentionem
301 1948 400 2003 reperiet,
417 1955 494 1989 mortua
504 1949 542 1999 sit,
559 1962 637 2001 necne,
660 1949 750 2005 sepulta,
765 1963 790 1989 an
802 1963 842 1990 non
854 1963 887 1990 se-

87 2045 89 2048 ·
102 2017 156 2072 pulta
169 2017 235 2058 luerit.
267 2016 298 2057 Ac
309 2029 352 2056 cum
368 2014 455 2057 loannes
465 2015 544 2056 interim
555 2015 576 2056 in
590 2016 658 2057 Asiani
671 2017 772 2072 proiectus
785 2016 823 2068 sit,
839 2030 888 2058 nns-

102 2099 160 2140 quaan
173 2092 238 2126 tannen
249 2084 270 2125 b.
284 2083 380 2137 virginem
398 2083 476 2123 itineris
489 2082 581 2124 comitem
599 2097 666 2124 secnnt
684 2084 738 2125 illum
752 2085 846 2125 babuisse
860 2085 888 2126 si·

102 2154 195 2207 gnificat,
211 2153 245 2193 sed
257 2152 281 2193 de
292 2165 315 2193 ea
328 2164 349 2192 re
363 2151 441 2207 penitus
453 2150 551 2206 scriptura
563 2151 690 2203 conticescit,
710 2151 730 2192 id
741 2153 792 2207 quod
806 2159 888 2208 propter

103 2220 239 2262 admirationis
252 2220 395 2262 vehementiam
409 2219 481 2260 lactum
494 2219 592 2270 arbitror,
609 2232 633 2260 ne
644 2219 743 2262 bominum
756 2220 833 2262 animos
846 2234 887 2261 trin-

103 2289 165 2332 iorem
177 2290 274 2345 quendam
286 2289 306 2330 in
317 2295 418 2345 stuporem
430 2287 547 2329 coniiceret.
578 2286 623 2344 Ego
634 2287 687 2330 enim
699 2289 828 2346 pronuntiare
839 2289 887 2330 illud

103 2372 190 2409 vereor,
213 2365 233 2399 et
245 2357 305 2399 tacita
322 2358 376 2413 apnd·
389 2370 420 2397 me
435 2356 557 2411 cogitatione
574 2364 668 2413 reputans
684 2358 732 2399 mibi
746 2357 845 2399 silentium
857 2357 888 2399 in-

103 2427 155 2470 dico.
187 2424 265 2483 Quippe
276 2425 327 2468 band
338 2425 380 2468 seio
391 2440 415 2467 an
429 2426 452 2467 de
466 2424 591 2467 sanctissima
603 2425 636 2467 illa
649 2440 672 2468 ao
684 2426 800 2469 beatissima
808 2426 887 2483 virgine

104 2497 189 2540 obseura
200 2495 295 2553 quaedam
308 2495 395 2538 inveniri
412 2495 496 2552 vestigia
511 2495 602 2553 possint,
624 2510 674 2552 quae
686 2496 782 2539 incertam
794 2496 852 2539 nobis
864 2497 888 2539 il-

103 2566 141 2610 lius
154 2567 223 2609 mortis
240 2566 297 2608 iidem
313 2565 394 2607 faciant.
425 2564 478 2608 Nam
492 2579 568 2608 exona
583 2572 639 2621 parte
651 2565 699 2608 illud
714 2567 813 2620 ocottrrit,
835 2566 887 2623 quod

104 2636 128 2679 de
139 2636 172 2678 illa
186 2636 311 2692 pronuntiat:
333 2637 362 2676 Et
373 2643 424 2675 taam
436 2638 496 2689 ipsias
508 2638 589 2677 animam
598 2638 692 2689 percuciet
705 2638 797 2690 gladius,
820 2645 842 2677 ut
855 2647 983 2685 renuente.

104 2713 194 2760 tegantur
208 2721 233 2746 aa
244 2707 345 2745 multarum
358 2705 448 2745 sordebus
459 2707 591 2757 eogz'tatz'ones.
614 2704 701 2747 Aliunde
712 2720 761 2749 vero
773 2707 793 2747 in
805 2705 993 2762 Appon-apaan.

104 2773 154 2831 lypsi
166 2772 248 2816 loannis
260 2773 355 2829 legimus,
371 2776 478 2814 Draconem
491 2777 582 2814 adversas
591 2775 688 2815 mulierem
696 2789 823 2828 properasse,
840 2790 888 2829 qaue

105 2856 176 2884 marem
186 2851 298 2898 pepererat,
320 2848 339 2882 et
349 2844 404 2882 clatus
415 2845 486 2883 edesse
497 2857 571 2896 pennas
581 2844 669 2897 aquilae,
693 2852 714 2884 et
724 2847 836 2885 translatam
847 2859 888 2884 esse

105 2914 124 2952 r'n
133 2915 226 2953 desertam
232 2944 238 2962 ,
254 2927 278 2952 ne
287 2926 327 2952 eam
337 2913 396 2951 draeo
405 2915 577 2965 comprehenderet.
609 2910 668 2966 Quod
680 2912 757 2968 quidem
769 2912 789 2954 in
798 2913 831 2953 illa
841 2926 888 2954 esse

104 2981 288 3038 potestimpletnm.
320 2976 444 3035 Qttamqaam
457 2981 504 3026 illud
524 2995 564 3023 uon
577 2980 652 3025 affirmo
665 2981 754 3037 penitus,
777 2988 888 3036 nequeant

127 3072 143 3106 5.
155 3066 175 3110 dan
187 3075 240 3107 omiss
252 3074 270 3108 ia
281 3074 318 3107 eoa.
330 3074 385 3106 Peter.
