1988 3392
144 218 187 259 466
432 221 516 256 ειαοΤι
527 220 643 255 ΕΡιιΗιιιιι

145 305 166 355 ἒξ
177 299 202 358 ἧς
214 300 336 357 προφάσεως
352 299 405 354 ἐφόη
420 299 479 343 πόλιν
492 299 562 350 αὐτοῖς
578 300 660 356 δευτέρα
674 298 746 354 πλάνη.
776 300 881 356 Λαβόντες
892 301 931 359 γόρ

144 389 195 422 τινες
206 370 230 413 τά
240 376 281 414 τῶν
291 369 335 413 τότε
348 368 517 412 ἀποκταυθέυτων
527 366 610 423 σωματα
621 367 655 411 διά
665 367 702 423 τὴν
711 367 806 423 τοιαύτην
816 367 932 453 Ἑλληνικήν

144 438 242 493 ἀνομίαν,
262 440 297 482 καὶ
311 437 438 492 θόψαντες’
432 454 453 479 εν
463 451 503 479 τισι
515 437 596 488 τόποις,
617 438 660 479 ἐκεῖ
672 434 733 479 πόλιν
745 436 770 480 τό
784 436 836 481 αότά
850 437 932 494 εόφημό

144 525 165 552 τε
181 511 302 560 ἐπιτελοῦσι,
325 508 359 550 καὶ
376 504 561 567 Μαρτυρτανοδς
552 523 636 555 εαυτους
649 505 791 561 ἐπωνόμασαν,
814 509 879 562 δηθευ
897 508 932 552 διά

144 576 192 628 τοός
206 576 257 633 ὑπὲρ
272 582 312 619 τῶν
327 558 598 632 ειδωλωΐγῖἀρῖυριῖσαντας

53 644 267 709 ιιις.1οιι.’ᾈλλοι
280 646 302 688 δὲ
318 645 401 688 καίων’
393 662 415 687 εκ
428 642 513 708 τούτων
524 645 552 687 ἐτι
547 641 684 712 βαθότερόν
698 661 717 686 τι
732 643 922 699 διανοοίμευοι,’
905 663 933 696 ως

52 697 98 741 Κφ·
110 708 132 741 γ’
144 713 196 759 κατιί
210 713 246 769 την
262 714 330 757 αὐτῶν
350 713 446 797 εὖηθειριυ
458 712 567 771 συμβουλω
582 730 606 771 τη
598 700 818 770 διανοίαχραίμενοι,
839 711 896 757 εἶπον
909 711 932 757 Ὁ

145 789 239 853 Σατανᾶς
251 783 312 840 μέγας
325 784 376 835 ἐστὶ,
397 782 431 825 καὶ
446 780 583 865 ίσγυρότερρς,
604 781 639 824 καὶ
650 779 713 824 πολλοί
728 783 812 824 ἐπιτελεῖ
824 780 878 826 κακοί
889 789 932 834 τοῖς

144 846 270 909 ἀνθρωποις.
300 852 372 896 Αιά’
353 871 372 895 τι
384 851 409 894 οὗ
420 855 497 934 μᾶλλον
513 849 566 907 πρός
577 855 648 894 τοῦτον
665 848 828 906 καταφεύγομεν,
849 853 883 894 καί
896 852 931 894 αό-

143 927 171 982 τῷ
190 927 352 980 προςκυνοῦμεν,
374 920 438 964 αὐτόν
454 936 475 962 τε
490 924 587 975 τιμῶμεν,
607 921 643 962 καλ
658 916 720 962 ου’τόν
735 918 876 975 εὐφημοῦμεν,
897 923 932 965 ίνα

144 968 178 1035 δίά
193 997 229 1046 τῆς
243 995 386 1046 κολακευτικῆς
402 992 513 1046 θεραπείας
528 988 556 1044 μὴ
569 988 666 1048 ἐνεργήση
679 986 728 1045 ἡμῖν
742 988 767 1031 τά
781 987 872 1046 πονηροί,
892 989 932 1033 ἀλλ’

145 1079 173 1112 ως
182 1060 260 1104 δούλων
271 1059 335 1104 αὐτοῦ
345 1058 403 1115 ημῶν
414 1057 532 1116 γεγονότων,
547 1059 605 1112 φασι,
623 1055 756 1113 1φείδηται
741 1062 809 1114 ημῶυς
825 1058 899 1102 Καὶ
878 1059 931 1104 ου’τω

144 1132 179 1195 καὶ
194 1126 251 1174 οὗτοι
262 1128 427 1214 Σατανιανρός“
418 1127 502 1179 εαυτοδς
517 1126 656 1182 ἐπωνόμασαν
684 1125 748 1182 Ομοῦ
764 1127 786 1171 δὲ
801 1127 879 1172 τούτων
895 1129 932 1214 τήγ

144 1192 220 1257 αίρεσιυ
232 1201 253 1242 ἐν
262 1197 328 1258 τ”αότῳ
315 1194 492 1253 συνεθηκαμεν,
507 1198 542 1240 καὶ
551 1194 600 1248 τοός
610 1198 769 1254 προειρημένους
779 1196 908 1252 μέλλοντας
894 1197 930 1251 αφ’

144 1286 202 1324 ημων
213 1287 260 1311 νυνι
271 1269 373 1326 λεγεσθαι
394 1266 463 1321 ἐπειδὴ
473 1284 512 1323 γαρ
523 1284 548 1308 τα
561 1269 594 1309 ’ίσα
607 1284 628 1309 εν
638 1265 736 1325 υπαιθρω
748 1266 874 1323 εξαγομενοι,
893 1269 931 1319 ἐωξ

144 1337 252 1393 βεβηκότες
269 1342 305 1392 τῆς
323 1337 433 1391 ἀληθείας,
456 1336 489 1379 ἐπι
506 1333 529 1378 τό
538 1333 641 1395 εόχεσθαι
658 1337 692 1387 καὶ
708 1334 780 1419 υμγείν
797 1335 931 1392 ἐσχολόκασιν.

139 1404 201 1450 'Am
212 1405 277 1449 πάυτα
291 1405 327 1460 μέν
339 1410 402 1448 ταῦτα
415 1402 570 1461 περιγέλαστα”
557 1421 606 1446 οντα
618 1402 718 1459 ἀβλαβίγ’
708 1404 811 1462 ετόγχανε,
827 1424 859 1461 μη
853 1404 930 1448 δυνό-

144 1492 193 1531 μενα
204 1477 342 1531 παρεκκλίνειν
353 1473 387 1517 τόν
398 1478 447 1516 νοῦν
458 1471 499 1515 ἀπό
510 1477 546 1527 τῆς
556 1472 663 1527 ἀληθείας
684 1471 709 1517 οό
718 1472 756 1531 γάρ
767 1476 795 1525 είς
805 1474 870 1529 όνομα
882 1478 930 1531 Χρι-

144 1548 193 1588 στοῦ
204 1544 293 1600 ἐλέγοντο
306 1541 368 1596 εἶναι,
389 1540 538 1596 ἀλλάἝλληνες
551 1540 573 1585 τό
584 1546 631 1585 πᾶν.
663 1547 710 1585 Νῦν
721 1544 742 1587 δὲ
755 1542 790 1586 ἀπ’
800 1546 882 1587 ἐκείνων
891 1548 931 1586 τῶν

143 1612 225 1670 τρόπων
242 1607 299 1655 οὗτοι
310 1617 348 1655 νῦν
364 1612 483 1665 καλούμενοι
494 1611 646 1663 Μασσαλιανολ,
666 1605 695 1654 οἷν
705 1611 751 1655 οὔτε
762 1611 824 1668 ἀρχιδ,
844 1611 890 1657 οότε
899 1615 929 1656 τέ-

143 1688 189 1735 λος,
204 1680 251 1725 οότε
261 1679 348 1735 κεφαλή,
370 1679 416 1724 οότε
427 1682 480 1736 ῥίζα·
503 1677 552 1722 ἀλλά
564 1677 589 1722 τά
597 1678 662 1722 πάντα
673 1681 723 1724 εἰσὶν
738 1680 852 1738 ἀστήρικτοι
863 1684 898 1725 καλ
908 1681 930 1725 ἀι

143 1751 255 1808 ναργοικαλ
267 1749 403 1805 ἠπατημένοι,
425 1748 452 1803 μὴ
465 1747 603 1803 έχοντεςόλως
615 1748 723 1806 στηριγμόν
739 1748 849 1804 όνόματος,
870 1750 884 1806 ἢ
895 1758 931 1794 θε-

143 1824 207 1874 σμοῦ,
227 1817 339 1874 ίίθέσεως,
359 1817 373 1874 ἐρ’
384 1820 512 1873 νομοθεσίας.
544 1822 652 1861 2Δοκοῦσι
666 1821 735 1862 τοίνυν
747 1814 804 1863 οὗτοι
816 1820 930 1873 ἐπιτοαυτό,

143 1887 216 1944 ἀνδρες
231 1905 252 1930 τε
268 1889 304 1930 καὶ
318 1893 412 1944 γυναῖκες
427 1889 501 1942 δῆθεν,
523 1889 551 1936 είς
567 1885 655 1942 Χριστόν
669 1889 821 1932 πεπιστευκέναι
835 1891 930 1945 λέγοντες,

144 1955 172 2008 οἷς
185 1955 335 2011 ἀποταξάμενοι
346 1961 373 2014 τῷ
383 1955 463 2014 κόσμῳ,
479 1956 563 1998 καὶτῶν
573 1958 629 1999 ίδίων
642 1956 825 2012 ἀνακεχωρηκότες,
845 1956 898 2012 όμοῦ
909 1958 930 2001 δὲ

143 2024 217 2081 ἀναμίξ
234 2023 306 2082 ἀνδρες
322 2024 364 2080 ἅμα
381 2026 470 2082 γυναιξί,
491 2025 526 2067 καί
544 2030 637 2081 γυναῖκες
651 2024 693 2080 όμα
709 2024 807 2083 ἀνδράσιν
823 2026 929 2071 ἐπιτοαυτό

142 2093 288 2146 καθεύδοντες,
305 2095 326 2136 ἐν
338 2092 411 2150 βόμαις
423 2094 459 2148 μέν
469 2096 579 2146 πλατείαις,
595 2092 682 2148 ὁπηνίκα
693 2096 769 2151 θέρους
779 2094 822 2152 όίρα
833 2098 875 2150 ε’ίη,
896 2094 930 2139 διό

143 2162 166 2207 τό
186 2161 213 2218 μὴ
228 2165 290 2218 ἐχειν,
313 2164 392 2217 3φησὶ,
414 2168 480 2217 κτῆμα
493 2164 527 2206 ἐπί
542 2167 578 2217 τῆς
594 2167 635 2219 γῆς.
665 2161 771 2208 Ἀκόλυτοι
788 2165 811 2207 δέ
825 2167 874 2217 είσι,
895 2166 930 2208 καί

143 2234 251 2277 ἐκτείνουσι
267 2238 334 2289 χεῖρας
351 2237 448 2286 μεταιτεῖν
465 2229 493 2281 αίς
507 2230 591 2286 ἀβίωτοι
605 2232 639 2275 καὶ
657 2231 774 2287 ἀκτήμονες.
806 2235 833 2276 Οἱ
842 2233 864 2276 δέ
874 2232 931 2290 λόγοι

112 2301 118 2363 ἶ,
144 2299 211 2344 αότιόν
227 2300 325 2358 ἀφρόνων
343 2302 439 2344 ἐπέκεινα.
464 2299 503 2343 Ὃν
515 2299 533 2342 δ’
547 2298 572 2343 όίν
584 2318 628 2343 τινα
644 2301 771 2361 έπερωτησης
786 2303 806 2354 ἐξ
817 2302 886 2346 αὐτῶν
897 2300 930 2359 όρ-

144 2369 247 2426 μοίμενον,
267 2371 344 2413 ἐκεῖνον
362 2369 434 2413 ἑαυτόν
446 2369 518 2423 φάσκει
532 2367 576 2413 οἷον
588 2368 605 2412 δ’
617 2367 643 2413 όίν
655 2371 738 2421 ἐθέλοις.
762 2369 822 2415 Ἤτοι
832 2370 870 2428 γάρ
881 2389 930 2428 προ-

143 2439 211 2494 φη’την
221 2440 297 2491 είποις,
311 2440 389 2490 λέξουσι
400 2438 442 2492 ότι,
459 2437 572 2495 Προφήτης
586 2440 634 2493 είμί·
655 2436 702 2493 ἤτοι
714 2438 801 2496 Χριστόν
814 2438 840 2483 ἀν
854 2438 930 2496 όνομά-

124 2500 191 2566 ἶσης,
213 2507 287 2561 φάσκει
303 2506 343 2561 ότι,
366 2506 454 2564 Χριστός
471 2509 520 2562 είμι·
539 2505 585 2561 ἤτοι
599 2506 733 2564 πατριάργην,
753 2507 775 2552 τό
791 2507 840 2552 αότό
858 2508 930 2553 ἔαυτόν

144 2574 237 2631 όυομοίζει
252 2576 350 2626 ἀναιδῶς·
371 2575 417 2631 ἤτοι
434 2575 525 2633 ἀγγελον,
546 2577 582 2618 καὶ
597 2575 669 2620 ἑαυτόν
683 2577 740 2633 λέγει.
770 2578 812 2620 Καὶ
830 2572 930 2629 όπλῶςιό

144 2649 181 2698 τῆς
198 2650 238 2687 ταῖν
253 2643 372 2702 ἀνθρώπων
387 2644 569 2701 ματαιοφροσόνης.
601 2648 702 2699 Νηστείαν
718 2646 740 2688 δέ
751 2644 796 2688 οὐδ’
808 2645 860 2697 όλως
874 2648 929 2690 οίδα-

121 2710 125 2745 ἶ
143 2727 185 2766 σιν,
206 2711 254 2755 ἀλλά
265 2715 331 2767 δῆθεν
342 2715 370 2763 εἰς
383 2712 419 2768 την
432 2711 492 2769 εόχήν
503 2712 640 2769 ἐσχολακότες,
662 2715 697 2757 καὶ
710 2712 752 2757 ἀπό
762 2713 817 2772 ιόρας
827 2716 928 2773 δευτέρας,

53 2794 88 2824 1¹³ss-
97 2785 137 2815 1575.
145 2779 160 2836 ἢ
170 2783 247 2838 τρίτης,
262 2780 322 2836 ἣκαὶ
332 2780 369 2836 την
380 2781 452 2835 νόκτα,
468 2781 503 2824 ε’ἀν
517 2780 614 2835 φθάσωσι
624 2787 728 2835 πεινάσαι,
748 2782 812 2826 πάντα
823 2783 887 2834 ἀδεῶς
897 2785 929 2841 ἐρ-

144 2849 247 2907 γάζονται,
269 2852 370 2900 ἐσθίοντες
386 2852 421 2894 καί
440 2853 537 2901 πίνοντες.
568 2853 621 2909 Περὶ
636 2852 659 2894 δὲ
673 2850 802 2909 αίσχρότητος
815 2850 929 2910 ἢλαγνείας

169 2966 209 3001 Cap,
217 2967 247 3000 ΙΙΙ.
257 2985 276 2992 0
303 2966 317 3000 1.
329 2965 526 3012 Ειυιῐυαίςορείδεται
572 2966 705 3002 ὕδαιοαιάαιο
715 2970 782 3011 sortasse
793 2968 842 3015 φασὶ

166 3012 184 3046 2.
197 3014 273 3054 suspicor
285 3012 364 3048 Οἰκοῦσι.
