1988 3392
256 236 349 271 eunucu
360 237 402 270 mu
411 238 442 271 ur.
453 237 510 272 nom.
517 238 530 270 ι.
542 236 610 271 uana.
623 235 705 270 uxxru.
833 224 874 267 123

90 317 146 360 obes.
178 316 281 374 Augustus
293 317 398 374 episcopus
410 316 563 374 Euphratesiae.
594 314 669 358 Pollux
680 315 784 373 episcopus
796 314 877 371 provin·

89 386 133 428 eiae
150 386 250 428 secundae
265 383 351 443 Libyae.
389 384 505 427 Pancratius
522 386 627 443 episeopus
644 382 728 426 Pelusii.
763 382 877 425 Pbilicadus

89 454 194 511 episcopus
209 454 371 509 Augustadorum
383 452 483 510 Phrygiae
502 454 626 510 provinciae.
657 452 756 509 Serapion
773 452 877 508 episeopus

89 522 198 582 Antipyrgi
209 520 297 579 Libyae.
328 521 429 565 Eusebius
442 522 547 580 episcopus
560 521 659 566 Sebastae
670 520 804 564 Palaestinae.
835 518 877 561 fle-

88 591 177 634 liodorus
203 590 308 648 episcopus
335 589 427 634 Sezusae
452 589 576 648 Pentapolis.
618 590 746 634 Ptolemaeus
772 589 877 645 episcopus

89 659 193 703 Tbmueos
204 658 360 716 Augustoniees.
387 659 481 717 Augarus
494 660 599 717 episeopus
611 657 660 717 Cyri
672 657 806 716 Euphrasiae.
833 656 877 699 Ex-

89 729 168 771 eresius
181 729 286 786 episcopus
298 729 430 771 Gerasorum.
461 728 551 771 Arabion
562 729 666 785 episcopus
677 729 800 770 Adraorum.
824 724 878 768 Cba-

89 798 151 840 risius
162 797 267 855 episcopus
279 797 348 840 Azoti.
379 797 484 841 Elissaeas
494 797 599 853 episcopus
610 795 797 853 Diocletianopolis.
825 793 878 837 Ger·

89 880 160 909 manus
172 866 276 924 episcopus
288 864 401 909 Petraeum.
432 865 543 909 Burocbius
557 865 661 923 episcopus
673 864 768 908 Arabius.
800 862 877 908 Omnes

91 936 179 994 episcopi
196 950 279 979 nurnero
293 934 375 979 XLlll.

118 1017 242 1053 HACTENUS
255 1017 446 1052 semicombustum
458 1018 489 1052 ET
502 1015 639 1051 ARIANORUM
650 1015 711 1051 uruat
722 1016 851 1051 EXPOSlTlO.

90 1157 91 1160 Ἴ
148 1166 199 1212 Cum
214 1168 265 1211 bane
280 1175 301 1210 et
316 1176 394 1211 ceteras
414 1168 434 1210 id
449 1183 513 1225 genus
533 1168 579 1210 fidei
597 1167 736 1225 expositiones
747 1182 784 1210 vos
800 1166 875 1223 legitis,
905 1170 947 1214 cap.

90 1237 161 1295 quibus
177 1238 292 1295 prudentiae
310 1238 364 1281 inest
379 1252 402 1280 ac
417 1237 484 1280 iudicii
505 1237 606 1289 nonnihil,
631 1238 783 1280 animadvertite
793 1239 878 1292 'quaeso

90 1321 148 1363 quam
164 1306 268 1349 subdolum
284 1321 307 1350 ac
322 1307 441 1350 malitiosum
457 1308 483 1349 sit
497 1306 556 1349 unius
572 1321 600 1348 ex
614 1306 646 1349 illa
661 1314 717 1349 secta
736 1306 798 1363 partis
812 1305 879 1348 cousi-

89 1375 150 1429 lium,
166 1390 190 1418 ac
206 1375 254 1418 nibil
268 1384 345 1418 rectum
361 1376 445 1427 babeat,
462 1390 526 1432 neque
536 1375 568 1418 rel
583 1375 685 1418 levissime
698 1375 777 1418 divinae
791 1374 839 1417 fidei
852 1375 879 1417 sit

89 1444 221 1502 prolessiouis
244 1454 409 1488 cousentaneum.
447 1443 529 1486 Etenim
551 1444 642 1486 domiuus
663 1445 690 1487 ita
712 1444 877 1487 commonefecit:

91 1516 165 1567 Quod'
155 1529 175 1554 m
186 1528 252 1554 aurem
266 1516 348 1564 codicis,
369 1517 481 1568 praedicate
494 1528 553 1567 super
568 1521 624 1554 terto.
656 1514 724 1570 Atque
738 1520 761 1556 ut
775 1513 938 1584 apostolusm
888 1519 948 1550 Maon

90 1583 193 1626 bortatur:
210 1586 312 1624 Veritatem
323 1587 453 1638 unusquisque
464 1585 554 1659 lopuotur
565 1597 608 1623 ecoe
617 1586 707 1636 promitio
718 1598 761 1624 suo.
793 1582 822 1625 At
832 1596 878 1639 pro·
886 1556 973 1629 fliium

90 1652 149 1708 pbeta
164 1652 242 1693 illorum
258 1652 403 1708 improbitatem
419 1666 458 1694 nou
474 1650 518 1693 sine
533 1651 689 1718 reprehensione
705 1652 800 1694 declarat.
832 1654 878 1693 Cum
890 1660 948 1725 rpprp.

87 1724 189 1775 proemio,
212 1719 287 1776 inquit,
307 1723 393 1775 loquetur
401 1722 497 1775 porfiro
518 1723 539 1761 tir
553 1723 611 1760 eorde
623 1735 667 1762 vero
679 1735 714 1761 suo
732 1722 808 1762 dubet
798 1735 879 1762 intraret
919 1716 924 1733 ’

92 1793 148 1839 tecm,
165 1790 209 1831 sive
225 1788 326 1831 malitiam.
358 1788 416 1831 Talis
432 1796 463 1830 est
477 1788 565 1830 Aeacius
580 1788 617 1829 iste
633 1803 677 1830 cum
693 1788 743 1831 suis.
773 1788 881 1831 Nemeum

92 1872 115 1900 se
130 1856 228 1900 aBasilio
244 1857 319 1900 eteius
337 1858 420 1899 asseclis
436 1857 594 1909 disiunxisseut,
615 1871 654 1913 quo
669 1871 731 1899 verae
746 1856 880 1899 confessionis

92 1926 194 1970 vinculum
206 1940 230 1967 ac
245 1939 320 1968 nexum
336 1927 447 1969 dissolvere
463 1926 566 1982 cupientes
582 1925 712 1969 adulterinam
728 1925 879 1982 nescioquam,

92 2002 113 2037 et
130 1995 154 2037 ad
169 1994 298 2036 refellendum
317 1995 405 2046 facilem,
430 1994 485 2036 etin
501 2008 571 2036 omues
591 2001 660 2050 partes
679 1995 810 2047 versabilem,
834 1994 880 2037 fidei

91 2063 236 2121 professionem
248 2062 363 2116 ediderunt,
381 2070 402 2104 ut
417 2076 443 2104 ex
459 2069 556 2118 concepta
571 2062 615 2118 ipsa
630 2064 737 2106 verborum
753 2064 846 2115 formula,
862 2063 880 2105 si

92 2131 163 2188 quibus
178 2131 281 2187 imponere
293 2131 379 2182 vellent,
395 2131 466 2173 iustam
482 2145 506 2172 ac
516 2130 623 2186 legitimam
635 2132 782 2173 confessionem
799 2145 846 2187 prae
857 2145 880 2173 se

93 2201 147 2242 ferre
158 2199 220 2241 videri
236 2207 330 2255 possent,
352 2199 383 2240 sin
399 2200 494 2256 perfidiae
509 2213 558 2241 suae
573 2199 629 2241 virus
645 2202 759 2255 patefacere
774 2207 879 2256 cuperent,

93 2267 190 2310 eiusmodi
205 2267 245 2309 illis
260 2268 284 2308 ad
297 2282 376 2309 maurim
388 2275 443 2310 esset
460 2268 505 2308 fidei
521 2268 633 2323 professio,
657 2283 706 2323 quae
722 2269 820 2324 utrimque
835 2282 881 2324 spe-

93 2343 150 2378 ctans
165 2324 188 2377 ad
204 2335 310 2390 quamlibet
322 2336 401 2378 illorum
411 2336 558 2377 simulationem
569 2343 636 2392 aptum
647 2337 737 2391 quiddam
749 2336 879 2391 exprimeret.

94 2403 135 2447 Sed
147 2403 239 2459 quoniam
253 2404 273 2444 in
286 2404 323 2445 boc
336 2403 406 2445 Aeacii
423 2404 575 2456 coruveuticulo,
600 2405 651 2459 quod
667 2405 692 2447 ab
705 2405 749 2446 aliis
761 2404 838 2446 duobus
851 2411 882 2446 est

94 2473 217 2524 seiunctum,
234 2496 260 2502 —
281 2471 320 2513 iam
336 2471 388 2513 enirn
404 2472 490 2513 diximus
504 2479 545 2513 tres
559 2472 579 2513 iu
592 2479 658 2528 partes
671 2474 792 2515 Ariauorum
807 2480 882 2515 sectam

94 2555 140 2583 esse
153 2539 250 2591 divisam3
267 2554 328 2595 quare
339 2539 452 2591 eudoxius,
470 2539 592 2592 Germanus,
610 2539 711 2596 Georgius
721 2542 882 2593 Alexandrinus,

94 2608 186 2651 Euzoius
203 2607 342 2650 Autiocbeuus
360 2609 380 2649 in
395 2622 452 2649 unam
470 2608 575 2650 factionem
594 2610 694 2665 segregati
712 2617 772 2660 suut,
796 2608 882 2651 Basilius

94 2691 144 2719 vero
156 2675 263 2727 Eleusius,
275 2673 401 2727 Eustatbius,
418 2674 519 2731 Georgius
530 2674 667 2729 Laodiceuus,
684 2675 779 2720 Silvanus
792 2677 882 2720 Tarsou-

95 2745 135 2797 sis,
158 2742 290 2785 Macedouius
303 2742 550 2799 Constantinopolitanus,
572 2743 635 2785 etalii
647 2746 759 2802 complures
774 2746 882 2802 separatim

94 2827 151 2854 suum
164 2825 236 2867 corpus
247 2811 368 2862 effecerunt,
384 2812 472 2854 Aeacius
484 2811 580 2867 denique,
602 2819 694 2869 utsupra
705 2814 758 2866 dixi,
782 2828 825 2856 curu
836 2812 882 2855 Me-

95 2881 155 2932 letio,
177 2878 289 2936 Eutychio,
314 2887 334 2921 et
351 2879 395 2920 aliis
414 2880 514 2922 uouuullis
532 2880 601 2921 tertias
616 2879 637 2921 iu
653 2889 721 2936 partes
737 2882 880 2923 discesserunt.

95 2996 122 3028 ubi
139 2995 196 3036 tepitur
212 2996 252 3036 sipto
268 2994 292 3028 M.
308 2996 369 3028 addito.
397 2995 417 3028 lo
432 2996 477 3028 libris
499 2997 530 3029 ton.
543 2995 600 3036 repet.)
612 2994 686 3039 θελῆσαι
697 2994 720 3031 ἐι.

95 3043 143 3083 culpo
152 3044 195 3074 eatut
205 3040 237 3084 (uti
245 3042 293 3073 ettam
302 3043 320 3074 in
330 3043 367 3074 edit.
378 3042 433 3074 Petro.
446 3043 476 3074 (ιο-
522 3039 539 3076 4.
552 3040 625 3085 pellace
636 3044 683 3076 codd.
694 3053 731 3076 mss.
742 3046 812 3084 uterque.
