1988 3392
195 259 197 262 ⁴
242 232 336 267 PANARII
348 233 391 266 LIB.
402 233 433 266 III.
444 232 500 267 TOM.
509 233 523 265 I.
533 231 602 264 flaua.
614 229 696 263 LXXIII.
823 219 863 260 111

77 313 208 370 spicaremur,
225 313 341 356 necessario
353 312 445 366 subiecit,
461 317 515 354 Ante
525 327 589 353 omnes
598 313 657 351 eolles
667 312 737 362 genuit
746 324 781 349 me.
815 305 864 362 Qui-

77 382 115 424 bus
126 382 178 439 piam
190 383 247 424 nobis
257 398 281 425 ac
291 382 391 439 passionis
402 381 466 423 omnis
480 388 582 438 expertem
595 379 658 436 ipsius
670 392 697 419 ex
706 385 761 434 patre
772 376 806 417 filii
819 390 865 432 pro-

77 451 181 507 prietatem
193 452 302 509 expressit.
333 449 409 493 Verum
423 451 485 492 semel
497 452 593 492 duntaxat
605 456 673 505 pater,
691 446 792 501 semelque
804 445 863 497 lilius,

78 520 103 561 ob
117 520 170 561 illam
190 535 248 576 quam
263 520 351 562 diximus
372 522 423 575 piam
441 519 652 574 deigermanitatem,
675 514 737 571 geniti
753 514 810 555 uobis
828 529 864 555 vo-

77 588 168 630 cabulum
184 589 296 630 ediderunt.
327 587 355 629 Αι
367 588 429 643 patris
447 595 466 629 et
479 588 512 628 lilii
527 587 638 629 nominibus
650 585 730 642 plenum
743 590 774 624 est
789 597 862 624 novum

78 671 136 699 omne
152 664 299 699 testamentum.

136 723 176 768 Sed
190 734 212 768 ut
223 726 309 783 propriis
321 727 363 768 suis
380 726 431 767 uotis
443 739 508 768 norae
519 725 571 766 illius
583 724 671 765 haeresis
688 721 809 764 architectos
825 720 865 762 dis·
873 725 968 769 Gapxxt.

77 808 161 837 cernere
178 795 285 851 possimus,
303 809 331 836 ex
339 795 405 835 multis
417 808 467 850 quae
478 796 502 835 de
511 794 546 835 illo
556 800 673 848 argumeuto
683 791 808 847 scripserunt
818 804 866 846 pau-

78 877 113 915 ca,
129 877 155 904 ue
169 864 248 918 longior
259 864 309 915 sim,
325 864 437 904 adnotanda
450 862 525 918 putavi.
556 860 590 902 Ex
603 860 673 915 quibus
684 860 775 901 catholici
788 866 829 901 tota
840 860 865 900 il-

77 931 116 973 lius
128 931 218 974 baeresis
229 939 296 973 mente
307 938 422 987 perspecta,
439 929 566 981 necessario,
583 936 603 970 ut
615 929 699 984 opinor,
715 935 814 979 statuent,
831 928 863 983 qui

78 999 127 1041 baec
137 1000 267 1056 scripserint,
288 1000 357 1041 eadem
371 999 412 1054 ipsa
423 999 539 1049 damnasse,
560 1005 581 1039 et
590 998 674 1053 ipsamet
690 997 783 1051 dogmata
794 1010 830 1037 sua
840 997 864 1037 ab

78 1068 199 1125 apostolicae
215 1068 260 1110 lidei
276 1068 379 1110 consortio
392 1067 490 1117 reticere,
512 1067 547 1107 sed
561 1073 581 1107 et
593 1080 628 1107 eus
644 1066 738 1106 damnare
751 1065 783 1120 qui
797 1065 865 1106 eadem

78 1150 145 1178 secum
162 1136 249 1178 sentiant
268 1151 291 1178 ac
307 1137 399 1178 doceant.
435 1134 536 1190 Siquidem
553 1134 575 1175 in
591 1135 639 1175 baec
656 1133 717 1174 verba
734 1133 864 1189 scripserunt.

77 1203 132 1247 Nam
151 1205 251 1261 praeclara
269 1204 346 1246 scilieet
361 1204 428 1246 divina
442 1204 504 1245 verba
522 1203 669 1244 communicare
686 1201 788 1242 vobiscum
808 1216 865 1257 quam
894 1190 896 1193 ¹

78 1273 198 1316 brevissimo
209 1288 302 1316 sermone
314 1273 416 1315 constitui.
448 1270 572 1327 Qraicumque
584 1269 706 1314 substantiae
717 1269 865 1311 similitudinem

79 1355 161 1393 servare
170 1356 214 1384 cum
226 1348 282 1398 patre
293 1342 353 1383 lilium
369 1348 451 1397 putant,
473 1341 580 1382 averitate
595 1340 673 1393 longius
689 1340 819 1391 aberraruut3
841 1352 866 1379 eo

80 1411 132 1464 quod
154 1411 286 1467 appellatione
305 1410 349 1466 ipsa
369 1409 453 1464 ingeniti
473 1409 537 1450 simile
559 1409 667 1450 secundom
685 1415 776 1450 naturam
794 1408 867 1448 coude-

79 1486 155 1520 mnant.
186 1478 266 1520 Rursus
278 1478 306 1519 ita
316 1469 428 1533 disputant:
451 1475 514 1518 Filius
530 1491 589 1531 porro
603 1477 735 1531 generatione
750 1476 815 1516 minor
827 1483 865 1527 est,

79 1555 99 1589 et
110 1561 156 1589 esse
171 1546 249 1589 dicitur.
280 1544 328 1588 Non
345 1545 406 1601 igitur
419 1552 501 1586 naturae
514 1544 662 1586 similitudinem
680 1559 763 1587 servare
779 1559 823 1586 cum
837 1544 868 1585 iu-

78 1616 147 1672 genito
163 1623 236 1672 potest.
268 1613 344 1656 Verum
362 1614 393 1655 dei
407 1614 542 1664 voluntatem,
564 1628 621 1669 quam
637 1613 658 1654 in
669 1614 749 1670 propria
764 1613 866 1669 hypostasi

79 1685 178 1740 integram
191 1684 262 1736 babet,
284 1698 307 1725 ac
321 1684 434 1735 sinceram,
456 1689 571 1724 conseruat.
602 1680 703 1737 Quocirca
720 1682 867 1724 similitudinem

81 1753 159 1809 quidem
172 1759 292 1804 conservat,
309 1753 394 1794 sednon
405 1752 425 1793 in
438 1757 521 1802 natura,
543 1765 613 1792 verum
623 1752 643 1792 in
656 1752 759 1793 voluntate
772 1751 867 1807 positam;

80 1822 168 1877 eoquod
180 1822 256 1877 qualem
269 1821 333 1863 voluit
345 1821 388 1877 ipse
399 1820 501 1877 produxit.
532 1818 559 1860 Ει
572 1833 663 1871 rursum,
680 1818 786 1875 Quomodo
797 1834 837 1861 nou
848 1826 868 1860 et

80 1905 158 1933 mecum
168 1890 210 1947 ipse
223 1890 293 1932 lateris
308 1890 368 1931 filium
383 1889 433 1946 patri
450 1897 521 1930 natura
531 1903 571 1930 uou
584 1902 629 1931 esse
642 1888 741 1943 similem?
770 1887 867 1941 Rursum,

81 1957 132 2003 Cum
144 1960 195 2001 lilius
208 1959 265 2001 exitu
277 1973 347 2001 carere
363 1959 416 2000 omui
430 1958 520 2009 dicatur,
545 1957 577 2013 qni
589 1958 651 2000 vitam
663 1958 742 2014 propria
755 1971 781 1999 ex
798 1965 869 1999 natura

80 2043 121 2071 uon
138 2028 209 2081 babet,
230 2029 265 2069 sed
281 2042 308 2069 ex
321 2026 405 2084 ingeniti
422 2022 533 2082 potestate,
554 2026 643 2082 ingenita
661 2041 721 2083 porro
737 2034 809 2069 natura
823 2027 867 2068 siue

80 2098 121 2141 ullo
133 2098 171 2140 fine
184 2097 236 2139 omui
249 2098 275 2139 sit
289 2103 387 2153 potestate
399 2096 503 2152 superior,
520 2109 586 2136 nouare
597 2095 702 2137 manifeste
711 2095 765 2151 impii
775 2109 821 2137 sese
832 2095 867 2136 bo-

81 2167 145 2210 mincs
157 2167 254 2224 produnt,
271 2167 316 2208 dum
329 2165 429 2208 esseutiae
442 2164 569 2211 similitudine
582 2164 674 2207 diversae
686 2164 808 2206 substantiae
818 2165 867 2220 dog·
908 2152 910 2155 Α

81 2251 125 2290 ma,
141 2237 192 2293 quod
205 2236 273 2293 pietati
283 2241 439 2277 consentaneum
451 2240 494 2286 est,
511 2235 646 2276 commutant?
676 2232 765 2284 Deinde,
782 2232 867 2291 Propte-

81 2308 129 2359 iea,
145 2305 250 2362 inquiunt,
267 2305 327 2361 patris
338 2318 410 2346 nonren
421 2303 552 2346 substantiam
563 2318 603 2345 nou
613 2302 720 2359 significat,
736 2304 771 2345 sed
781 2310 867 2362 potesta-

82 2381 134 2429 tem,
159 2388 209 2431 quae
228 2374 288 2416 tilium
300 2381 346 2416 aute
361 2373 441 2416 saecula
457 2372 524 2414 omnia
538 2373 596 2414 deum
611 2372 693 2414 verbum
704 2372 811 2429 produxit,
835 2372 867 2428 qui

82 2443 214 2486 substantiam
230 2443 284 2485 illam
300 2456 324 2485 ac
338 2449 456 2499 potestatem
471 2440 509 2483 sibi
522 2441 542 2483 iu
555 2449 657 2483 aeternum
673 2442 837 2483 communicatam
847 2443 868 2483 iu

82 2527 129 2556 sese
146 2513 242 2555 continet.
276 2510 366 2568 Pergunt
381 2511 463 2553 iterum:
488 2508 510 2552 Si
526 2510 587 2567 patris
602 2509 720 2553 vocabulum
737 2510 868 2567 substantiam

83 2581 207 2638 significare,
223 2594 262 2622 non
275 2587 392 2637 potestatem
405 2579 479 2631 velint,
501 2580 571 2621 eadem
582 2579 624 2635 ipsa
637 2579 700 2636 patris
711 2593 760 2622 voce
772 2579 868 2635 unigeniti

83 2664 162 2707 quoque
177 2663 282 2707 personam
298 2649 344 2691 licet
359 2648 464 2705 appellent.

142 2717 184 2763 Sed
195 2719 292 2762 adversus
305 2731 368 2761 novos
380 2718 429 2759 istos
447 2717 557 2759 haereticos
574 2716 643 2759 bunc'
636 2731 657 2758 m
671 2718 749 2760 modum
761 2716 868 2773 disputabi-
889 2724 950 2803 Xcaxp,

107 2856 123 2892 6
137 2853 178 2900 ἔστη
190 2856 221 2901 ed..
226 2858 283 2891 Peleo
488 2858 510 2889 esi
522 2855 553 2888 sed
564 2855 653 2900 potestatis
666 2866 708 2900 quae
722 2854 802 2900 produxit
816 2854 869 2888 filium

90 2902 123 2958 7.
136 2901 219 2957 scripsi
206 2895 465 2948 ἧιέιαιίτῷδωρηθεῖσαριο
488 2908 527 2934 ante
539 2901 605 2935 saecula
616 2901 667 2935 deum
678 2901 758 2942 verbum
778 2912 828 2945 quam
838 2900 869 2934 ha

84 2939 326 2994 ἤιέιαῦτῷδωρηξιεῖσαι,
342 2949 465 2990 unctioribus
487 2947 517 2981 bet
528 2947 608 2980 intimte
602 2959 636 2992 1ps1
646 2947 738 2987 donatam
750 2953 767 2979 et
779 2958 829 2991 quam
839 2958 869 2980 es

83 2984 198 3037 cunctemini,
204 2991 465 3028 nnttudu'stiuebonecoteoireleo-
487 2993 559 3027 sentiam
570 3005 590 3027 ac
600 3000 704 3038 potestatem
715 2972 778 3026 habens
789 3004 868 3037 per-sere

84 3038 205 3081 τῆτωςροιιια.
217 3042 293 3074 Petamus
298 3042 364 3074 cannot
370 3051 402 3083 rou
411 3036 457 3074 ἐι
435 3051 466 3074 αι
487 3046 519 3074 rat.

84 3086 110 3133 τῷ
122 3085 237 3131 δωρηὲεῖσαι.
259 3088 346 3121 Carnarius
355 3088 467 3127 interpretatas
500 3086 552 3121 8.
539 3083 604 3130 πατρὸς
612 3088 702 3128 suspicatus
712 3088 735 3119 est
745 3086 827 3120 Petamus.
