1988 3392
154 204 181 246 7ss
442 213 525 248 εκνοτν
536 212 652 246 ενιννικαιι

154 289 214 336 πάλιν
226 290 353 350 ἐκβάλλοντες
363 291 399 351 τήν
409 294 430 348 ἐξ
440 291 536 345 άπαθοῦς
547 296 583 338 τοῦ
594 294 700 347 κτίζοντος,
714 291 749 338 καὶ
759 293 834 338 τελείου
844 309 865 338 τε
877 295 938 342 11καί

155 366 239 422 παγίου,
260 366 294 408 καί
308 362 352 409 οἷον
364 365 454 421 ἐβούλετο
466 362 550 408 εἶναιτὸ
562 367 646 420 κτίσμα,
667 364 732 421 μόνην
743 365 895 421 λαμβανομένην
904 366 939 410 ἐν·

71 451 105 482 ρας.
114 444 144 475 ειν.
154 451 218 486 νοιαν,
234 431 350 480 άκόλουθύν
362 436 414 479 ἐστιν
426 433 467 477 άπύ
479 438 515 478 τοῦ
525 432 601 491 πατρύς
612 435 645 478 καὶ
656 439 692 479 τοῦ
704 436 751 479 υίού
762 432 874 489 ὀνομάτων,
886 436 938 480 ἐττει-

154 501 179 556 θή
192 502 277 557 μάλιστα
288 506 316 554 είς
328 505 403 557 πατέρα
414 503 448 546 καὶ
460 501 506 546 υἷύν
515 503 615 546 πιστεύειν
625 502 771 559 ἐδιδάχθημεν,
792 505 839 558 μίαν
849 498 886 546 ούν
894 521 939 548 τινα

157 570 276 625 12εὐσεβῶς
289 572 397 627 λαμβάνειν
411 569 465 624 ήμοῖς
479 572 558 613 ἐννοιαν
574 573 641 613 Πδεῖ,

67 713 112 758 Κεφ.
121 713 143 751 δ’.
213 704 251 749 Au}
261 707 294 749 καί
305 706 337 749 ἐπὶ
353 704 427 765 1τούτῳ
439 706 585 762 ἐκβαλλομέυου
594 709 631 748 τοῦ
641 703 692 748 κατά
702 703 724 749 τά
735 703 826 762 πάθοςή
836 703 940 764 άπορβοήν

154 773 189 821 τύν
199 777 275 832 πατέρα
285 776 362 834 πατέρα
374 782 465 822 νοεῖσθαι
474 781 511 823 τού
523 778 580 831 υίοιῖ,
601 778 637 822 καὶ
650 775 685 822 τάν
701 775 746 822 υίύν
763 775 790 835 μή
802 780 940 835 σπερματικῶς

153 849 324 903 καταβεβλημένον
336 854 457 902 σωματικοῖς
472 848 553 903 φύσεως
564 853 701 902 τελειοῦσθαι,
722 849 757 892 καὶ
769 850 895 904 κινουμένοις
907 847 940 894 άεὶ

154 916 205 972 πρύς
222 915 284 971 αύξην
298 919 333 961 καί
350 917 444 975 φθοράν,
466 916 494 970 ῶς
509 918 533 961 τά
551 916 654 972 σωματικά
670 919 728 974 θέγει
742 915 791 968 τούς
806 923 939 974 χαρακτῆρας,

154 985 206 1041 μόνη
222 986 404 1043 παραληφθήσεται
420 990 487 1031 ἐννοια
502 992 539 1031 τοῦ
555 986 633 1041 ὁμοίου.
662 984 697 1037 Ὡς
709 986 748 1043 γάρ
759 985 848 1030 ἀπὸτοῦ
860 990 940 1043 κτίσμα-

154 1071 199 1105 τος,
214 1054 276 1097 πάλιν
286 1056 381 1110 ἐροῦμεν,
396 1055 477 1098 πάντων
490 1056 639 1109 ἐκβεβλημένων
652 1054 773 1108 παρελήφθη
785 1053 799 1108 ή
809 1053 893 1108 άπαθής
904 1056 940 1109 μέν

154 1126 191 1163 τοῦ
204 1124 315 1172 κτίζοντος,
336 1125 407 1173 τελεία,
427 1123 461 1164 καὶ
476 1124 523 1163 οίαν
535 1121 643 1175 ἠβούλετο,
663 1122 697 1163 καί
709 1118 724 1175 ή
736 1124 798 1177 παγία
811 1126 847 1164 τοῦ
858 1124 940 1177 κτίσμα·

154 1206 198 1241 τος,
215 1187 268 1232 ούτω
284 1190 319 1232 καὶ
333 1191 367 1233 ἐπὶ
379 1194 417 1233 τοῦ
428 1188 505 1246 πατρὸς
519 1190 553 1233 καί
563 1191 622 1241 υίοῦ,
643 1190 793 1245 ἐκβεβλημένων
803 1194 843 1233 τῶν
854 1204 940 1246 σωματι·

154 1263 197 1304 κῶν
214 1258 305 1315 πάντων,
320 1259 500 1319 παραληφθήσεται
515 1257 568 1317 μόνη
585 1257 600 1318 ή
613 1256 686 1317 ύμοίου
701 1261 737 1305 καί
749 1257 792 1305 κατ’
804 1260 876 1307 ούσίαν
887 1259 940 1316 ζύου

154 1335 296 1390 γενεσιουργία.
324 1330 405 1387 Ἐπειιλή
417 1336 457 1383 πῶς
467 1331 533 1388 πατήρ
544 1330 616 1387 ύμοίας
628 1329 698 1383 οὐσίας
708 1329 771 1376 αύτοῦ
782 1338 856 1376 νοεῖται
867 1332 940 1390 πατήρ,

154 1403 184 1445 Ei
193 1402 214 1445 δὲ
226 1401 274 1456 μετά
284 1406 324 1444 τῶν
335 1407 411 1445 λοιπῶν
422 1399 516 1445 άπάντων
527 1403 549 1446 ἐκ
559 1418 579 1445 τε
589 1406 625 1444 τοῦ
634 1400 710 1457 πατρίς
719 1402 754 1445 καί
764 1403 812 1445 υίοῦ
821 1406 941 1456 σωματικῶν

155 1467 260 1524 ὀνομάτων
282 1472 429 1525 ἐκβαλλομένων
449 1472 532 1513 ἐννοιῶν
552 1468 704 1524 σννεκβάλλοιτο
722 1471 757 1512 καί
772 1467 785 1524 ή
802 1468 880 1524 3ύμοία
899 1468 941 1513 κατ’

154 1536 224 1580 ούσίαν
240 1537 292 1589 ζαέου
307 1537 383 1594 πατρύς
395 1539 510 1591 παρέχουσα
525 1536 574 1591 ήμῖν
590 1544 658 1586 νοεῖν,
678 1536 745 1579 ούκέτι
757 1539 811 1580 ἐσται
828 1536 894 1591 πατήρ
905 1540 941 1580 καὶ

154 1603 200 1654 υίύς
212 1604 366 1658 πιστευόμενος,
385 1603 433 1646 άλλά
449 1603 529 1658 κτιστής
543 1605 578 1646 καί
592 1607 674 1657 κτίσμα,
695 1605 730 1646 καί
746 1602 827 1658 περιττά
843 1602 940 1658 ύνύμοιτα,

155 1672 218 1727 μηθέν
235 1671 282 1729 παρ’
300 1673 377 1716 ἑαυτῶν
393 1672 534 1730 εἷςφερύμενα,
555 1673 590 1715 καί
606 1674 661 1716 ἐσται
679 1670 893 1729 ούτωςκτιστήςμέν,
913 1671 941 1726 νίς

154 1741 212 1796 θεάς,
228 1741 270 1787 κατ’
283 1742 361 1788 4ούέὲν
373 1742 423 1795 ὅλως
432 1742 504 1801 πατήρ.
527 1741 623 1802 ’Ότι-,γάρ
635 1740 673 1788 ούκ
684 1744 780 1803 ἐνεργείας
789 1744 865 1802 λέγεται
875 1742 940 1804 πατήρ

155 1813 167 1859 ύ
182 1812 258 1870 πατήρ,
278 1812 317 1859 ἄλλ’
333 1813 404 1870 ὁμοίας
417 1816 481 1873 ἐαυτῷ
497 1812 568 1865 ούσίας
584 1820 619 1869 τῆς
636 1813 687 1858 κατά
700 1813 736 1869 τήν
751 1814 830 1858 τοιάνδε
843 1816 941 1873 ἐνέργειαν

153 1882 277 1938 ύποστάσηςκ
299 1887 359 1938 δῆλον
376 1886 398 1927 ἐκ
412 1889 451 1927 τῶν
467 1888 577 1936 5φυσικῶν
593 1884 706 1937 καθέστηκε
720 1889 827 1940 λογισμῶν.
858 1883 941 1935 Πολλοῖς

154 1951 192 2010 γάρ
204 1954 302 2008 ἐνεργείας
317 1955 366 2007 ἔχων
381 1951 463 2004 ύθεὸς,
484 1951 531 2011 άλλη
544 1953 579 2005 μὲν
590 1954 679 2010 ἐνεργείᾳ
690 1951 771 2006 κτιστής
779 1959 864 2004 νοεῖται,
884 1953 939 1997 καθά

155 2020 255 2076 ούρανοῦ,
275 2022 309 2063 καὶ
321 2026 370 2075 γῆς,
390 2022 424 2063 καί
438 2020 520 2063 πάντων
529 2025 569 2061 τοῖν
581 2021 603 2062 ἐν
616 2018 706 2072 τούτοις,
722 2019 769 2062 άλλά
782 2021 815 2062 καὶ
827 2025 867 2063 τῶν
878 2020 941 2074 άορά-

154 2106 194 2130 των
209 2087 289 2141 κτιστής
304 2089 355 2137 ἐστι,
376 2086 442 2141 πατήρ
455 2087 477 2128 δέ
493 2092 613 2140 μονογενοῦς
623 2087 652 2129 α’ίν
661 2085 697 2140 ούχ
709 2085 737 2136 ῶς
748 2085 839 2139 κτιστής,
862 2086 902 2128 άλλ’
913 2086 941 2137 τίς

153 2153 219 2210 πατήρ
230 2154 326 2210 γεννήσας
336 2159 416 2197 νοεῖται.
436 2155 465 2195 Εί
476 2153 497 2196 δέ
509 2151 543 2195 διά
552 2150 589 2207 τήν
600 2150 700 2197 ὑπόνοιαν
711 2152 748 2209 τήν
759 2154 805 2210 περὶ
816 2152 864 2205 τούς
875 2167 941 2209 σωμα-

152 2223 222 2276 τικούς
240 2224 327 2282 πατέρας
338 2239 359 2267 τε
370 2223 404 2267 καὶ
415 2221 484 2275 υίούς,
504 2225 544 2266 τῶν
556 2226 631 2266 παθῶν
643 2221 714 2275 δεδιώς
725 2220 752 2280 μή
765 2241 785 2267 τι
795 2220 855 2285 πάθη
867 2229 941 2283 γεννῶν

156 2293 168 2340 ὁ
181 2295 298 2352 άσῶματος,
319 2292 375 2350 εἰμὴ
387 2294 451 2345 άτελές
460 2296 490 2350 είη
502 2291 523 2338 τά
534 2293 666 2350 γεννύμενον,
683 2296 716 2339 καὶ
728 2294 766 2339 ύσα
778 2297 883 2351 συμβαίνει
895 2298 941 2354 περὶ

155 2364 191 2408 τάν
208 2363 321 2418 σωματικὸν
337 2367 415 2419 πατέρα
425 2381 446 2407 τε
457 2366 491 2408 καὶ
507 2362 552 2408 υίὸν
562 2362 719 2420 εὐλαβούμενος,
740 2362 834 2416 άφέλοττο
849 2364 885 2421 τήν
895 2385 942 2424 γνη-

155 2437 200 2477 σίαν
217 2436 250 2478 ἐπὶ
266 2433 341 2489 πατρὸς
357 2435 391 2477 καί
406 2436 453 2477 υίοῦ
469 2435 559 2486 ἐννοιαν,
581 2432 653 2478 ύποῖον
669 2432 695 2478 άν
710 2434 763 2489 λέγοι
775 2434 843 2488 ἕτερον
856 2438 940 2490 ποίημα,

68 2522 104 2551 νῦν·
112 2514 143 2543 85⁰·
154 2505 190 2547 καὶ
205 2502 300 2545 οάθέποτε
317 2504 359 2558 ἐρεῖ
374 2501 410 2545 τίν
427 2501 473 2545 υίύν
495 2500 547 2544 υἱόν.
582 2504 632 2545 Είτε
646 2501 684 2559 γάρ
699 2502 779 2558 μεγέθει
793 2500 942 2559 ὑπερβάλλοντα

179 2639 205 2672 11.
218 2638 248 2673 καὶ
262 2641 321 2672 excidit
331 2641 352 2671 ab
367 2641 391 2671 ed.
403 2642 466 2672 Ρτιουίι
482 2641 536 2672 Coton.
584 2638 624 2670 (ίαν.
634 2638 662 2670 W.
675 2656 696 2663 -
721 2638 735 2670 1.
749 2639 853 2671 Scribendum
862 2643 902 2679 μνλο
913 2638 942 2674 ἐπὶ

154 2688 202 2725 repet.
560 2681 585 2727 τῷ
598 2677 649 2716 οὕτω.
673 2684 691 2716 ln
706 2684 740 2716 cod.
757 2684 824 2724 Ιθιιιλίμ
841 2687 863 2716 est
880 2681 940 2719 τούτου

179 2731 206 2764 12.
219 2726 311 2775 λαμβάνειν
324 2724 402 2774 εύσεβῶς
411 2731 446 2763 cod.
460 2730 525 2770 Βασιλίς.
559 2738 589 2769 μιν
600 2726 660 2774 τούτῳ.

179 2775 206 2812 ίξλ,
219 2777 291 2811 ίλιεοκλίνο
303 2777 344 2812 δεῖν.
368 2776 420 2818 Quum
432 2780 538 2811 τικτττινινοκι
583 2775 599 2808 2.
614 2772 649 2823 ἔχει
663 2775 729 2824 reposui
741 2786 761 2811 εν
773 2777 808 2811 τού.
820 2777 886 2822 Ηίιιιίῖμ.
898 2776 942 2826 ἔχειν

154 2827 234 2868 ,εἰμκίμναλ
241 2827 289 2858 estam
297 2826 347 2858 versio
353 2827 427 2858 Οοιιιονίῐ
434 2836 538 2871 consequens
560 2824 616 2866 reliqui
627 2826 669 2858 libri.

156 2880 201 2904 esta
214 2871 265 2916 μκινίο
277 2879 295 2904 et
309 2870 337 2903 filii
353 2872 447 2905 nominibus
459 2871 539 2917 quando·
584 2871 600 2903 ὃ.
613 2872 734 2905 λλκεονὶθτνιλιινι
745 2875 784 2912 μνία
796 2866 858 2915 ύμοιον.

157 2918 224 2961 quidem
234 2917 306 2950 maxime
314 2918 331 2950 in
342 2925 408 2962 patrem
416 2926 434 2951 et
444 2918 496 2950 filiurn
503 2929 539 2950 cre·
584 2913 600 2948 '4-
610 2919 724 2958 Corriyeudum
734 2919 805 2959 suspicor
814 2914 853 2952 κατ’
862 2914 911 2954 ούδὲκ
922 2916 942 2955 δὲ

158 2963 198 2995 dere
209 2963 265 2996 edocn'
276 2976 342 2998 sumus.
357 2975 406 2995 unam
417 2963 500 3008 quandam
512 2963 538 2995 in·
562 2957 608 3001 ὅλως
619 2961 682 3006 πατήρ.

158 3008 269 3052 telligentiam
282 3021 313 3042 nos
324 3009 353 3054 pie
365 3009 442 3053 accipere
453 3016 538 3054 oportere.
584 3009 601 3041 ὁ.
613 3009 685 3053 λογικῶν
698 3010 732 3042 cod.
745 3009 811 3050 Ηίιιάἰμ.
