1988 3392
260 233 354 267 canaan
365 233 409 266 cra.
417 233 446 267 ur.
454 232 514 266 ⁴roru.
523 234 544 267 u.
554 231 623 265 naen.
634 230 724 264 Lxxvn.
845 220 888 263 357

103 314 137 356 bet
148 311 277 355 manducaret
291 328 315 355 ac
330 312 418 365 biberet,
440 327 477 355 nee
489 327 528 355 non
540 313 671 369 fatigaretur,
692 325 715 352 ac
725 316 850 361 moreretur,
866 310 888 351 in

103 381 157 424 nullo
170 387 236 422 tamen
250 382 333 423 verbum
345 382 408 438 ipsum
423 382 545 434 comedisse,
567 381 682 431 laborasse,
705 387 789 421 mortem
802 378 887 433 denique

102 448 186 493 subiisse
204 449 286 502 dicitur,
309 450 347 492 nisi
362 450 382 491 in
398 464 423 491 eo
435 450 478 492 solo
494 464 552 505 quem
561 448 628 491 Maria
640 448 699 504 virgo
709 447 797 505 peperit?
827 446 886 502 Quae

102 518 154 560 enirn
172 531 244 574 corpus
258 519 322 574 ipsum
339 532 455 575 perpessum
472 524 513 569 est,
534 518 583 559 bace
599 517 627 559 illi
638 517 721 574 perinde
737 530 761 557 ae
776 516 792 557 si
806 530 885 571 passum

101 591 153 628 esset
171 584 300 628 tribuuntur,
322 584 387 629 Porro
407 602 450 628 cum
467 587 491 628 de
508 586 581 628 ceteris
598 600 658 628 unum
669 585 716 628 illud
729 584 799 626 iactari
811 584 883 635 soleat,

100 653 206 711 productos
222 654 266 696 illos
283 668 307 696 ac
323 655 402 711 genitos
419 656 494 708 luisse,
515 656 539 697 dc
551 655 595 696 solo
607 653 686 696 Mariae
699 654 739 695 lilio
752 652 836 705 dicitur,
857 655 886 693 Et

100 724 176 764 uerbum
192 737 238 763 caro
246 726 324 778 facttum
339 733 374 765 est

156 789 190 833 Ex
207 791 277 847 quibus
293 792 396 834 evidenter
411 793 533 844 ostenditur,
558 806 601 834 cum
617 792 638 832 in
655 791 743 846 reliquos
760 789 883 831 vaticinandi
912 793 953 837 Gap.

99 860 162 902 solum
178 860 242 915 gratia
254 875 300 903 sese
311 862 342 902 dei
353 861 435 902 verbum
447 862 554 913 inluderit,
577 860 704 915 idemipsum
721 856 810 900 elliaria
822 872 882 899 carne
911 840 945 873 xli
946 841 960 874 Ι·

98 935 191 984 suscepta
206 928 304 971 bominem
320 929 425 986 prodiisse.
457 927 496 983 Qui
509 937 529 970 et
544 936 614 970 natura
627 927 776 982 substantiaque
792 927 823 968 dei
836 940 883 968 ver-

98 998 143 1038 bum
155 1005 210 1048 erat,
227 1003 259 1049 et,
276 998 327 1052 quod
341 999 365 1039 ad
376 1012 455 1039 carnem
468 998 551 1050 attinet,
573 1011 584 1037 e
597 995 679 1038 Davidis
691 996 753 1050 stirpe
763 994 883 1049 Mariaeqne

98 1078 159 1107 carne
169 1072 227 1107 natus
239 1072 270 1107 est
281 1065 351 1118 bomo,
369 1066 531 1121 quemadmodum
548 1064 636 1107 declarat
651 1065 761 1120 apostolus.
792 1062 883 1105 Huncin

36 1123 38 1125 ¹
100 1132 194 1186 iordane,
219 1141 277 1188 atquc
293 1134 314 1175 iu
333 1142 400 1176 monite
416 1142 473 1190 pater
489 1134 633 1176 demonstravit
651 1133 681 1174 bis
699 1132 780 1185 verbis,
802 1135 839 1172 Hie
853 1140 883 1173 est
900 1123 960 1195 Ἧζῖῖξ·

95 1204 150 1255 filius
168 1217 220 1242 meus
235 1204 328 1251 dilectus,
349 1206 369 1243 in
382 1217 418 1256 qno
434 1206 483 1243 milti
494 1205 606 1256 complacui.
638 1200 697 1242 Hunc
709 1199 782 1242 Ariani
797 1207 879 1255 negant,

96 1284 133 1311 nos
146 1269 252 1312 adorantes
266 1271 400 1326 agnoscimus.
431 1270 504 1326 Neque
522 1270 580 1312 lilium
597 1284 608 1310 a
621 1269 683 1312 uerbo
697 1282 823 1325 separamus,
845 1269 881 1310 sed

96 1337 178 1380 verbum
196 1338 258 1393 ipsum
276 1338 336 1380 lilium
352 1352 397 1380 esse
413 1340 530 1380 conlitemnr
546 1352 582 1395 per
598 1352 656 1394 quem
673 1338 739 1379 omnia
755 1338 808 1378 facta
824 1344 879 1389 sunt,
911 1357 913 1360 ·

96 1419 173 1461 nosque
188 1407 238 1448 adeo
254 1407 291 1463 ipsi
307 1406 393 1448 liberati.
424 1405 482 1450 Unde
496 1407 544 1448 illud
561 1419 681 1462 magnopere
699 1405 788 1447 demirari
802 1418 879 1457 sumus,

96 1475 195 1530 quomodo
208 1474 240 1517 vel
252 1475 352 1518 levissima
363 1476 416 1517 inter
429 1490 466 1517 nos
478 1489 502 1517 ea
514 1476 537 1517 de
549 1489 571 1517 re
584 1475 722 1517 controversia
736 1474 812 1515 moveri
823 1479 880 1529 potu-

96 1542 141 1584 erit.
172 1541 248 1586 Verum
266 1543 368 1586 lrabendae
387 1544 424 1585 deo
440 1544 516 1600 gratiae
530 1553 576 1586 snut
591 1544 642 1599 qnod
655 1550 748 1599 quantum
762 1542 880 1584 exitiorum

95 1612 283 1654 commentariorum
301 1613 386 1655 lectione
403 1613 500 1655 moeroris
512 1613 610 1668 cepimus,
634 1620 709 1654 tantum
728 1610 785 1653 nobis
800 1625 880 1652 eorum·

95 1680 139 1721 dem
149 1680 193 1722 linis
202 1681 308 1737 voluptatis
319 1682 414 1724 attulerit.
442 1680 544 1737 Siquidem
554 1689 621 1723 mutua
632 1696 675 1723 cum
686 1680 793 1723 concordia
804 1680 879 1722 disces-

94 1755 176 1800 serunt,
194 1750 315 1805 caridemque
325 1752 370 1791 lrdei
381 1751 515 1792 sinceritatem
526 1765 550 1792 ac
561 1751 653 1806 pictatem
665 1750 750 1805 professi
765 1764 832 1804 pacem
846 1765 879 1791 re·

93 1815 204 1858 tinuerunt.
236 1815 293 1872 Quae
309 1831 340 1859 mc
351 1832 384 1860 res
398 1814 520 1874 potissimum
532 1825 577 1875 post
589 1818 701 1860 diuturnam
714 1818 878 1860 deliberationem

93 1885 169 1941 impulit
186 1893 207 1928 ut
223 1885 271 1929 baec
289 1901 352 1943 pauca
370 1888 523 1944 perscriberem.
555 1886 647 1929 Verebar
663 1887 715 1929 enim
730 1902 754 1929 ne
770 1888 802 1943 qni
820 1887 877 1930 nobis

92 1954 190 2009 gaudendi
210 1955 312 1997 materiam
331 1956 464 1998 consensione
479 1970 515 1997 sua
533 1956 672 2013 praebuissent
686 1956 711 1997 iis
726 1956 825 1998 silentium
842 1971 878 1997 no-

93 2029 155 2064 strum
171 2038 206 2080 pro
221 2024 295 2066 laetitia
315 2025 403 2066 dolorem
425 2025 568 2067 conscisceret.
606 2024 740 2080 Quamobrem
761 2040 805 2066 cum
825 2040 836 2067 a
856 2032 877 2067 te

93 2090 152 2132 etiam
164 2099 222 2148 atque
233 2093 291 2134 etiam
304 2094 393 2149 postulo,
416 2100 456 2135 tum
472 2107 507 2135 cos
519 2094 551 2150 qui
563 2093 611 2135 baec
623 2093 703 2135 audient
713 2100 795 2148 rogatos
809 2094 877 2134 admo-

93 2160 137 2201 dum
149 2162 206 2217 cupio
218 2169 239 2203 ut
253 2177 275 2204 ea
287 2162 365 2204 sim-em
377 2178 420 2203 cum
433 2163 556 2204 conscientia
570 2163 692 2219 percipiant,
709 2177 743 2213 ac,
764 2163 781 2203 si
795 2162 841 2218 quid
852 2163 877 2204 ad

92 2228 185 2284 pictatem
199 2230 267 2282 deest,
289 2231 395 2272 emendare
409 2245 432 2272 ac
445 2231 557 2287 significare
570 2231 616 2273 mibi
629 2246 654 2273 ue
668 2237 784 2286 graventur.
816 2229 876 2284 Qiiod

92 2297 109 2338 si
120 2297 185 2339 mitius
201 2313 237 2354 pro
247 2299 276 2340 rei
292 2299 388 2354 dignitate
406 2302 504 2355 perlecta,
526 2307 594 2356 utpote
605 2301 659 2343 rudis
671 2308 730 2357 atque
741 2299 827 2356 imperiti
839 2299 876 2340 bo·

92 2364 150 2407 mtms
161 2367 254 2409 videatur
265 2368 337 2419 oratio,
354 2368 437 2425 idipsum
449 2369 545 2411 inlantiac
555 2368 723 2426 imbecillitatiquc
735 2375 816 2411 nostrae
827 2382 876 2410 con-

91 2434 202 2478 donandum
218 2436 340 2479 existiment.
371 2436 451 2479 Valete.

290 2528 412 2563 HACTENUS
424 2529 548 2564 ATHANASII
559 2529 674 2563 EPISTOLA.

148 2638 198 2685 Cum
210 2643 271 2699 igitur
282 2643 421 2686 baecauobis
433 2645 528 2702 producta
538 2646 564 2687 sit
577 2644 673 2703 epistola
690 2659 714 2686 ac
725 2659 765 2686 nou
776 2643 835 2686 modo
846 2658 873 2687 cx
920 2670 949 2681 ι·

114 2756 141 2790 ll.
154 2749 188 2800 ἆρα
199 2759 245 2791 codd.
257 2769 294 2792 mss.
494 2752 534 2800 τοὺς
550 2757 593 2814 μετὰ
608 2760 638 2794 σοῦ
655 2756 746 2814 ἀδελφούς.
769 2757 796 2794 Σὲ
812 2758 828 2792 οἱ
843 2756 874 2794 edu

115 2802 142 2835 12
153 2803 208 2838 ταῦτα
220 2802 240 2839 ἐκ
251 2804 314 2847 τῆςΒ.
494 2803 536 2862 ημῖν
549 2804 610 2845 πάντες
624 2803 787 2860 προςαγορεύουσιν.
806 2801 874 2849 Ερρω-

114 2847 140 2880 13.
153 2850 203 2882 verua
214 2847 235 2884 ἐκ
250 2851 283 2894 τῆς
299 2852 422 2884 atsuutemd.
432 2862 469 2886 mss
493 2851 549 2907 μένως
563 2850 579 2886 ἐν
591 2851 645 2896 κυρίῳ
659 2849 735 2896 decipere,
753 2849 832 2895 α’γάπητε
843 2850 874 2886 καὶ

91 2897 106 2926 et
116 2895 153 2926 edit.
165 2898 216 2936 princ.
492 2894 564 2943 cilqbaie
576 2884 690 2932 notititiam
702 2900 720 2931 B.

115 2937 141 2971 ll
153 2939 183 2982 μέν
192 2953 209 2976 τι
218 2939 290 2985 προςΒ
301 2943 351 2976 Recte
363 2945 381 2977 ln
397 2945 469 2986 Eptpno-
516 2945 543 2980 17.
559 2945 592 2977 Hoc
604 2939 720 2987 '‘'Eopmobe
714 2955 731 2977 nr
745 2947 811 2985 utroque
826 2943 872 2977 codd.

90 2986 114 3018 nii
125 2986 169 3017 libris
171 2990 248 3042 uutqq
242 2991 309 3021 anasum
320 2993 356 3029 post
367 2990 423 3024 τοῦτο.
492 3000 529 3023 mss.
539 2992 587 3023 rubro
604 2991 687 3031 adpictum
698 2993 730 3031 est,
746 2991 811 3031 perinde
826 2992 873 3029 utque

114 3031 140 3064 lb.
153 3030 176 3085 μή
189 3030 227 3067 κατ’
239 3029 296 3075 eidi&
454 3043 456 3046 ·
491 3033 660 3082 ittudHenlq'poiret
671 3014 776 3078 subscriptum
790 3037 832 3079 quod
848 3044 872 3068 se

113 3074 139 3112 16
152 3073 238 3126 ἇσὲενείᾳ
268 3078 389 3129 Προςαγόρευε
405 3079 469 3125 πάντας
492 3085 549 3125 quitur
