1988 3392
212 228 304 264 armatur
316 229 358 263 nra.
369 230 397 264 nr.
408 229 463 265 rom.
473 230 487 263 r.
499 228 566 263 asan.
577 228 660 262 nxxrv.
789 218 829 260 143

44 318 132 352 creatum
144 323 190 352 esse
202 310 234 352 dei
245 310 317 361 lilium,
341 324 364 350 ac
376 318 464 351 creatum
474 304 565 365 spiritum
578 316 681 360 sanctum,
704 321 727 348 ac
739 306 770 347 dei
783 306 830 347 suh-

44 378 116 419 stantia
135 377 220 418 alienum
240 377 318 433 publice
337 377 452 431 praedicare
473 392 514 418 non
534 376 631 417 dubitent.
667 373 721 416 Nam
738 374 789 428 quod
805 374 830 415 ad

30 443 159 486 ‘Eudoxium
170 445 249 495 attinet,
265 457 277 484 a
287 458 325 499 qun
335 451 423 498 tempore
435 442 535 499 Georgius
547 442 683 484 Alexandriae
694 441 830 497 turpissimum

44 512 97 554 vitae
109 512 184 555 exitum
196 511 280 554 sortitus
292 519 335 562 est,
351 525 395 553 cum
406 511 513 568 principem
526 511 583 553 l'acile
595 511 660 553 locum
674 507 773 561 obtinuit,
789 515 830 551 tum

44 582 95 640 apud
110 595 146 623 ecs
160 594 223 637 penes
237 595 287 637 quos
303 594 399 623 summum
416 580 519 638 imperium
534 586 576 634 est,
597 578 663 637 gratia
679 585 699 621 et
712 578 832 621 anctoritate

45 651 120 695 floruit.
150 649 257 694 Eudoxias
274 651 336 709 igitur
353 667 380 694 ex
395 651 477 710 llypatii
493 659 513 694 et
529 649 623 694 Eunomii
638 664 713 708 grege,
735 657 757 692 nt
774 664 797 693 se
807 651 831 693 ad

45 729 123 779 tempus
140 722 287 775 accommodet,
310 723 413 765 convietus
429 721 547 778 praesertim
562 736 586 764 ae
604 720 751 777 reprehensus,
774 720 831 762 Ano·

46 800 149 833 moeorum
159 791 252 846 dogmata
264 790 399 844 nihilominus,
416 791 451 833 sed
460 790 537 832 occulte
548 805 571 832 ao
582 790 730 833 dissimulanter
740 789 830 832 retinuit.

46 859 100 902 Tum
112 873 162 915 quos
173 859 199 900 ob
213 859 329 902 altissimam
342 860 394 901 illam
407 859 514 914 impietatis
526 859 642 914 voraginem
658 859 764 914 aliquando
779 859 832 901 rele-

45 934 154 982 gaverant,
177 927 201 968 ad
217 927 325 982 potentiam
340 928 422 979 evexit,
443 925 583 981 Demophilum
598 927 689 981 inquam,
712 926 829 982 Hypatium,

46 993 166 1035 Eunomium
178 993 231 1035 illins
242 993 297 1034 Aelii
308 994 428 1049 discipulos,
445 993 478 1048 qui
489 1006 501 1033 a
513 991 603 1047 Georgio
614 992 753 1033 Alexandrino
765 994 832 1035 diaco·

46 1075 84 1103 nus
101 1060 204 1103 ordinatus
218 1061 238 1102 in
251 1058 321 1102 Tauro
337 1060 447 1102 subiectam
461 1059 563 1115 regionem
577 1060 692 1116 deportatus
707 1068 748 1112 est,
770 1074 831 1116 aquo

46 1129 197 1173 Anomoeorum
210 1128 267 1185 origo
280 1129 382 1182 manavit,
405 1129 455 1171 adeo
471 1135 493 1170 nt
508 1141 547 1170 una
563 1128 641 1184 quidem
656 1142 679 1170 ao
696 1127 793 1186 singulari
805 1142 832 1172 ex

48 1198 128 1255 radice,
150 1200 252 1259 spinarum
269 1199 344 1253 instar,
365 1199 460 1243 haereses
477 1198 522 1242 illae
537 1213 607 1242 omnes
622 1198 773 1255 fruticaverint,
797 1200 833 1244 sed

46 1271 110 1314 variis
122 1278 188 1313 tamen
202 1271 277 1324 modis,
300 1278 321 1313 ut
333 1271 353 1312 in
366 1271 467 1327 spinarum
481 1270 540 1312 ramis
551 1284 574 1311 ac
585 1270 682 1323 surculis,
705 1271 784 1313 illorum
796 1271 833 1313 im·

48 1341 138 1397 probitas
147 1339 192 1382 aliis
204 1340 244 1381 alio
253 1346 343 1396 tempore
355 1340 443 1381 nefariae
454 1338 544 1381 haeresis
555 1338 675 1396 excogitatis
684 1340 833 1395 interpretatio-

48 1409 117 1462 nibus,
138 1415 158 1450 et
169 1409 190 1450 in
203 1408 291 1450 deterius
305 1409 429 1465 progressis,
447 1408 536 1450 suumin
548 1407 616 1449 orbem
629 1416 727 1450 terrarum
738 1408 831 1461 exitium,

48 1490 71 1518 ac
84 1477 140 1518 virus
156 1476 259 1528 effuderit,
281 1477 445 1531 quemadmodum
463 1477 487 1517 de
503 1476 540 1517 lrac
554 1475 597 1531 ipsa
612 1477 762 1518 Auomoeorum
778 1484 833 1518 secta

47 1545 119 1585 iterum
130 1550 200 1598 postea
212 1543 308 1585 dicemus.
339 1542 400 1585 Nunc
410 1551 475 1585 autem
486 1544 522 1594 iis,
544 1557 594 1597 qnae
608 1551 655 1585 sunt
664 1543 759 1585 hacteuus
771 1544 831 1595 dicta,

48 1610 149 1660 contenti,
169 1624 212 1651 curn
227 1610 284 1651 velut
297 1610 404 1652 immanem
416 1611 513 1665 quendam
526 1617 639 1665 serpentem
651 1610 798 1652 extinxerimns
810 1624 833 1652 ao

48 1677 231 1735 profligaverimns,
255 1676 307 1719 hunc
323 1691 360 1719 nos
378 1677 512 1733 proculcatum
531 1683 669 1733 mortuumque
688 1677 832 1733 relinquamus,

48 1752 68 1788 et
78 1746 103 1788 ad
117 1744 157 1788 alia
172 1744 265 1788 conversi
279 1752 358 1788 ceteras
372 1745 513 1803 aggrediamur
526 1745 633 1800 haereses,
654 1745 687 1788 dei
701 1760 738 1805 ope
749 1746 833 1804 primum

49 1817 136 1861 omnium
147 1816 252 1870 advocata,
269 1823 291 1860 ut
300 1823 414 1875 susceptum
423 1831 473 1875 opus
484 1817 508 1861 ad
519 1817 595 1862 exitum
605 1817 715 1877 perducere
724 1817 832 1877 possimus.

153 1980 313 2031 CONTRA
336 1981 731 2043 PuuduarcttacHOS,

187 2077 243 2124 quae
261 2066 297 2110 est
314 2061 414 2110 haeresis
431 2060 503 2123 LIV,
520 2062 569 2111 sive
587 2061 696 2111 LXXIV.
769 2075 772 2081 ·

107 2161 140 2203 Ab
156 2160 187 2203 lris
204 2160 337 2204 Semiarianis
353 2170 373 2203 et
388 2163 413 2203 ab
430 2162 548 2204 orthodoxis
559 2170 669 2205 monstrum
682 2163 791 2218 quoddam,
812 2172 834 2206 ut
856 2169 918 2212 Gapt.

50 2229 78 2269 ita
91 2228 167 2279 dicam,
188 2228 301 2270 biformium
314 2229 414 2270 hominum
427 2243 451 2270 ac
468 2230 606 2270 semitemmm
619 2238 689 2271 eontra
705 2244 743 2272 nos
757 2231 835 2272 excita·

50 2302 91 2337 tum
105 2301 148 2346 est,
170 2295 280 2337 cuiusmodi
291 2293 417 2348 Centauros,
438 2303 473 2337 aut
483 2295 562 2348 Panas,
579 2304 614 2338 aut
625 2295 710 2339 Sirenas
723 2296 834 2339 fabularum

50 2363 108 2406 nobis
124 2363 211 2406 artifices
227 2364 339 2406 ediderunt.
370 2364 412 2406 Alii
424 2364 494 2422 qnippe
507 2366 531 2407 ah
545 2366 622 2408 Ariana
631 2365 735 2423 disciplina
750 2368 835 2423 proiecti

51 2436 112 2480 tilium
135 2449 174 2478 non
190 2433 301 2478 absolutam
312 2434 406 2479 videlieet
423 2442 536 2479 creaturam
552 2449 598 2480 esse
613 2436 721 2491 deliniunt,
742 2437 777 2480 sed
790 2437 834 2481 sine

52 2514 140 2566 tempore
157 2519 202 2548 esse
217 2505 314 2562 genitum.
346 2504 436 2563 Tempus
451 2515 517 2567 autem
535 2507 583 2550 illud
598 2508 619 2550 in
633 2522 670 2550 sna
684 2507 778 2565 opinione
794 2516 834 2551 sta-

51 2583 110 2619 tuunt
122 2575 173 2632 qnod
183 2590 195 2617 a
205 2575 262 2617 coelo
274 2575 353 2617 condito
366 2576 390 2617 ad
404 2576 520 2619 lrodiernmn
534 2591 596 2632 usque
607 2578 658 2620 diem
677 2578 761 2620 effluxit.
793 2576 834 2621 Sed

52 2645 140 2701 apriore
152 2645 185 2686 illa
197 2644 307 2695 sententia,
331 2658 388 2699 quam
400 2644 573 2697 Ariusevomuit,
594 2660 717 2703 nequaquam
729 2648 834 2700 recedunt,

52 2714 114 2757 fuisse
126 2712 217 2755 nimirum
229 2719 306 2768 tempus
317 2727 361 2754 eum
373 2714 459 2755 nondum
472 2721 526 2756 esset
537 2714 596 2756 filins.
627 2713 693 2757 Porro
703 2730 747 2758 oum
758 2723 835 2772 tempo·

52 2782 107 2824 ribus
123 2781 214 2823 omnibus
228 2781 348 2822 anteriorem
365 2780 419 2822 illum
431 2795 477 2822 esse
489 2782 572 2833 docent,
589 2798 692 2836 perquem
705 2787 767 2825 omaro
778 2786 929 2837 flecteremus

52 2857 108 2897 sunt,
131 2856 171 2889 tum
188 2849 212 2889 de
222 2848 293 2902 spiritu
304 2855 375 2888 sancto
387 2849 531 2891 contumeliose
544 2849 643 2903 garriunt.
673 2851 715 2892 Alii
727 2865 777 2892 vero
789 2867 833 2893 eum

53 2916 77 2957 de
89 2916 129 2956 lilio
145 2922 201 2956 recte
215 2922 235 2956 et
252 2927 279 2956 ex
289 2914 334 2955 fidei
346 2914 456 2956 catholicae
468 2916 591 2971 praescripto
603 2917 702 2969 sentiant,
719 2932 743 2959 ac
754 2931 835 2974 semper

54 3039 99 3065 ortos
112 3029 152 3074 (stc)
167 3030 223 3064 Petne.
252 3031 270 3063 la
286 3031 330 3063 titm's
344 3032 367 3063 est
381 3028 433 3074 τέρας
455 3030 515 3065 dicam.
543 3031 600 3065 Voeob.
612 3029 701 3078 sepriense
714 3035 728 3067 tt
742 3033 782 3067 otitt
796 3043 835 3069 usus

53 3076 93 3114 τισὶ.
118 3078 191 3112 comant
204 3079 255 3112 versio
269 3084 355 3119 monstra,
373 3083 392 3110 nt
407 3077 432 3112 ita
455 3082 486 3122 eet,
497 3081 521 3113 ott
531 3078 575 3113 ltorr.
583 3076 610 3123 19,
617 3078 633 3115 4.
644 3083 659 3114 et
668 3079 697 3123 36,
703 3080 717 3115 l.
