1988 3392
242 222 334 256 raanan
346 222 389 256 nro.
398 223 428 256 ur.
439 223 494 257 rou.
504 223 518 257 r.
529 222 597 256 unna.
606 220 664 255 Lxx.
824 211 852 252 27

69 302 205 360 episcoporum
223 302 255 357 qni
268 309 405 343 convenerant
419 302 567 358 subscriptione
581 302 745 351 confirmaretur,
766 298 816 340 adeo
831 306 853 340 ut

67 370 118 412 Ario
128 369 232 424 profligato
242 383 289 410 uera
300 369 391 411 omnibus
403 371 451 411 tides
459 368 484 411 'ae
497 370 576 411 sincera
591 368 750 424 praedicaretur:
767 367 851 408 alterum

69 437 104 479 luit
119 435 232 477 celebrandi
246 434 350 478 Pascbatis
365 437 389 478 ad
407 437 543 479 stabiliendam
557 443 646 478 nostrum
665 435 751 476 omnium
769 448 853 475 eoncor-

69 505 119 545 diam
131 504 236 545 emendata
252 504 311 544 ratio.
344 502 460 560 lampridem
477 505 542 557 cuim,
564 512 585 546 et
598 518 609 545 a
622 502 691 559 primis
703 516 765 556 nsque
778 510 854 557 tempo·

68 572 136 621 ribus,
158 571 226 612 variae
243 571 263 612 in
278 572 363 613 ecclesia
380 573 405 613 de
424 572 460 614 bac
472 573 598 615 solemnitate
614 570 765 613 coutroversiae
778 584 801 611 ac
814 569 854 611 dis-

68 639 173 682 scnsioues
184 639 306 690 extiterunt,
323 653 373 695 qarae
386 641 491 696 quotannis
505 641 566 682 risum
579 654 602 682 ac
615 639 720 681 ludibrium
732 638 851 679 afferebant.

68 706 121 749 Nam
138 706 171 747 alii
184 706 267 761 quadani
285 708 419 750 contentionis
434 710 505 750 ardore
522 717 568 750 ante
585 708 739 758 hebdomadem,
759 705 792 746 alii
808 713 854 761 prist

69 775 210 818 hebdomadem
222 774 311 828 inibant,
332 776 364 818 alii
377 777 541 830 antevertebaut,
563 777 595 820 alii
613 776 678 818 medio
696 785 798 832 tempore,
819 773 853 815 alii

69 852 170 902 postremo
186 845 316 901 peragebant.
347 844 387 897 Et,
408 854 430 888 ut
446 847 642 897 niiorerbodieam,
662 842 853 901 mirilicaquaedaui

70 921 112 956 erat
124 921 144 955 et
154 913 252 955 laboriosa
266 914 396 970 perturbatio.
427 914 472 956 Nec
483 915 530 957 illud
547 916 629 957 eriulitis
641 915 752 956 bominibus
763 914 853 969 ignotum

69 991 112 1034 est,
133 996 190 1038 quarn
207 995 267 1039 saepe
283 982 368 1025 diversis
378 984 500 1039 temporibus
512 984 536 1025 de
552 985 604 1025 illius
616 983 661 1024 l'esti
674 983 789 1024 celeluitate
803 981 853 1024 rarii

70 1050 219 1093 ecclesiastieae
239 1051 355 1106 discipliuae
381 1053 475 1094 tumultus
496 1066 520 1093 ae
541 1054 681 1094 contentiones
702 1052 784 1092 obortae
804 1051 852 1102 sint,

70 1119 187 1175 praesertim
199 1117 306 1175 Polycarpi
324 1134 347 1161 ac
365 1118 453 1174 Victoris
471 1127 549 1172 aetate,
571 1135 616 1161 erim
629 1117 745 1161 Orientales
760 1119 784 1159 ab
795 1116 855 1160 Occi-

70 1186 181 1228 dentalibns
198 1179 269 1228 diruisi
287 1188 377 1242 pacificas
397 1203 408 1228 a
425 1202 447 1229 se
464 1187 550 1229 inuicem
567 1188 636 1229 literas
653 1187 716 1228 unllas
731 1187 853 1242 acciperent.

70 1252 128 1308 Quod
148 1254 199 1294 ideni
219 1261 239 1294 et
255 1254 300 1295 aliis
319 1256 440 1310 temporibus
459 1256 542 1308 accidit3
566 1256 621 1298 rclut
635 1254 747 1296 Alexandri
766 1254 854 1310 episcopi

69 1321 215 1370 Alexandrini,
232 1328 252 1361 et
263 1319 384 1371 crescentii,
401 1324 564 1377 quemadmodum
576 1330 644 1363 eontra
654 1336 677 1362 se
689 1329 756 1363 mutuo
768 1322 855 1376 scripse-

70 1389 110 1430 rint
126 1396 146 1429 et
157 1388 254 1429 acerrime
270 1388 409 1444 pugnaverint.
441 1388 499 1443 Qtiae
509 1390 593 1444 ⁴[puden]
609 1390 719 1430 animorum
731 1389 855 1443 opinionum·

71 1470 108 1510 qne
125 1455 240 1506 distractio,
261 1470 288 1496 ex
302 1471 340 1510 quo
357 1457 419 1497 seriiel
436 1463 481 1511 post
493 1458 596 1512 episcopas
610 1457 654 1496 illos
666 1457 698 1510 qui
714 1470 740 1497 ex
753 1456 856 1496 circumci-

70 1524 128 1564 sione
139 1537 163 1564 ac
173 1521 291 1564 ludaeorum
302 1530 357 1564 secta
369 1525 392 1564 aa
404 1522 506 1566 Christum
518 1538 564 1566 sese
575 1530 717 1564 eorruerterant
728 1523 797 1577 agitari
810 1537 856 1563 coe-

70 1590 106 1645 pit,
123 1591 146 1631 ad
158 1598 227 1631 nostra
240 1604 303 1645 usque
315 1598 407 1647 tempora
416 1592 485 1633 eodem
497 1599 528 1633 est
537 1599 607 1633 tenore
619 1592 722 1646 perducta.
754 1590 856 1645 Quamob-

70 1671 113 1699 rem
129 1658 161 1714 qui
179 1665 218 1699 tum
234 1658 259 1699 ad
277 1657 389 1700 Nicaeuaiu
405 1661 502 1716 synodum
520 1660 610 1715 undique
622 1658 773 1709 confluxerant,
790 1672 812 1699 re
823 1672 856 1700 ac-

72 1733 139 1768 curate
156 1727 235 1783 cognita
254 1726 352 1768 coirimnni
371 1728 395 1769 ab
412 1728 503 1769 omnibns
520 1728 637 1780 concordia,
664 1734 723 1785 atque
741 1742 768 1769 ex
784 1727 858 1769 idonea

71 1803 181 1854 temporum
197 1798 344 1853 computatione
360 1803 380 1838 et
395 1797 482 1849 calculo,
499 1797 639 1839 celebrandurn
655 1811 700 1839 esse
715 1803 838 1845 statuerunt,

127 1865 215 1907 Andiani
227 1868 277 1907 vero
287 1866 310 1906 ad
321 1865 431 1907 institutum
440 1880 496 1908 suurn
508 1868 603 1922 qnaudam
615 1881 643 1908 ex
649 1866 791 1922 Apostolorum
802 1863 857 1907 Con-
870 1868 911 1912 cap.
919 1867 943 1900 X·

72 1935 175 1976 stitutione
187 1935 325 1976 anctoritatem
338 1936 496 1976 accommodant.
513 1933 554 1989 Qui
567 1935 617 1976 liber
630 1936 706 1976 tametsi
721 1935 791 1976 dubiae
807 1936 857 1990 apud

71 2003 177 2044 nonnullos
195 2003 239 2043 lidei
256 2003 294 2054 sit,
318 2017 356 2042 non
372 2011 402 2044 est
414 2011 479 2044 tamen
491 2004 640 2059 improbandus
670 2002 723 2045 Nam
735 2004 755 2044 iu
767 2018 791 2045 eo
806 2018 855 2058 quae

72 2072 96 2113 ad
115 2071 212 2112 ecelesiae
229 2070 352 2126 disciplinam
371 2071 456 2111 attinent
473 2072 539 2112 omnia
557 2072 763 2127 comprehenduntur,
793 2085 857 2126 neque

72 2140 175 2194 quicquain
187 2145 221 2179 ant
239 2141 259 2179 in
279 2138 315 2179 fide
328 2152 351 2178 ac
363 2139 461 2180 catholica
473 2139 599 2195 professione
614 2140 754 2194 depravatum,
777 2146 811 2180 ant
824 2153 857 2179 ec-

72 2208 145 2248 clesiae
158 2207 323 2249 administrationi
340 2221 363 2247 ac
380 2207 466 2248 decretis
476 2208 597 2248 contrarium
610 2208 720 2248 continent.
752 2205 793 2249 Sed
805 2208 857 2261 quod

72 2277 95 2315 ad
107 2276 171 2323 locum
182 2275 236 2315 illrnn
246 2275 329 2326 attinet,
351 2276 403 2315 unde
416 2289 471 2316 snam
481 2275 506 2315 de
518 2276 611 2330 paschate
624 2276 743 2316 sententiam
758 2275 858 2315 albrnrare

72 2349 181 2392 conantur,
204 2341 255 2382 laune
265 2341 293 2382 illi
307 2355 410 2396 perperam
421 2343 590 2397 interpretantur,
612 2343 668 2383 etad
681 2342 767 2383 alienum
777 2356 857 2383 sensum

73 2423 108 2462 per
124 2409 223 2449 inscitiam
243 2410 355 2450 traducunt.
386 2408 466 2449 Etenim
481 2410 565 2463 apostoli
581 2410 600 2449 in
614 2409 647 2449 illa
666 2406 815 2450 Constitutione
831 2410 859 2451 ita
885 2450 887 2454 ,

72 2475 179 2516 deliniunt:
201 2473 256 2525 Vos,
272 2476 375 2530 inquiunt,
392 2482 502 2530 temporum
513 2476 602 2516 rationes
614 2490 639 2516 ne
649 2476 765 2527 subducite,
786 2477 858 2517 sedeo

73 2548 162 2598 tempore
176 2542 276 2583 celebrate
293 2557 332 2597 quo
350 2543 422 2583 fratres
439 2541 501 2583 vestri
517 2543 549 2597 qui
565 2557 592 2584 ex
609 2543 761 2584 circumcisione
780 2543 859 2598 prodie-

73 2617 131 2662 runt,
153 2625 197 2652 euin
209 2609 234 2651 iis
243 2611 308 2665 itaque
319 2608 396 2651 Paseba
411 2611 508 2665 peragite.
538 2609 585 2652 Non
599 2611 734 2666 praecipiunt,
752 2610 798 2665 Quo
810 2619 859 2652 teni-

73 2692 121 2733 pore
139 2679 213 2719 lrat'res
229 2678 291 2719 vestri
307 2678 339 2732 qui
357 2678 376 2718 iu
388 2677 539 2719 circumcisione
555 2685 613 2730 sunt,
637 2680 671 2719 sed
684 2678 724 2733 Qui
737 2693 763 2719 ex
774 2679 859 2720 circnm-

73 2746 149 2803 cisione
162 2745 289 2802 prodieraut3
311 2753 331 2787 ut
343 2745 388 2787 illos
401 2747 454 2802 ipsos
466 2745 580 2799 declarent,
597 2746 630 2802 qni
643 2747 666 2788 ad
679 2747 785 2789 ecelesiam
797 2762 808 2789 a
820 2746 859 2789 eir-

74 2816 195 2859 cnnrcisione
209 2815 326 2857 transierint
337 2829 364 2857 ex
376 2829 400 2857 eo
409 2815 503 2872 aleiueeps
517 2822 606 2872 tempore
618 2817 679 2858 duces
690 2823 711 2858 et
722 2824 814 2859 auctores
830 2818 860 2860 ln-

74 2891 143 2938 turos‚
161 2892 220 2941 utque
233 2887 256 2927 ad
270 2885 353 2926 aliorum
367 2884 505 2926 auctoritatem
516 2886 648 2941 adiungerent
660 2900 718 2937 sese,
735 2900 760 2927 ne
773 2887 806 2927 alii
819 2887 859 2929 alio

73 2959 162 3011 ternpore
179 2955 290 2996 obeundum
309 2952 346 2994 sibi
361 2951 439 2995 Paselia
455 2954 568 2995 crederent.
601 2953 657 2996 llanc
674 2955 726 2996 euim
739 2969 818 2996 omnem
831 2956 860 2997 illi

74 3036 142 3065 cnrarn
153 3038 176 3065 ae
188 3023 309 3078 diligentiam
322 3022 442 3077 impendisse
453 3023 557 3075 videntur,
580 3030 599 3064 ut
610 3037 679 3080 pacem
695 3037 719 3065 ac
731 3025 859 3068 concordiam
