1988 3392
50 2583 97 2628 Κεφ.
104 2581 131 2619 ιε’.

60 2637 94 2665 pag.
103 2628 133 2658 862.

143 212 171 255 98
432 221 515 256 ειιιετι
526 220 643 256 mmmm

144 300 197 342 ἐστίν
214 299 289 342 ἑαυτοῦ
304 301 352 344 υἱοῦ
367 298 444 356 πατὴρ,
465 301 500 343 καὶ
511 297 524 343 ό
534 297 580 350 υἱός
595 297 666 355 ὅμοιός
680 300 721 343 ἐστι
735 304 772 343 τοῦ
784 299 861 358 πατρός
872 303 893 354 ἐξ
904 299 929 348 οὗ

144 365 220 425 πατρός
236 373 311 412 νοεῖται
330 368 386 422 υἱός,
408 371 468 410 τούτο
485 365 543 422 ημῶν
565 368 785 425 1προςδιοριζομένωα,
810 370 845 412 καὶ
865 369 929 423 οὕτως

146 436 305 493 2καθαιρόντων
315 436 350 481 τόν
363 442 421 488 νούν,
443 433 470 486 είς
481 434 533 492 πρός
542 434 589 486 τούς
600 438 721 490 Σαβελλίους
732 437 767 478 καί
779 435 827 487 τούς
838 438 929 502 λοιπούς,

143 503 174 548 ίίτι
185 503 232 548 ούτε
245 503 311 556 όυῖός
322 504 405 548 δύναται
415 501 465 547 εἶναι
476 503 549 561 πατὴρ,
565 503 611 547 οὔτε
622 502 635 547 ό
646 503 712 560 πατὴρ
722 503 805 547 δύναται
816 503 867 548 εἶναι
876 506 928 560 υἱός,

143 571 183 617 ἄλλ’
197 571 209 617 ό
219 573 264 625 υἱός
274 572 331 626 υἷάς,
345 574 380 615 καὶ
390 570 403 615 ό
413 570 479 629 πατὴρ
490 570 567 629 πατὴρ,
582 573 617 615 καὶ
628 571 664 628 ούγ
675 571 725 623 νίύς.
754 570 788 616 Ἐν
799 573 880 625 τούτοις
889 575 928 633 γάρ

144 643 197 687 ἔστιν
213 640 329 699 ἡάκρίβεια
338 645 374 696 της
388 644 428 684 τῶν
439 640 555 698 προςάπων
566 639 701 697 ἐπιγνώσεως,
721 645 750 700 τῷ
758 639 793 685 τόν
803 642 880 699 πατέρα
891 662 929 688 πα-

143 711 190 768 τέρα
201 709 233 754 άεὶ
243 710 291 755 όντα
301 708 390 766 άσαρκον
400 709 435 765 μὲν
443 707 494 753 εἶναι
503 710 539 752 καί
549 708 667 762 ἀθάνατον,
686 707 722 752 τόν
735 709 756 753 δὲ
768 708 814 754 υἱόν
824 709 871 754 υίόν
880 710 928 756 όντα
942 769 943 772 ¹

143 777 186 832 άεὶ,
205 780 240 822 καὶ
251 777 348 822 ον’δέποτε
358 776 407 822 όντα
418 779 494 836 πατέρα
507 775 547 835 (άεὶ
558 777 580 821 δὲ
594 776 707 834 3λεγόντοιν
717 776 752 821 διά
763 777 785 822 τό
796 776 883 836 δίχρονον
894 782 928 825 καὶ

143 847 283 903 ἀκατάληπτον
298 852 334 902 τῆς
344 845 479 900 ὑποστάσεως)
496 845 561 904 σάρκα
578 844 705 901 ἀνειληφέναι
720 846 771 890 κατά
784 847 880 904 βούλησιν
892 855 929 899 τού

143 914 230 973 πατρός,
245 916 281 959 καὶ
288 915 380 959 θάνατον
389 914 440 972 ύπὲρ
449 913 507 971 ἡμῶν
517 913 634 969 ὑποστῆναι.
667 914 750 958 Τούτων
760 918 929 974 διευκρινημένων

143 987 164 1028 οἱ
180 985 307 1040 θαυμαστοί,
327 986 348 1027 οἱ
361 989 386 1043 τῇ
407 985 481 1041 αίρέσει
500 988 658 1039 συμμαχοῦντες,
682 982 719 1026 δύο
737 984 929 1041 πραγματεύσασθαι

143 1054 278 1105 σπεύδουσιν,
291 1055 315 1095 έν
326 1052 373 1107 μὲν,
393 1050 415 1095 τό
428 1053 496 1107 μηκέτι
507 1054 570 1109 λέγειν
582 1052 658 1108 πατέρα
668 1052 704 1094 καὶ
716 1050 771 1106 υἷόν,
786 1051 834 1096 άλλά
846 1052 928 1110 όιγέννη-

143 1140 177 1166 τον
185 1124 220 1165 καὶ
233 1121 338 1180 γεννητόν,
353 1122 389 1164 καὶ
399 1119 434 1163 διά
444 1126 503 1164 τούτο
514 1113 605 1176 σόφισμα
615 1124 651 1174 τῆς
661 1120 755 1178 αἱρέσεως
767 1120 856 1177 οἰόμενοι
867 1124 928 1175 ἔπεις-

143 1190 198 1249 άγειν
214 1196 239 1250 τῇ
255 1192 354 1248 ἐκκλησία.
384 1192 481 1233 Συνίσασι
492 1187 531 1247 γάρ
546 1191 567 1232 οί
577 1190 639 1243 σοφοὶ
649 1187 674 1231 τά
686 1194 722 1232 τοῦ
734 1194 787 1234 θεοῦ
797 1189 861 1234 ὅτιτὸ
871 1188 928 1248 άγέν-

142 1277 203 1315 νητον
219 1261 299 1302 έλαττον
312 1256 364 1301 εἶναι
374 1262 410 1301 τοῦ
421 1256 498 1315 πατρός
510 1256 614 1312 ὀνόματος.
647 1256 674 1300 Τό
687 1255 725 1314 γάρ
737 1256 846 1315 άγέννητον
856 1259 888 1303 ότι
899 1258 928 1303 ‘¹⁰‘

143 1329 179 1383 μὲν
190 1325 228 1371 ούκ
239 1326 338 1384 έγεννηθη
349 1325 449 1380 νενόηται,
464 1325 546 1369 ούδέπω
557 1325 578 1368 δὲ
588 1327 606 1368 εί
615 1326 650 1368 καὶ
660 1325 727 1383 πατήρ
738 1327 779 1369 ἐστι
789 1330 889 1383 σημαίνει·
904 1327 927 1371 τό
946 1373 947 1376 ,

142 1397 164 1440 δέ
178 1395 245 1455 πατὴρ
261 1397 322 1440 πλέον
339 1396 380 1439 ἐστὶ
394 1400 431 1438 τού
447 1393 556 1452 άγεννήτον
572 1393 671 1450 ὀνόματος
686 1393 716 1438 όν.
749 1393 783 1438 Ἑν
795 1397 832 1452 μὲν
847 1395 885 1454 γάρ
900 1402 928 1457 τηῑ

142 1464 255 1526 άγεννητῳ,
277 1467 342 1522 φημὶ,
363 1463 402 1509 ούκ
420 1465 536 1520 ἐμφαίνεται
552 1461 566 1519 ἡ
580 1463 704 1519 τοῦπατρὸς
719 1462 814 1520 δύναμις,
834 1467 927 1527 ε’νδὲτῷ

141 1533 207 1592 πατὴρ
218 1535 302 1590 ὀνόματι
312 1533 365 1590 όμοῦ
374 1551 395 1577 τε
406 1537 498 1588 φαίνεται
505 1533 536 1577 ότι
545 1531 584 1577 ούκ
593 1534 647 1576 ἔστιν
655 1532 700 1584 υἱός
710 1531 722 1577 ό
731 1534 804 1591 πατηρ,
816 1538 854 1579 5εί
861 1553 882 1593 γε
893 1555 928 1580 κυ-

142 1608 191 1663 ρίως
203 1602 301 1648 νοεῖταιό
312 1601 389 1661 πατὴρ,
409 1604 443 1646 καὶ
458 1602 488 1647 ότι
502 1601 566 1653 αίτιός
578 1604 631 1646 ἔστιν
642 1600 715 1658 όμοίον
725 1604 799 1647 ἑαυτοῦ
812 1606 866 1649 υίού.
889 1604 928 1648 Ἓν

141 1675 178 1729 μὲν
188 1672 214 1729 δη
224 1678 289 1718 τοῦτο.
313 1673 398 1730 Ἕτερον
410 1672 432 1715 δέ
438 1706 444 1725 ,
464 1671 496 1716 ότι
507 1671 625 1727 φθάσαντες
639 1670 736 1728 άνόμοιον
746 1671 789 1716 κατ’
798 1672 869 1718 ούσίαν
879 1674 927 1732 γρά-

141 1755 181 1799 ψαι
197 1741 232 1787 τόν
247 1742 294 1787 υἱόν
309 1746 337 1802 τῷ
350 1742 422 1800 πατρὶ,
449 1739 572 1799 θοὶςπερούν
589 1741 684 1797 ἐνόμισαν
698 1746 876 1798 καταψηφίζεσθαι
889 1744 928 1800 τήν

142 1814 248 1868 ἐκκλησίαν
263 1811 289 1855 δι’
305 1807 333 1856 οἷν
353 1811 458 1868 ἔθηρασαν
478 1809 533 1868 παρά
552 1815 589 1854 τοῦ
608 1812 711 1866 αἰδεσίμον
730 1811 842 1856 ἐπισκόπου
856 1810 927 1857 Ὀσίου

142 1881 275 1940 γραμμάτων,
295 1883 317 1925 ἒν
327 1878 358 1930 οἷς
367 1882 448 1937 φέρεται
459 1877 481 1923 τό
493 1878 590 1935 άνόμοιον
601 1879 678 1923 οὐσίαν.
707 1878 788 1935 Ἐπειδὴ
799 1881 821 1924 δὲ
832 1879 926 1926 άνελθόν-

142 1968 174 2001 τες
184 1952 205 1993 οἱ
214 1952 281 2005 ἕκτης
291 1948 388 2004 άνατολῆς
397 1949 431 1992 ε’πί
440 1947 462 1992 τό
473 1951 559 2005 Σίρμιον
570 1949 742 2006 περισυνελέξαντο
752 1950 786 1992 καί
795 1952 928 2008 κακούργημα

142 2018 216 2064 τούτου
230 2023 266 2063 τού
282 2021 408 2076 αίρετισμού,
428 2019 462 2060 ἰ’να
480 2016 507 2073 μή
523 2016 613 2068 εύθύνας
627 2015 727 2073 ύπέγωσιν
743 2019 776 2062 ε’πί
790 2025 833 2070 τοῖς
847 2021 876 2071 είς
890 2019 927 2076 την

142 2087 263 2144 ἀνατολικὴν
276 2091 343 2138 πίστιν
357 2085 487 2143 τολμησασιν,
509 2085 637 2130 ἐσπούδασαν
650 2085 673 2130 τό
690 2092 726 2142 τῆς
743 2086 812 2139 ούσίας
829 2087 894 2144 ύνομα
905 2091 927 2133 ἐν

141 2158 210 2215 χρήσει
224 2155 317 2215 ύπάρχον
332 2163 375 2208 τοῖς
391 2155 490 2213 πατράσιν
505 2154 538 2198 διά
551 2154 587 2206 τάς
599 2157 744 2214 προειρημένας
757 2158 832 2211 αἰτίας,
853 2156 928 2202 άνελεῖν

142 2232 178 2282 τῆς
194 2228 357 2282 έκκλησιαστικῆς
373 2228 513 2277 διδασκαλίας,
534 2227 568 2267 ’ίνα
584 2226 620 2268 καὶ
638 2224 690 2268 κατά
700 2230 760 2269 τούτο
773 2224 926 2285 δύξωσικρατύ-

142 2312 184 2339 νειν
198 2296 276 2340 ἓαντοῖν
289 2294 326 2351 την
341 2296 422 2352 αἵρεσιν.

200 2568 310 2625 ’Τπέλαβον
325 2567 363 2627 γάρ
375 2570 405 2615 δτι
415 2572 433 2613 εἰ
441 2569 463 2614 τό
474 2575 510 2625 της
521 2566 591 2621 ούσίας
602 2569 667 2625 ὄνομα
679 2572 797 2627 ἐκβληθείη,
817 2571 867 2616 κατά
878 2572 926 2628 βού-

142 2646 199 2696 λησιν
209 2639 271 2695 μόνον
281 2640 377 2696 λέγοντες,
391 2641 425 2683 καὶ
434 2638 477 2683 κατ’
488 2640 587 2696 ἐνέργειαν
596 2639 668 2695 ὅμοιον
678 2644 705 2700 τῷ
717 2642 778 2698 πατρὶ
788 2641 823 2685 τόν
833 2640 886 2696 υἱόν,
896 2644 926 2694 ἐξ·

144 2711 216 2754 ουσίαν
231 2709 326 2760 1ἕξουσιν
342 2706 411 2760 ούσίας
422 2707 449 2764 μη
460 2707 607 2764 θαυμαζομένης
616 2708 687 2753 λοιπόν
699 2708 795 2765 άνόμοιον
803 2712 866 2768 λέγειν
875 2709 926 2768 κατοί

143 2778 166 2822 τό
179 2775 231 2821 εἶναι
241 2778 276 2821 καὶ
286 2775 337 2820 κατά
347 2776 370 2820 τό
380 2776 477 2835 ύπάρχειν
491 2776 527 2820 τόν
540 2776 586 2820 υίόν
595 2783 623 2837 τῷ
634 2782 700 2838 πατρί.
729 2777 777 2822 Ἀλλ’
788 2778 843 2835 όμως
852 2778 864 2824 δ
874 2782 927 2825 έκδι·

168 2941 207 2973 Gn.
221 2941 269 2974 XIV.
283 2959 306 2965 -
337 2941 351 2972 1.
368 2939 524 2985 προδιοριζομέιωι.
571 2941 587 2975 2.
600 2944 624 2975 Ιλα
640 2944 744 2975 emendarunt
756 2943 842 2975 Carnarius
856 2946 925 2977 emta-

144 2996 192 3027 φιαιπ
200 2989 297 3028 scripturam
304 2988 353 3019 etiam
360 2987 377 3018 in
383 2988 419 3019 edit.
428 2988 525 3019 petavianae
547 2988 587 3019 vius.
611 2989 656 3020 Libri
666 2989 723 3020 habent
735 2984 865 3029 καθαιρούντων.

144 3033 216 3072 πατρίαν
234 3033 280 3065 video
298 3034 402 3072 αππολσλσαι,
421 3033 468 3064 habet
488 3033 523 3065 οοιλ.
569 3032 585 3065 3.
598 3033 658 3072 ἱ,Ροτα
669 3032 745 3077 λέγομεν.
758 3033 792 3065 Sed
803 3033 879 3066 nonnihil
893 3033 926 3066 de—

144 3077 209 3118 Βλιάλρ.
546 3088 582 3110 esse
592 3077 677 3112 videtur.“
700 3079 780 3111 petavius,
794 3080 925 3113 θοιιιιιτίιιινιι-
