1988 3392
249 204 341 269 rinnau
353 234 397 267 nro.
410 235 440 268 nr.
452 235 507 269 rom.
518 234 532 268 1.
545 233 613 268 naen.
624 232 705 267 Lxxvr.
821 222 865 265 239

82 315 126 357 sine
141 314 181 357 ullo
197 314 236 357 line
252 314 367 372 dignitatem
383 328 438 357 suam
455 315 544 369 obtinet,
567 314 640 358 nullam
656 312 682 355 ob
700 313 758 356 aliam
774 326 864 356 caussam

82 397 140 440 quani
151 384 202 440 quod
213 397 249 440 per
256 398 302 426 sese
314 385 363 426 deus
373 397 396 425 ac
404 398 440 440 per
449 398 495 426 sese
503 384 636 441 sempiternus
643 389 683 434 est,
697 382 757 439 igitur
768 391 788 424 et
798 381 866 439 genita

81 451 161 495 soboles
171 453 346 495 consubstantialis
357 452 408 504 erit,
428 467 471 494 cum
485 452 616 496 indesinentis
627 452 663 494 abs
676 458 696 493 te
707 466 779 494 nomen
789 451 818 493 illi
829 451 866 492 tri-

81 521 164 575 buatur3
181 521 343 578 quemadmodum
355 521 424 563 callide
435 537 459 563 ac
475 518 595 564 veteratorie
612 521 783 577 liliogrutilieans
795 520 866 577 proba-

81 589 147 632 biliter
157 591 181 632 de
191 591 235 632 eius
248 598 319 633 natura
330 590 442 647 disputasti.
466 589 529 632 Dabis
541 590 578 632 boc
590 591 659 646 igitur,
675 590 708 632 vel
719 589 794 631 invitus
805 596 827 630 ut
835 588 867 631 in·

81 658 158 701 linitum
167 658 214 701 illud
226 666 246 701 et
256 659 456 717 incomprehensibile
467 671 539 702 nomeu
548 659 679 701 indesinentis
690 659 771 701 omnino
781 659 865 701 fateare.

81 727 114 770 Au
123 742 163 770 non
175 728 235 785 igitur
245 729 419 772 consubstantialis
431 729 483 771 erit?
498 727 584 785 Quando
595 728 623 770 ita
635 728 697 770 iocari
708 729 764 770 visus
776 741 807 781 es,
820 727 866 770 dum

81 796 179 852 sacrilega
194 798 325 854 appellatione
337 797 417 840 veritati
430 798 513 840 illudere
526 805 608 840 conatus
625 811 660 850 es,
681 797 709 840 ita
720 805 787 840 tamen
799 803 821 838 ut
832 796 865 839 illu

5 866 7 869 ’
80 865 132 922 ipsa,
148 866 219 922 quibus
231 880 279 909 usus
291 881 327 919 es,
344 873 363 908 te
375 866 438 908 verba
448 867 576 922 redarguunt.
607 865 649 907 Αιιι
659 865 711 907 euim
720 867 778 908 bnem
790 865 864 907 babere

81 940 157 977 statues
170 935 224 977 illum
240 948 297 991 quem
309 949 345 992 per
356 950 452 978 sunrnram
470 935 609 977 contumeliam
625 934 735 976 substantia
751 935 865 991 discrepare

80 1003 177 1056 voluisti,
194 1012 240 1057 aut,
256 1004 273 1046 si
284 1019 384 1060 nunquam
399 1005 491 1046 desinere
503 1003 591 1056 senties,
612 1003 696 1045 eundem
709 1003 763 1045 nulla
772 1018 799 1045 ex
809 1011 865 1059 parte

80 1079 190 1125 mutatum,
213 1080 247 1115 aut
263 1073 363 1115 diversum
375 1072 400 1114 ab
412 1072 544 1115 indesinentis
555 1070 608 1114 illins
620 1071 716 1128 dignitate
731 1071 820 1128 profiteri
832 1085 866 1113 co-

81 1140 143 1197 geris.
174 1140 246 1198 Neque
259 1142 311 1184 enim
324 1142 400 1184 veritas
415 1142 489 1198 patitur
501 1141 530 1183 uti
546 1141 597 1183 filius
610 1141 669 1182 linem
687 1155 772 1197 unquam
789 1139 866 1182 babitu·

81 1224 115 1252 rus
127 1210 261 1253 existimetur.
294 1213 537 1264 Quornbmregm'ipsicm
559 1210 587 1252 ait
603 1210 715 1266 scripturo,
737 1224 775 1250 non
787 1212 827 1249 eret
835 1211 866 1262 fi·
879 1220 917 1249 nee.
926 1223 940 1257 1,
948 1222 970 1251 ae

80 1281 123 1329 nz'sp
139 1280 227 1335 eoquod
240 1293 284 1321 cum
299 1287 355 1336 patre
366 1293 388 1320 ac
401 1279 472 1335 spiritu
485 1285 555 1320 sancto
566 1284 663 1335 perpetuo
674 1286 754 1333 regnat.
784 1276 866 1319 Etenim

81 1347 172 1404 quicquid
189 1347 265 1389 initium
284 1348 354 1400 babet,
378 1348 437 1390 linem
454 1347 513 1389 etiam
533 1346 625 1398 babebit,
647 1347 664 1388 si
678 1347 697 1387 ei
711 1346 791 1388 libuerit
802 1345 835 1401 qui
847 1347 866 1388 ei

81 1417 132 1472 quod
142 1417 221 1459 initium
238 1416 311 1458 babere
323 1416 396 1458 dicitur
406 1424 428 1458 ιιι
440 1423 495 1458 esset
505 1414 581 1457 tribuit.
613 1413 671 1470 Quod
687 1415 764 1470 quidem
778 1429 822 1456 eum
834 1429 867 1457 ce-

81 1485 131 1526 teris
142 1485 162 1526 in
175 1485 235 1527 rebus
248 1498 317 1526 verum
330 1486 367 1536 sit,
390 1484 428 1526 dici
440 1485 464 1526 de
478 1484 518 1526 lilio
529 1498 569 1525 uon
585 1491 658 1540 potest.
689 1482 728 1525 Est
741 1485 792 1527 enim
805 1485 829 1527 ab
843 1500 867 1528 eo

81 1566 162 1609 semper
172 1553 205 1609 qui
217 1559 259 1604 est,
275 1561 296 1595 et
307 1553 357 1609 apud
369 1554 466 1605 eundem,
484 1567 522 1594 uec
534 1567 619 1609 unquam
631 1565 677 1595 esse
688 1552 768 1596 desinit.
799 1552 868 1609 Quare

81 1628 102 1663 et
120 1620 295 1664 consubstantialis
313 1629 369 1673 erat,
392 1628 413 1663 et
428 1628 470 1674 est,
492 1621 569 1677 eritque
586 1628 693 1679 perpetuo,
717 1623 772 1665 solus
788 1636 799 1664 e
814 1623 866 1676 solo,

82 1692 121 1732 necv
132 1690 172 1732 ulla
189 1690 209 1732 in
221 1704 243 1732 re
256 1689 280 1732 ab
291 1690 343 1732 illius
359 1690 472 1732 substantia
489 1690 589 1733 diversus.
621 1689 663 1732 Sed
676 1704 712 1747 pro
725 1692 826 1733 nominum
838 1692 867 1734 di-

82 1758 158 1813 gnitate
170 1758 263 1801 divinitus
276 1759 296 1801 in
308 1758 412 1801 identitate
425 1766 555 1815 perseverat,
579 1773 619 1801 non
635 1759 674 1800 ulla
691 1760 808 1802 contusione
822 1774 868 1802 coa-

81 1826 172 1880 lescens,
189 1841 253 1883 neque
265 1827 304 1869 sibi
313 1827 363 1884 ipsi,
380 1827 435 1869 velut
445 1827 562 1884 principium
575 1828 681 1884 quoddam,
698 1836 720 1870 ut
731 1828 757 1870 sit
769 1828 867 1881 tribuens,

82 1908 147 1951 neque
165 1895 269 1952 quicquam
286 1897 318 1938 sui
335 1895 429 1937 dissimile
446 1896 465 1937 in
478 1895 564 1950 seipsam
583 1896 697 1938 admittens.
729 1894 785 1951 Quae
802 1904 822 1938 et
837 1907 868 1939 est

82 1977 174 2020 semper,
196 1971 217 2006 et
228 1978 273 2006 esse
285 1978 385 2020 nunquam
399 1964 483 2016 desinit,
505 1963 591 2021 sibiipsi
604 1965 738 2017 contremens,
762 1967 782 2007 in
796 1967 869 2022 sempi-

83 2039 140 2074 terna
156 2032 252 2088 dignitate
263 2033 324 2089 patris
337 2032 443 2084 edilium,
462 2031 497 2073 lilii
507 2032 531 2073 ad
542 2039 629 2088 patrem,
653 2034 718 2074 sancti
730 2034 811 2090 spiritus
823 2048 868 2076 cum

82 2107 152 2158 patre,
175 2108 195 2143 et
206 2100 247 2142 lilio
261 2100 305 2143 sine
320 2101 360 2143 ulla
376 2100 521 2157 interruptione
534 2101 654 2143 consistens.
685 2099 759 2157 Neque
771 2101 823 2143 enim
835 2116 868 2144 se-

83 2182 128 2211 eum
139 2170 182 2227 ipsa
193 2169 303 2225 comparari
318 2168 397 2210 trinitas
411 2175 489 2224 potest,
511 2181 563 2224 quae
575 2182 654 2210 omnem
670 2168 770 2224 dignitatis
786 2170 868 2212 divisio-

84 2251 130 2280 nem
146 2238 230 2295 respuit.

141 2306 196 2348 Aetli
209 2303 275 2361 Caput
285 2304 313 2347 V.
335 2304 358 2347 Si
367 2304 469 2361 ingenitus
479 2305 590 2348 substantia
600 2307 649 2348 deus
660 2312 703 2357 est,
720 2307 771 2362 quod
780 2306 868 2362 genitum

84 2381 116 2416 est
128 2388 168 2416 non
180 2374 309 2416 distractione
326 2373 408 2429 quadam
424 2374 546 2416 substantiae
561 2375 649 2430 genitum
666 2382 708 2427 est,
729 2376 765 2416 sed
781 2374 806 2415 ab
822 2375 869 2415 sub-

84 2443 170 2494 stantia,
192 2456 252 2497 aqua
265 2443 380 2497 productum
394 2450 437 2494 est,
460 2443 555 2485 manavit.
587 2442 665 2499 Quippe
681 2444 763 2485 eandem
777 2443 869 2485 substan-

86 2511 132 2553 tiam
148 2511 235 2567 genitum
252 2509 311 2552 simul
326 2517 347 2551 et
361 2510 470 2566 ingenitam
486 2525 530 2554 esse
546 2511 600 2553 nulla
614 2525 658 2553 cum
674 2511 748 2568 pietate
763 2511 870 2553 coniuncta

85 2580 137 2622 ratio
153 2580 233 2636 patitur.

144 2647 227 2691 Conlut.
239 2645 267 2689 V.
284 2646 434 2704 Saepenumero
445 2649 494 2691 baec
503 2648 586 2704 ingeniti
593 2648 694 2704 genitique
704 2648 801 2691 vocabule
812 2647 869 2691 nobis

86 2717 201 2769 obtrusisti‚
222 2716 253 2758 dei
265 2730 338 2758 nomen
349 2716 460 2760 insolenter
470 2718 573 2770 iactitans‚
590 2732 634 2759 cum
645 2718 666 2759 in
684 2719 737 2760 omni
747 2732 822 2773 genere
833 2718 870 2760 im-

86 2786 190 2843 probitatis
201 2786 336 2842 consepultam
346 2794 433 2827 mentem
443 2787 525 2828 babeas.
541 2785 568 2828 Et
578 2786 655 2842 quidem
666 2786 713 2829 illud
722 2787 819 2842 indigenti
828 2788 870 2830 cui-

86 2900 138 2935 finem
148 2912 206 2935 eornm
217 2899 245 2946 qui
256 2912 267 2934 a
276 2907 294 2935 te
303 2898 407 2945 blasphemia
417 2900 468 2946 petiti
489 2903 541 2944 peine.

87 2952 132 2987 sunt,
145 2947 192 2980 velut
198 2947 282 2980 diversam
291 2946 379 2993 esseutiam
387 2946 466 2981 habeant.
513 2947 529 2981 9.
542 2948 592 2980 Verba
600 2945 631 2981 καὶ
639 2945 677 2982 ἔστι
686 2948 796 2982 desiderantur
806 2950 823 2981 in
833 2950 870 2982 ecit.

110 2992 126 3028 7.
143 2992 176 3029 ποῦ
189 3003 220 3035 pro
230 2992 264 3029 ecte
273 2997 318 3028 cetat
327 2994 344 3027 to
354 2996 419 3034 utroque
429 2995 469 3027 libro
491 2995 547 3027 Peleu.
561 2995 615 3026 Coton.
627 2997 674 3035 repet.

86 3048 124 3074 mss.
511 3040 537 3074 10.
549 3036 868 3086 micttptueoecmss.scrutamine.
888 3073 891 3076 .

110 3086 127 3121 8.
148 3084 275 3132 παρισχημέιος
293 3087 339 3122 cedd.
356 3096 394 3120 mss.
411 3089 426 3120 a
442 3088 466 3120 eu.
490 3086 564 3132 (utique)
576 3083 678 3132 acceleretis
690 3088 726 3121 etet.
738 3088 793 3122 retae.
