1988 3392
166 220 193 263 84
457 231 540 265 εταοτι
551 230 667 264 τοιοειλαα

165 309 223 351 λίωσί
233 324 267 362 με,
289 308 328 365 πρό
340 310 362 353 δὲ
372 308 454 353 πάντων
464 311 524 367 γεννᾷ
536 325 570 364 με,
591 307 737 364 α’ντλμίντοῦ,
755 306 840 364 Ἀρχὴν,
859 309 955 364 ἕλαβενῦ

167 375 278 430 άπόστολος
288 376 324 433 τό,
341 384 435 437 Πρῶτος,
451 378 495 422 ἄντί
507 378 529 422 δὲ
540 383 586 432 τοῦ,
600 383 665 440 Γεννᾷ
679 396 715 435 με,
732 377 766 433 τό,
787 376 861 432 Τόκος,
876 377 921 423 ἀντὶ
934 381 956 425 δὲ

166 454 203 492 τοῦ
212 448 260 494 όλου
272 448 400 506 όμοῦῖτοῦ,
415 447 495 492 Ἔκιισὲ
506 468 530 505 με
543 449 607 506 ἀρχὴν
619 448 673 494 ὁδῶν
685 448 757 503 αὐτοῦ,
779 450 823 502 καί,
844 453 909 510 Γεννᾷ
921 467 952 506 με,

166 518 199 571 τό,
217 521 352 577 Πρωτότοκος
362 519 427 575 πάσης
438 522 531 573 κτίσεως,
554 519 689 574 άντλῦὲτοῦ,
711 518 851 575 Ἐθεμελίωσε,
873 518 907 573 τό,
922 518 955 564 Ἐν

165 587 220 648 αῦτῷ
233 592 316 645 ἐκτίσθη
327 590 351 633 τά
361 589 433 642 πάντα,
449 587 493 632 άντὶ
506 590 528 632 ὀί
538 594 581 643 τοῦ,
597 588 630 632 Δι’
640 592 700 644 ἐμοῦ,
715 590 747 642 τά,
759 588 805 632 Ἀπ’
815 591 899 641 αἰῶνος,
915 591 952 632 είτε

165 657 250 712 θρόνοι,
266 661 303 701 είτε
313 657 438 715 κυριότητες,
460 660 499 700 είτε
514 656 582 714 άρχαλ,
599 660 637 701 είτε
649 661 746 710 ἐξουσίαι,
767 656 792 699 τά
804 656 953 700 πάνιαιλιάῦ-

165 730 213 778 τοῦ,
234 729 268 768 καί
286 728 314 775 εἰς
330 724 393 768 αὐτόν
408 728 500 768 ἔκτισται.
533 724 621 768 Πάντων
639 721 677 768 οῦν
693 725 745 782 πρός
759 726 811 776 λέξιν
827 725 954 777 ε’ξισαζόντων

165 793 305 837 άποστολικῶιι
323 792 351 843 σίς
361 792 385 835 τά
397 792 453 849 παρά
464 798 501 848 της
511 796 595 846 σοφίας,
616 795 705 836 τουτέστι
719 797 755 836 τοῦ
765 809 786 835 τε
798 792 861 848 ἀρχὴν
870 792 922 849 πρός
932 792 954 836 τό

166 865 262 917 Προῖτος,
282 863 317 905 καὶ
334 866 370 904 τοῦ
383 866 447 920 Γεννᾷ
466 862 607 919 πρωτότοκος,
627 863 662 917 καί
680 866 743 914 3τοῦ,
756 859 838 905 ’Ἐκτισὲ
853 877 876 917 με
891 860 954 917 ἀρχὴν

164 928 218 973 ὁδῶν
232 930 295 974 αῦτοῦ
312 932 341 980 είς
357 932 405 987 ἔργα
422 929 495 984 αὐτοῦ,
518 930 570 988 πρός
581 930 615 983 τό,
637 929 772 987 Πρωτότοκος
788 929 854 985 πάσης
865 933 953 983 κτίσεως,

164 996 208 1043 ἄντί
219 999 240 1043 δὲ
251 1006 298 1055 τοῦ,
312 998 443 1056 Ἐθεμελίωσὲ
454 1018 488 1056 με,
503 999 538 1055 τό,
550 999 586 1043 Ἐν
598 997 653 1060 αὐτῷ
664 1002 759 1055 ἐκτίσθη,
775 999 820 1044 άντί
831 1000 852 1044 δὲ
861 1004 905 1054 τοῦ,
921 1001 953 1045 Δι’

164 1070 225 1124 ε’μοῦ,
242 1068 286 1122 4σίς
298 1070 349 1128 ιιρός
360 1068 390 1125 τό,
406 1068 439 1115 Δι’
450 1070 521 1125 αὐτοῦ,
537 1069 626 1128 φανερόν
631 1105 637 1124 ,
652 1071 687 1115 καλ
702 1068 716 1126 ἦ
727 1069 787 1114 είκαίν
798 1070 837 1115 οῦκ
849 1073 871 1115 ε’ν
881 1070 952 1124 πάθει,

164 1137 204 1185 αλλ’
215 1141 260 1184 άντλ
270 1146 318 1194 τοῦ,
336 1140 389 1198 Ἔγσί
402 1140 415 1197 ἡ
426 1145 499 1196 σοφία,
518 1145 660 1197 παρείληπται,
683 1141 724 1183 Καί
735 1138 786 1196 ὦςὴ
797 1144 859 1195 σοφία
870 1145 907 1185 τοῦ
919 1157 952 1186 σο-

165 1216 207 1264 φοῦ
220 1210 264 1261 οἷός
279 1210 338 1254 οὐσία
352 1208 432 1263 οῦσίας,
452 1210 517 1261 οῦτως
533 1210 547 1266 ἡ
559 1210 618 1253 είκσίν
636 1209 706 1260 οὐσίας
721 1208 782 1265 όμοία
794 1212 839 1254 ἐστί.
869 1210 908 1254 Διό
918 1212 952 1255 καὶ

165 1278 224 1322 είκοίν
240 1279 318 1334 ἐνοήθη
335 1284 371 1323 τοῦ
387 1285 440 1323 θεοῦ
455 1285 508 1323 ὅτοῦ
524 1278 623 1334 άοράτου,
644 1278 667 1329 ὅς
682 1281 734 1322 ἔστιν
749 1278 799 1330 οἷός.
830 1282 871 1323 Καὶ
884 1281 954 1334 ἔχομεν

164 1347 291 1400 ἒξισαζοάσας
299 1347 335 1398 τάς
344 1350 404 1399 λέξεις
416 1347 493 1400 πάσας,
516 1347 561 1391 άντλ
573 1349 609 1402 μὲν
619 1353 656 1390 τοῦ
666 1354 734 1401 σοφοῦ
746 1347 779 1400 τό,
800 1348 859 1401 Θεός,
876 1348 921 1391 ἆντλ
931 1349 953 1391 δὲ

162 1420 199 1470 τῆς
209 1420 284 1469 σοφίας
299 1415 334 1468 τό,
355 1415 436 1468 Είκσίν,
457 1416 502 1459 άντλ
519 1417 541 1459 δὲ
557 1421 594 1459 τοῦ
609 1415 678 1471 Ἀρχὴ,
701 1420 795 1472 Πρῶτος,
816 1414 861 1459 άντί
879 1417 901 1459 δὲ
916 1423 953 1460 τοῦ

162 1488 183 1526 Γ
180 1488 238 1544 ενιφῖ,
253 1483 287 1536 τό,
307 1483 381 1536 Τόκος,
397 1482 442 1526 άντλ
455 1485 476 1526 δὲ
487 1482 535 1526 {stov
549 1481 609 1537 όμοῦ,
629 1483 696 1537 φαμὲν
710 1482 770 1526 6άντλ
782 1489 819 1526 τοῦ
824 1516 829 1534 ,
846 1482 921 1539 Ἀρχὴν
931 1481 952 1526 ό-

163 1554 205 1594 <mv
214 1549 277 1594 αάτοῦ
289 1552 352 1595 ίκτισέ
363 1568 386 1606 με
398 1554 426 1602 είς
440 1553 488 1608 ἔργα
499 1551 574 1604 αὐτοῦ,
597 1553 643 1603 καί,
665 1555 732 1610 Γεννρῖ
742 1568 776 1606 με,
791 1550 823 1602 τό,
845 1550 952 1604 Πρωτότο-

162 1638 198 1670 κος
207 1620 274 1675 πάσης
285 1624 377 1673 κτίσεως,
392 1618 437 1663 άντλ
448 1621 469 1663 δὲ
480 1624 525 1672 τοῦ,
543 1619 675 1674 Ἐθεμελίωσέ
687 1631 727 1674 με,
742 1618 775 1672 τό,
787 1620 824 1661 Ἐν
834 1618 890 1679 αὐτῷ
902 1622 952 1663 ε’κτί-

162 1696 215 1745 σθη,
230 1689 274 1733 ἆντί
287 1690 309 1734 δὲ
321 1695 368 1743 τοῦ,
384 1688 416 1734 Δι’
428 1691 488 1746 ἐμοῦ,
507 1688 535 1733 Τά
546 1689 611 1733 πάντα
621 1687 646 1733 δι’
656 1686 719 1734 αῦτοῦ
728 1690 762 1733 καί
772 1690 800 1741 εἰς
810 1687 877 1735 αὐτόν.
909 1694 951 1734 Φα-

161 1759 220 1818 ιιερόν
231 1758 258 1812 οἷς
270 1759 337 1805 είκόνα
348 1759 462 1812 άκοόοντας
476 1758 510 1804 τόν
524 1758 570 1804 οίόν
586 1765 622 1805 τοῦ
636 1764 688 1804 θεοῦ
702 1765 738 1804 τοῦ
750 1758 849 1817 άοράτου,
870 1762 906 1805 καλ
917 1760 951 1806 οῦ-

163 1849 203 1882 τσις
214 1829 302 1883 άναιὸῶς
314 1834 433 1887 σοφίζεσθαι
446 1830 483 1886 τὴν
494 1829 536 1874 κατ’
547 1830 618 1874 οὐσίαν
630 1828 738 1886 ὁμοιότητα
748 1835 784 1874 τοῦ
794 1833 841 1874 υίοῦ
852 1830 903 1887 πρός
912 1850 949 1875 πα-

162 1901 209 1956 τέρα
220 1903 376 1958 ἐπιχειροῦντας,
400 1906 458 1951 7τοῖς
473 1905 534 1943 πᾶσιν
550 1901 621 1958 ἐλέγχει
636 1899 793 1958 παραπεσόντας.
826 1898 857 1943 Οό
869 1901 951 1952 Παῦλός

79 1986 114 2016 1³³5·
122 1979 153 2008 ⁵⁵⁴·
165 1973 203 2025 8γε
217 1968 289 2025 μόνος,
310 1969 358 2014 άλλά
372 1972 406 2013 καί
419 1969 458 2022 πρό
470 1969 541 2014 τοιίτου
552 1968 654 2024 Ἰωάννης,
676 1966 689 2012 ό
699 1967 744 2019 ιιίῦς
754 1968 817 2019 ὅντως
827 1972 913 2025 βροντῆς
925 1975 950 2030 τῇ

162 2039 227 2097 οἰκείᾳ
242 2043 394 2097 μεγαλοφωνία,
411 2038 488 2096 9ίίςπερ
501 2040 523 2081 ἔκ
535 2056 595 2082 τινων
605 2042 693 2091 νεφελῶν
706 2042 746 2080 τῶν
757 2042 792 2093 τῆς
802 2042 876 2092 σοφίας
887 2041 949 2096 αἰνιγ-

161 2104 239 2161 μάτων,
261 2106 298 2162 τὴν
312 2105 384 2162 εὐσεβῆ
397 2106 445 2163 ἡμῖν
460 2109 539 2151 ἔννοιαν
553 2112 589 2149 τοῦ
604 2108 650 2150 αίοῦ
669 2105 721 2149 κατά
735 2104 771 2149 τόν
785 2105 857 2161 ὅμοιον
870 2108 948 2164 τρόπον

161 2173 243 2229 άνῆκεν.

298 2444 339 2462 λθ

69 2459 115 2504 Κεφ,
127 2458 150 2506 η’,
214 2445 268 2504 Ὅρα
278 2465 316 2506 γαρ
327 2465 359 2491 οτι
370 2448 405 2491 καὶ
418 2446 479 2500 αὐτὸς
495 2446 508 2490 ίί
520 2446 617 2505 ἐδιδάχθη
628 2447 683 2508 παρά
699 2454 735 2506 τῆς
752 2452 833 2504 σοφίας,
854 2455 917 2496 ταῦτα
928 2451 950 2497 ἒν

161 2521 190 2578 τῷ
206 2515 252 2575 παρ’
269 2517 333 2562 αὐτοῦ
345 2520 466 2576 κηροχθίντι
481 2516 544 2575 1ημῖν
555 2518 661 2580 εὐαγγελίῳ
677 2522 827 2576 ιὶπαραῦὲιλωκε.
860 2527 900 2578 Τῆς
911 2520 949 2582 γάρ

163 2592 244 2642 Σοφίας
256 2588 360 2644 είποῦσης,
370 2588 451 2633 Ἕκτισὲ
463 2607 487 2644 με
498 2588 562 2645 άρχην
573 2588 627 2634 όδῦν
641 2590 715 2644 αὐτοῦ,
737 2589 770 2644 τό,
784 2590 818 2635 Ἐν
828 2590 889 2652 άρχῇ,
910 2594 949 2646 ἐξέ-

162 2666 224 2712 θετο,
239 2658 311 2709 είπσίν,
325 2658 357 2701 Ἑν
368 2659 418 2719 ἀρχῇ
429 2654 455 2713 ἦν
464 2658 476 2703 ό
485 2657 551 2715 λόγος,
567 2658 612 2702 άντλ
620 2659 641 2702 δὲ
652 2664 698 2713 τοῦ,
708 2659 787 2704 Ἕκτισί
798 2678 832 2717 με,
848 2664 889 2704 Καί
900 2660 950 2714 θεός

161 2722 199 2783 ἦν,
220 2730 254 2771 λ’να
265 2728 293 2783 μή
305 2726 340 2770 τόν
352 2730 373 2771 ἒν
383 2732 491 2788 προφορᾷ,
515 2724 563 2771 άλλά
575 2726 610 2771 τόν
620 2729 642 2772 ἐν
651 2727 758 2773 ὑποστάσει
770 2732 833 2788 παγίχι
843 2728 916 2787 άπαθη
927 2732 949 2776 ἒκ

162 2796 239 2853 πατρός
247 2795 298 2841 θεόν
310 2795 370 2854 λόγον
380 2797 492 2853 νοήσωμεν·
509 2794 552 2839 α’ντί
563 2797 585 2839 δὲ
596 2801 642 2851 τοῦ,
661 2795 741 2854 3Ἤμην
751 2797 797 2856 παρ’
806 2798 898 2856 4αῦτοῦ,
917 2799 947 2854 τό,

183 2913 200 2946 κ.
213 2916 256 2947 τινι
267 2917 325 2947 habent
335 2913 360 2948 τε.
590 2914 607 2949 6.
619 2916 664 2948 mort
674 2917 722 2956 ωηο
734 2911 772 2950 ἀντὶ
782 2915 803 2951 δὲ
814 2917 850 2951 τοι.

184 2958 200 2991 3.
213 2961 257 2991 Libri
267 2962 324 2992 habent
335 2958 361 2992 τὸ.
590 2959 606 2993 7-
619 2962 690 2992 Fortasse
701 2958 740 2999 τοῦς
751 2959 807 2995 πᾶσιν.

185 3003 201 3035 4.
214 3006 290 3043 Suspicor
300 3005 407 3045 reponendum
417 3013 450 3037 esse
458 3001 483 3043 εἰς
493 3002 545 3046 πρός·
590 3005 606 3036 ὅ.
619 3006 695 3045 Suspicor
706 3003 725 3040 δὲ
737 3004 792 3048 μόνος.

161 3048 201 3090 ᾖεν,
216 3046 249 3086 τὸ,
262 3047 286 3083 Δι’
298 3048 351 3082 αὐτοῦ
363 3053 398 3081 ται.
589 3045 607 3081 9.
618 3050 691 3083 Rescribe
702 3045 763 3093 ὥςπερ

185 3094 201 3126 ὁ.
213 3093 243 3128 τοῦ
256 3104 286 3128 οιιι.
299 3096 323 3128 ed.
336 3096 393 3129 Ρειαο.
