<?xml version="1.0" encoding="UTF-8"?>
<!DOCTYPE html PUBLIC "-//W3C//DTD XHTML 1.0 Transitional//EN"
    "http://www.w3.org/TR/xhtml1/DTD/xhtml1-transitional.dtd">
<html xmlns="http://www.w3.org/1999/xhtml" xml:lang="en" lang="en">
 <head>
  <title>
</title>
<meta http-equiv="Content-Type" content="text/html;charset=utf-8" />
  <meta name='ocr-system' content='tesseract 3.04.00' />
  <meta name='ocr-capabilities' content='ocr_page ocr_carea ocr_par ocr_line ocrx_word'/>
</head>
<body>
  <div class='ocr_page' id='page_1' title='image "./MN41650ucmf_1/MN41650ucmf_1_0371.png"; bbox 0 0 1988 3392; ppageno 0'>
   <div class='ocr_carea' id='block_1_1' title="bbox 259 230 880 274">
    <p class='ocr_par' dir='ltr' id='par_1_1' title="bbox 259 230 880 274">
     <span class='ocr_line' id='line_1_1' title="bbox 259 230 880 274; baseline -0.003 -1"><span class='ocrx_word' id='word_1_1' title='bbox 259 239 353 274; x_wconf 79' lang='lat' dir='ltr'>rausum</span> <span class='ocrx_word' id='word_1_2' title='bbox 364 239 446 273; x_wconf 78' lang='lat' dir='ltr'>marri.</span> <span class='ocrx_word' id='word_1_3' title='bbox 458 240 543 273; x_wconf 79' lang='lat' dir='ltr'>romu.</span> <span class='ocrx_word' id='word_1_4' title='bbox 556 238 722 273; x_wconf 60' lang='lat' dir='ltr'>flauuuxxvu.</span> <span class='ocrx_word' id='word_1_5' title='bbox 838 230 880 271; x_wconf 84' lang='lat'>349</span> 
     </span>
    </p>
   </div>
   <div class='ocr_carea' id='block_1_2' title="bbox 65 317 984 2926">
    <p class='ocr_par' dir='ltr' id='par_1_2' title="bbox 93 317 974 1459">
     <span class='ocr_line' id='line_1_2' title="bbox 95 317 880 375; baseline -0.005 -12"><span class='ocrx_word' id='word_1_6' title='bbox 95 318 202 363; x_wconf 77' lang='lat' dir='ltr'>transtulit.</span> <span class='ocrx_word' id='word_1_7' title='bbox 234 318 368 375; x_wconf 75' lang='lat' dir='ltr'>Quamobrem</span> <span class='ocrx_word' id='word_1_8' title='bbox 386 333 429 361; x_wconf 87' lang='lat' dir='ltr'>oum</span> <span class='ocrx_word' id='word_1_9' title='bbox 447 320 484 361; x_wconf 89' lang='lat' dir='ltr'>boo</span> <span class='ocrx_word' id='word_1_10' title='bbox 501 334 511 362; x_wconf 89' lang='lat' dir='ltr'>a</span> <span class='ocrx_word' id='word_1_11' title='bbox 527 319 613 362; x_wconf 80' lang='lat' dir='ltr'>satellite</span> <span class='ocrx_word' id='word_1_12' title='bbox 628 319 742 374; x_wconf 77' lang='lat' dir='ltr'>vapularet,</span> <span class='ocrx_word' id='word_1_13' title='bbox 765 317 821 375; x_wconf 80' lang='lat' dir='ltr'>quasi</span> <span class='ocrx_word' id='word_1_14' title='bbox 836 318 880 374; x_wconf 90' lang='lat' dir='ltr'>ipse</span> 
     </span>
     <span class='ocr_line' id='line_1_3' title="bbox 94 387 960 467; baseline -0.003 -36"><span class='ocrx_word' id='word_1_15' title='bbox 94 395 207 447; x_wconf 89' lang='lat' dir='ltr'>pateretur,</span> <span class='ocrx_word' id='word_1_16' title='bbox 224 392 275 442; x_wconf 76' lang='lat' dir='ltr'>Quid</span> <span class='ocrx_word' id='word_1_17' title='bbox 284 404 324 438; x_wconf 84' lang='lat' dir='ltr'>me</span> <span class='ocrx_word' id='word_1_18' title='bbox 340 387 415 443; x_wconf 85' lang='lat' dir='ltr'>inquit,</span> <span class='ocrx_word' id='word_1_19' title='bbox 437 391 517 429; x_wconf 69' lang='lat' dir='ltr'>caedet?</span> <span class='ocrx_word' id='word_1_20' title='bbox 537 402 646 443; x_wconf 89' lang='lat' dir='ltr'>cumque</span> <span class='ocrx_word' id='word_1_21' title='bbox 632 388 686 443; x_wconf 51' lang='lat' dir='ltr'>tenor</span> <span class='ocrx_word' id='word_1_22' title='bbox 699 395 769 430; x_wconf 89' lang='lat' dir='ltr'>natura</span> <span class='ocrx_word' id='word_1_23' title='bbox 781 403 820 430; x_wconf 93' lang='lat' dir='ltr'>non</span> <span class='ocrx_word' id='word_1_24' title='bbox 831 401 878 443; x_wconf 89' lang='lat' dir='ltr'>pos</span> <span class='ocrx_word' id='word_1_25' title='bbox 905 397 960 467; x_wconf 67' lang='lat' dir='ltr'>ppppp.</span> 
     </span>
     <span class='ocr_line' id='line_1_4' title="bbox 94 455 878 512; baseline -0.006 -11"><span class='ocrx_word' id='word_1_26' title='bbox 94 465 135 509; x_wconf 88' lang='lat' dir='ltr'>set,</span> <span class='ocrx_word' id='word_1_27' title='bbox 160 456 287 499; x_wconf 89' lang='lat' dir='ltr'>nibilominus</span> <span class='ocrx_word' id='word_1_28' title='bbox 305 455 367 507; x_wconf 80' lang='lat' dir='ltr'>(lixit,</span> <span class='ocrx_word' id='word_1_29' title='bbox 390 459 473 497; x_wconf 79' lang='lat' dir='ltr'>Dorsum</span> <span class='ocrx_word' id='word_1_30' title='bbox 491 472 550 498; x_wconf 85' lang='lat' dir='ltr'>meum</span> <span class='ocrx_word' id='word_1_31' title='bbox 567 460 635 498; x_wconf 77' lang='lat' dir='ltr'>deda</span> <span class='ocrx_word' id='word_1_32' title='bbox 626 473 646 497; x_wconf 85' lang='lat' dir='ltr'>m</span> <span class='ocrx_word' id='word_1_33' title='bbox 656 459 752 512; x_wconf 80' lang='lat' dir='ltr'>flagello,</span> <span class='ocrx_word' id='word_1_34' title='bbox 775 466 795 497; x_wconf 89' lang='lat' dir='ltr'>et</span> <span class='ocrx_word' id='word_1_35' title='bbox 807 458 878 510; x_wconf 72' lang='lat' dir='ltr'>foetent</span> 
     </span>
     <span class='ocr_line' id='line_1_5' title="bbox 93 522 974 582; baseline -0.005 -15"><span class='ocrx_word' id='word_1_36' title='bbox 93 540 152 568; x_wconf 82' lang='lat' dir='ltr'>mecm</span> <span class='ocrx_word' id='word_1_37' title='bbox 161 540 199 566; x_wconf 86' lang='lat' dir='ltr'>non</span> <span class='ocrx_word' id='word_1_38' title='bbox 208 529 272 566; x_wconf 75' lang='lat' dir='ltr'>auerti</span> <span class='ocrx_word' id='word_1_39' title='bbox 278 540 291 566; x_wconf 85' lang='lat' dir='ltr'>o</span> <span class='ocrx_word' id='word_1_40' title='bbox 301 530 369 579; x_wconf 69' lang='lat' dir='ltr'>spectas.</span> <span class='ocrx_word' id='word_1_41' title='bbox 401 522 459 579; x_wconf 83' lang='lat' dir='ltr'>Quae</span> <span class='ocrx_word' id='word_1_42' title='bbox 468 525 524 566; x_wconf 93' lang='lat' dir='ltr'>-enim</span> <span class='ocrx_word' id='word_1_43' title='bbox 538 525 623 567; x_wconf 88' lang='lat' dir='ltr'>bumana</span> <span class='ocrx_word' id='word_1_44' title='bbox 635 526 691 568; x_wconf 91' lang='lat' dir='ltr'>verbi</span> <span class='ocrx_word' id='word_1_45' title='bbox 704 533 776 567; x_wconf 87' lang='lat' dir='ltr'>natura</span> <span class='ocrx_word' id='word_1_46' title='bbox 789 524 876 582; x_wconf 90' lang='lat' dir='ltr'>patieba·</span> <span class='ocrx_word' id='word_1_47' title='bbox 885 535 923 564; x_wconf 73' lang='lat' dir='ltr'>usar</span> <span class='ocrx_word' id='word_1_48' title='bbox 932 535 974 572; x_wconf 77' lang='lat' dir='ltr'>son</span> 
     </span>
     <span class='ocr_line' id='line_1_6' title="bbox 94 593 879 651; baseline -0.004 -15"><span class='ocrx_word' id='word_1_49' title='bbox 94 602 138 646; x_wconf 89' lang='lat' dir='ltr'>tur,</span> <span class='ocrx_word' id='word_1_50' title='bbox 160 593 209 635; x_wconf 90' lang='lat' dir='ltr'>baec</span> <span class='ocrx_word' id='word_1_51' title='bbox 220 596 327 651; x_wconf 87' lang='lat' dir='ltr'>ipsummet</span> <span class='ocrx_word' id='word_1_52' title='bbox 338 593 422 636; x_wconf 90' lang='lat' dir='ltr'>verbum</span> <span class='ocrx_word' id='word_1_53' title='bbox 434 594 455 634; x_wconf 90' lang='lat' dir='ltr'>in</span> <span class='ocrx_word' id='word_1_54' title='bbox 468 608 514 635; x_wconf 90' lang='lat' dir='ltr'>sese</span> <span class='ocrx_word' id='word_1_55' title='bbox 525 595 635 636; x_wconf 77' lang='lat' dir='ltr'>transferre</span> <span class='ocrx_word' id='word_1_56' title='bbox 650 595 726 647; x_wconf 83' lang='lat' dir='ltr'>voluit,</span> <span class='ocrx_word' id='word_1_57' title='bbox 749 601 771 635; x_wconf 88' lang='lat' dir='ltr'>ut</span> <span class='ocrx_word' id='word_1_58' title='bbox 781 608 819 635; x_wconf 93' lang='lat' dir='ltr'>uos</span> <span class='ocrx_word' id='word_1_59' title='bbox 829 593 879 635; x_wconf 78' lang='lat' dir='ltr'>tivi-</span> 
     </span>
     <span class='ocr_line' id='line_1_7' title="bbox 94 660 879 719; baseline -0.004 -14"><span class='ocrx_word' id='word_1_60' title='bbox 94 661 162 705; x_wconf 87' lang='lat' dir='ltr'>nitatis</span> <span class='ocrx_word' id='word_1_61' title='bbox 180 663 237 704; x_wconf 88' lang='lat' dir='ltr'>verbi</span> <span class='ocrx_word' id='word_1_62' title='bbox 254 662 361 719; x_wconf 82' lang='lat' dir='ltr'>participes</span> <span class='ocrx_word' id='word_1_63' title='bbox 380 675 424 703; x_wconf 88' lang='lat' dir='ltr'>esse</span> <span class='ocrx_word' id='word_1_64' title='bbox 442 676 553 717; x_wconf 84' lang='lat' dir='ltr'>possemus.</span> <span class='ocrx_word' id='word_1_65' title='bbox 586 660 630 716; x_wconf 86' lang='lat' dir='ltr'>Qua</span> <span class='ocrx_word' id='word_1_66' title='bbox 646 663 666 703; x_wconf 92' lang='lat' dir='ltr'>in</span> <span class='ocrx_word' id='word_1_67' title='bbox 679 677 702 704; x_wconf 90' lang='lat' dir='ltr'>re</span> <span class='ocrx_word' id='word_1_68' title='bbox 714 663 817 719; x_wconf 81' lang='lat' dir='ltr'>singulare</span> <span class='ocrx_word' id='word_1_69' title='bbox 832 661 879 703; x_wconf 87' lang='lat' dir='ltr'>illud</span> 
     </span>
     <span class='ocr_line' id='line_1_8' title="bbox 94 730 878 788; baseline -0.005 -14"><span class='ocrx_word' id='word_1_70' title='bbox 94 730 178 782; x_wconf 84' lang='lat' dir='ltr'>accidit,</span> <span class='ocrx_word' id='word_1_71' title='bbox 202 730 253 772; x_wconf 84' lang='lat' dir='ltr'>idem</span> <span class='ocrx_word' id='word_1_72' title='bbox 266 738 288 773; x_wconf 89' lang='lat' dir='ltr'>ut</span> <span class='ocrx_word' id='word_1_73' title='bbox 305 731 382 788; x_wconf 90' lang='lat' dir='ltr'>patiens</span> <span class='ocrx_word' id='word_1_74' title='bbox 393 738 458 782; x_wconf 84' lang='lat' dir='ltr'>esset,</span> <span class='ocrx_word' id='word_1_75' title='bbox 483 730 564 772; x_wconf 83' lang='lat' dir='ltr'>etnibil</span> <span class='ocrx_word' id='word_1_76' title='bbox 580 731 670 788; x_wconf 83' lang='lat' dir='ltr'>patiens,</span> <span class='ocrx_word' id='word_1_77' title='bbox 694 732 771 787; x_wconf 90' lang='lat' dir='ltr'>patiens</span> <span class='ocrx_word' id='word_1_78' title='bbox 790 730 878 787; x_wconf 83' lang='lat' dir='ltr'>quidem,</span> 
     </span>
     <span class='ocr_line' id='line_1_9' title="bbox 94 799 878 857; baseline -0.003 -16"><span class='ocrx_word' id='word_1_79' title='bbox 94 799 146 856; x_wconf 87' lang='lat' dir='ltr'>quod</span> <span class='ocrx_word' id='word_1_80' title='bbox 157 799 258 856; x_wconf 91' lang='lat' dir='ltr'>proprium</span> <span class='ocrx_word' id='word_1_81' title='bbox 273 799 317 842; x_wconf 92' lang='lat' dir='ltr'>eius</span> <span class='ocrx_word' id='word_1_82' title='bbox 331 806 433 856; x_wconf 89' lang='lat' dir='ltr'>pateretur</span> <span class='ocrx_word' id='word_1_83' title='bbox 450 814 534 855; x_wconf 86' lang='lat' dir='ltr'>corpus,</span> <span class='ocrx_word' id='word_1_84' title='bbox 558 807 577 841; x_wconf 89' lang='lat' dir='ltr'>et</span> <span class='ocrx_word' id='word_1_85' title='bbox 588 799 609 840; x_wconf 88' lang='lat' dir='ltr'>in</span> <span class='ocrx_word' id='word_1_86' title='bbox 619 800 706 856; x_wconf 87' lang='lat' dir='ltr'>patiente</span> <span class='ocrx_word' id='word_1_87' title='bbox 716 799 760 857; x_wconf 92' lang='lat' dir='ltr'>ipso</span> <span class='ocrx_word' id='word_1_88' title='bbox 772 799 878 851; x_wconf 80' lang='lat' dir='ltr'>resideret,</span> 
     </span>
     <span class='ocr_line' id='line_1_10' title="bbox 94 867 880 924; baseline -0.001 -14"><span class='ocrx_word' id='word_1_89' title='bbox 94 868 143 910; x_wconf 90' lang='lat' dir='ltr'>nibil</span> <span class='ocrx_word' id='word_1_90' title='bbox 155 868 232 924; x_wconf 90' lang='lat' dir='ltr'>patiens</span> <span class='ocrx_word' id='word_1_91' title='bbox 245 882 306 921; x_wconf 79' lang='lat' dir='ltr'>vero,</span> <span class='ocrx_word' id='word_1_92' title='bbox 328 868 434 924; x_wconf 88' lang='lat' dir='ltr'>quodcum</span> <span class='ocrx_word' id='word_1_93' title='bbox 448 868 531 909; x_wconf 90' lang='lat' dir='ltr'>verbum</span> <span class='ocrx_word' id='word_1_94' title='bbox 544 869 723 920; x_wconf 79' lang='lat' dir='ltr'>naturateussir,</span> <span class='ocrx_word' id='word_1_95' title='bbox 745 869 770 910; x_wconf 88' lang='lat' dir='ltr'>ab</span> <span class='ocrx_word' id='word_1_96' title='bbox 780 867 833 916; x_wconf 86' lang='lat' dir='ltr'>omui</span> <span class='ocrx_word' id='word_1_97' title='bbox 845 882 880 923; x_wconf 90' lang='lat' dir='ltr'>pa-</span> 
     </span>
     <span class='ocr_line' id='line_1_11' title="bbox 94 934 879 993; baseline -0.001 -15"><span class='ocrx_word' id='word_1_98' title='bbox 94 936 156 979; x_wconf 84' lang='lat' dir='ltr'>tiendi</span> <span class='ocrx_word' id='word_1_99' title='bbox 171 937 285 979; x_wconf 85' lang='lat' dir='ltr'>conditione</span> <span class='ocrx_word' id='word_1_100' title='bbox 300 937 327 978; x_wconf 90' lang='lat' dir='ltr'>sit</span> <span class='ocrx_word' id='word_1_101' title='bbox 341 937 436 977; x_wconf 90' lang='lat' dir='ltr'>immune.</span> <span class='ocrx_word' id='word_1_102' title='bbox 469 934 569 990; x_wconf 82' lang='lat' dir='ltr'>Quocirca</span> <span class='ocrx_word' id='word_1_103' title='bbox 587 936 670 978; x_wconf 87' lang='lat' dir='ltr'>verbum</span> <span class='ocrx_word' id='word_1_104' title='bbox 688 937 766 992; x_wconf 78' lang='lat' dir='ltr'>quidem</span> <span class='ocrx_word' id='word_1_105' title='bbox 782 936 846 993; x_wconf 89' lang='lat' dir='ltr'>ipsum</span> <span class='ocrx_word' id='word_1_106' title='bbox 858 936 879 977; x_wconf 91' lang='lat' dir='ltr'>in</span> 
     </span>
     <span class='ocr_line' id='line_1_12' title="bbox 94 1003 879 1062; baseline -0.004 -14"><span class='ocrx_word' id='word_1_107' title='bbox 94 1005 168 1062; x_wconf 89' lang='lat' dir='ltr'>patibili</span> <span class='ocrx_word' id='word_1_108' title='bbox 185 1020 269 1062; x_wconf 86' lang='lat' dir='ltr'>corpore</span> <span class='ocrx_word' id='word_1_109' title='bbox 282 1006 422 1062; x_wconf 88' lang='lat' dir='ltr'>incorporeum</span> <span class='ocrx_word' id='word_1_110' title='bbox 437 1003 484 1055; x_wconf 82' lang='lat' dir='ltr'>tuit,</span> <span class='ocrx_word' id='word_1_111' title='bbox 506 1019 578 1060; x_wconf 90' lang='lat' dir='ltr'>corpus</span> <span class='ocrx_word' id='word_1_112' title='bbox 595 1012 660 1046; x_wconf 85' lang='lat' dir='ltr'>autem</span> <span class='ocrx_word' id='word_1_113' title='bbox 676 1004 783 1061; x_wconf 86' lang='lat' dir='ltr'>impatibile</span> <span class='ocrx_word' id='word_1_114' title='bbox 796 1004 879 1047; x_wconf 85' lang='lat' dir='ltr'>verbum</span> 
     </span>
     <span class='ocr_line' id='line_1_13' title="bbox 94 1072 879 1129; baseline -0.003 -14"><span class='ocrx_word' id='word_1_115' title='bbox 94 1073 163 1116; x_wconf 87' lang='lat' dir='ltr'>babuit</span> <span class='ocrx_word' id='word_1_116' title='bbox 174 1072 195 1115; x_wconf 92' lang='lat' dir='ltr'>in</span> <span class='ocrx_word' id='word_1_117' title='bbox 204 1087 263 1126; x_wconf 83' lang='lat' dir='ltr'>sese,</span> <span class='ocrx_word' id='word_1_118' title='bbox 280 1073 332 1129; x_wconf 80' lang='lat' dir='ltr'>quod</span> <span class='ocrx_word' id='word_1_119' title='bbox 342 1072 373 1115; x_wconf 89' lang='lat' dir='ltr'>sui</span> <span class='ocrx_word' id='word_1_120' title='bbox 386 1072 476 1128; x_wconf 90' lang='lat' dir='ltr'>corporis</span> <span class='ocrx_word' id='word_1_121' title='bbox 487 1072 633 1115; x_wconf 83' lang='lat' dir='ltr'>imbecillitates</span> <span class='ocrx_word' id='word_1_122' title='bbox 646 1073 782 1129; x_wconf 78' lang='lat' dir='ltr'>extingueret.</span> <span class='ocrx_word' id='word_1_123' title='bbox 813 1072 879 1128; x_wconf 83' lang='lat' dir='ltr'>Atque</span> 
     </span>
     <span class='ocr_line' id='line_1_14' title="bbox 94 1141 881 1197; baseline -0.005 -12"><span class='ocrx_word' id='word_1_124' title='bbox 94 1144 132 1185; x_wconf 88' lang='lat' dir='ltr'>boc</span> <span class='ocrx_word' id='word_1_125' title='bbox 144 1156 169 1184; x_wconf 94' lang='lat' dir='ltr'>eo</span> <span class='ocrx_word' id='word_1_126' title='bbox 180 1142 264 1184; x_wconf 87' lang='lat' dir='ltr'>oonsilio</span> <span class='ocrx_word' id='word_1_127' title='bbox 277 1142 373 1193; x_wconf 81' lang='lat' dir='ltr'>faciebat,</span> <span class='ocrx_word' id='word_1_128' title='bbox 389 1141 455 1197; x_wconf 83' lang='lat' dir='ltr'>itaque</span> <span class='ocrx_word' id='word_1_129' title='bbox 466 1155 488 1182; x_wconf 92' lang='lat' dir='ltr'>se</span> <span class='ocrx_word' id='word_1_130' title='bbox 499 1141 574 1183; x_wconf 89' lang='lat' dir='ltr'>babere</span> <span class='ocrx_word' id='word_1_131' title='bbox 584 1141 689 1194; x_wconf 85' lang='lat' dir='ltr'>voluerat,</span> <span class='ocrx_word' id='word_1_132' title='bbox 706 1149 728 1184; x_wconf 90' lang='lat' dir='ltr'>ut</span> <span class='ocrx_word' id='word_1_133' title='bbox 738 1149 805 1183; x_wconf 87' lang='lat' dir='ltr'>nostra</span> <span class='ocrx_word' id='word_1_134' title='bbox 817 1141 881 1182; x_wconf 89' lang='lat' dir='ltr'>susci-</span> 
     </span>
     <span class='ocr_line' id='line_1_15' title="bbox 95 1209 881 1268; baseline -0.003 -15"><span class='ocrx_word' id='word_1_135' title='bbox 95 1211 163 1268; x_wconf 84' lang='lat' dir='ltr'>piens,</span> <span class='ocrx_word' id='word_1_136' title='bbox 187 1210 241 1253; x_wconf 89' lang='lat' dir='ltr'>etin</span> <span class='ocrx_word' id='word_1_137' title='bbox 254 1210 373 1253; x_wconf 79' lang='lat' dir='ltr'>sacrificium</span> <span class='ocrx_word' id='word_1_138' title='bbox 391 1210 479 1251; x_wconf 85' lang='lat' dir='ltr'>offerens</span> <span class='ocrx_word' id='word_1_139' title='bbox 497 1209 583 1251; x_wconf 81' lang='lat' dir='ltr'>lurtlitus</span> <span class='ocrx_word' id='word_1_140' title='bbox 600 1210 688 1262; x_wconf 88' lang='lat' dir='ltr'>deleret,</span> <span class='ocrx_word' id='word_1_141' title='bbox 712 1225 735 1252; x_wconf 89' lang='lat' dir='ltr'>ae</span> <span class='ocrx_word' id='word_1_142' title='bbox 748 1212 826 1252; x_wconf 91' lang='lat' dir='ltr'>demum</span> <span class='ocrx_word' id='word_1_143' title='bbox 839 1209 881 1252; x_wconf 90' lang='lat' dir='ltr'>suis</span> 
     </span>
     <span class='ocr_line' id='line_1_16' title="bbox 95 1278 879 1335; baseline -0.004 -13"><span class='ocrx_word' id='word_1_144' title='bbox 95 1295 132 1322; x_wconf 90' lang='lat' dir='ltr'>nos</span> <span class='ocrx_word' id='word_1_145' title='bbox 144 1280 289 1335; x_wconf 89' lang='lat' dir='ltr'>quodammodo</span> <span class='ocrx_word' id='word_1_146' title='bbox 306 1280 395 1321; x_wconf 88' lang='lat' dir='ltr'>vestiens</span> <span class='ocrx_word' id='word_1_147' title='bbox 407 1278 533 1320; x_wconf 84' lang='lat' dir='ltr'>occasionem</span> <span class='ocrx_word' id='word_1_148' title='bbox 546 1279 636 1335; x_wconf 90' lang='lat' dir='ltr'>apostolo</span> <span class='ocrx_word' id='word_1_149' title='bbox 647 1279 704 1321; x_wconf 87' lang='lat' dir='ltr'>daret</span> <span class='ocrx_word' id='word_1_150' title='bbox 714 1279 753 1321; x_wconf 86' lang='lat' dir='ltr'>ista</span> <span class='ocrx_word' id='word_1_151' title='bbox 766 1279 879 1321; x_wconf 87' lang='lat' dir='ltr'>scribendi:</span> 
     </span>
     <span class='ocr_line' id='line_1_17' title="bbox 95 1348 881 1403; baseline -0.003 -13"><span class='ocrx_word' id='word_1_152' title='bbox 95 1351 176 1403; x_wconf 81' lang='lat' dir='ltr'>Oportet</span> <span class='ocrx_word' id='word_1_153' title='bbox 182 1349 307 1401; x_wconf 79' lang='lat' dir='ltr'>corruptibile</span> <span class='ocrx_word' id='word_1_154' title='bbox 315 1348 351 1389; x_wconf 84' lang='lat' dir='ltr'>boc</span> <span class='ocrx_word' id='word_1_155' title='bbox 362 1350 441 1389; x_wconf 70' lang='lat' dir='ltr'>abdcere</span> <span class='ocrx_word' id='word_1_156' title='bbox 451 1351 619 1402; x_wconf 74' lang='lat' dir='ltr'>ebcorrupttbnem,</span> <span class='ocrx_word' id='word_1_157' title='bbox 635 1356 655 1389; x_wconf 89' lang='lat' dir='ltr'>et</span> <span class='ocrx_word' id='word_1_158' title='bbox 664 1350 745 1390; x_wconf 84' lang='lat' dir='ltr'>mortale</span> <span class='ocrx_word' id='word_1_159' title='bbox 755 1350 791 1389; x_wconf 87' lang='lat' dir='ltr'>boc</span> <span class='ocrx_word' id='word_1_160' title='bbox 801 1350 881 1388; x_wconf 67' lang='lat' dir='ltr'>induere</span> 
     </span>
     <span class='ocr_line' id='line_1_18' title="bbox 96 1419 263 1459; baseline -0.006 0"><span class='ocrx_word' id='word_1_161' title='bbox 96 1419 263 1459; x_wconf 68' lang='lat' dir='ltr'>immortalitatem.</span> 
     </span>
    </p>

    <p class='ocr_par' dir='ltr' id='par_1_3' title="bbox 65 1483 984 2926">
     <span class='ocr_line' id='line_1_19' title="bbox 153 1483 973 1541; baseline 0 -14"><span class='ocrx_word' id='word_1_162' title='bbox 153 1483 211 1540; x_wconf 79' lang='lat' dir='ltr'>Qurae</span> <span class='ocrx_word' id='word_1_163' title='bbox 223 1486 289 1527; x_wconf 90' lang='lat' dir='ltr'>omnia</span> <span class='ocrx_word' id='word_1_164' title='bbox 306 1501 345 1527; x_wconf 92' lang='lat' dir='ltr'>non</span> <span class='ocrx_word' id='word_1_165' title='bbox 362 1485 407 1526; x_wconf 85' lang='lat' dir='ltr'>bete</span> <span class='ocrx_word' id='word_1_166' title='bbox 419 1500 442 1527; x_wconf 90' lang='lat' dir='ltr'>ac</span> <span class='ocrx_word' id='word_1_167' title='bbox 455 1485 547 1528; x_wconf 89' lang='lat' dir='ltr'>simulate</span> <span class='ocrx_word' id='word_1_168' title='bbox 558 1493 614 1541; x_wconf 87' lang='lat' dir='ltr'>gesta</span> <span class='ocrx_word' id='word_1_169' title='bbox 624 1493 682 1538; x_wconf 84' lang='lat' dir='ltr'>sunt;</span> <span class='ocrx_word' id='word_1_170' title='bbox 705 1486 785 1528; x_wconf 89' lang='lat' dir='ltr'>minime</span> <span class='ocrx_word' id='word_1_171' title='bbox 802 1486 880 1541; x_wconf 86' lang='lat' dir='ltr'>quidem</span> <span class='ocrx_word' id='word_1_172' title='bbox 894 1489 973 1535; x_wconf 69' lang='lat' dir='ltr'>caplx.</span> 
     </span>
     <span class='ocr_line' id='line_1_20' title="bbox 95 1553 881 1611; baseline 0 -14"><span class='ocrx_word' id='word_1_173' title='bbox 95 1561 118 1597; x_wconf 90' lang='lat' dir='ltr'>ut</span> <span class='ocrx_word' id='word_1_174' title='bbox 129 1554 219 1597; x_wconf 78' lang='lat' dir='ltr'>nontrulli</span> <span class='ocrx_word' id='word_1_175' title='bbox 231 1568 335 1611; x_wconf 89' lang='lat' dir='ltr'>perperam</span> <span class='ocrx_word' id='word_1_176' title='bbox 349 1553 482 1596; x_wconf 84' lang='lat' dir='ltr'>arbitrentur:</span> <span class='ocrx_word' id='word_1_177' title='bbox 501 1556 540 1597; x_wconf 88' lang='lat' dir='ltr'>sed</span> <span class='ocrx_word' id='word_1_178' title='bbox 549 1569 596 1597; x_wconf 65' lang='lat' dir='ltr'>,cum</span> <span class='ocrx_word' id='word_1_179' title='bbox 609 1554 697 1597; x_wconf 84' lang='lat' dir='ltr'>salrator</span> <span class='ocrx_word' id='word_1_180' title='bbox 708 1570 776 1598; x_wconf 87' lang='lat' dir='ltr'>verum</span> <span class='ocrx_word' id='word_1_181' title='bbox 789 1569 811 1597; x_wconf 88' lang='lat' dir='ltr'>se</span> <span class='ocrx_word' id='word_1_182' title='bbox 822 1556 881 1597; x_wconf 84' lang='lat' dir='ltr'>fecis-</span> 
     </span>
     <span class='ocr_line' id='line_1_21' title="bbox 96 1623 881 1676; baseline 0.001 -10"><span class='ocrx_word' id='word_1_183' title='bbox 96 1631 127 1666; x_wconf 90' lang='lat' dir='ltr'>set</span> <span class='ocrx_word' id='word_1_184' title='bbox 137 1623 248 1676; x_wconf 90' lang='lat' dir='ltr'>bominem,</span> <span class='ocrx_word' id='word_1_185' title='bbox 269 1624 330 1665; x_wconf 90' lang='lat' dir='ltr'>totius</span> <span class='ocrx_word' id='word_1_186' title='bbox 347 1630 378 1665; x_wconf 90' lang='lat' dir='ltr'>est</span> <span class='ocrx_word' id='word_1_187' title='bbox 391 1623 476 1665; x_wconf 89' lang='lat' dir='ltr'>bominis</span> <span class='ocrx_word' id='word_1_188' title='bbox 489 1625 543 1666; x_wconf 90' lang='lat' dir='ltr'>salus</span> <span class='ocrx_word' id='word_1_189' title='bbox 558 1632 674 1666; x_wconf 85' lang='lat' dir='ltr'>consecuta.</span> <span class='ocrx_word' id='word_1_190' title='bbox 704 1624 757 1667; x_wconf 85' lang='lat' dir='ltr'>Nam</span> <span class='ocrx_word' id='word_1_191' title='bbox 770 1627 787 1667; x_wconf 91' lang='lat' dir='ltr'>si</span> <span class='ocrx_word' id='word_1_192' title='bbox 800 1625 881 1667; x_wconf 90' lang='lat' dir='ltr'>simula-</span> 
     </span>
     <span class='ocr_line' id='line_1_22' title="bbox 96 1691 881 1751; baseline 0.001 -16"><span class='ocrx_word' id='word_1_193' title='bbox 96 1693 150 1735; x_wconf 91' lang='lat' dir='ltr'>tione</span> <span class='ocrx_word' id='word_1_194' title='bbox 162 1692 204 1734; x_wconf 90' lang='lat' dir='ltr'>sola</span> <span class='ocrx_word' id='word_1_195' title='bbox 221 1691 318 1746; x_wconf 87' lang='lat' dir='ltr'>verbum,</span> <span class='ocrx_word' id='word_1_196' title='bbox 341 1700 362 1734; x_wconf 93' lang='lat' dir='ltr'>ut</span> <span class='ocrx_word' id='word_1_197' title='bbox 375 1691 404 1734; x_wconf 91' lang='lat' dir='ltr'>illi</span> <span class='ocrx_word' id='word_1_198' title='bbox 417 1695 517 1746; x_wconf 89' lang='lat' dir='ltr'>sentiunt,</span> <span class='ocrx_word' id='word_1_199' title='bbox 540 1699 594 1736; x_wconf 86' lang='lat' dir='ltr'>esset</span> <span class='ocrx_word' id='word_1_200' title='bbox 607 1692 627 1734; x_wconf 92' lang='lat' dir='ltr'>in</span> <span class='ocrx_word' id='word_1_201' title='bbox 641 1707 737 1748; x_wconf 87' lang='lat' dir='ltr'>corpore,</span> <span class='ocrx_word' id='word_1_202' title='bbox 754 1695 805 1751; x_wconf 84' lang='lat' dir='ltr'>quot</span> <span class='ocrx_word' id='word_1_203' title='bbox 815 1702 881 1737; x_wconf 85' lang='lat' dir='ltr'>autern</span> 
     </span>
     <span class='ocr_line' id='line_1_23' title="bbox 97 1762 881 1819; baseline 0.001 -14"><span class='ocrx_word' id='word_1_204' title='bbox 97 1762 223 1805; x_wconf 90' lang='lat' dir='ltr'>simulatione</span> <span class='ocrx_word' id='word_1_205' title='bbox 236 1775 281 1803; x_wconf 91' lang='lat' dir='ltr'>esse</span> <span class='ocrx_word' id='word_1_206' title='bbox 298 1762 341 1804; x_wconf 88' lang='lat' dir='ltr'>sola</span> <span class='ocrx_word' id='word_1_207' title='bbox 352 1762 423 1804; x_wconf 81' lang='lat' dir='ltr'>licitur</span> <span class='ocrx_word' id='word_1_208' title='bbox 439 1762 576 1818; x_wconf 81' lang='lat' dir='ltr'>imaginarium</span> <span class='ocrx_word' id='word_1_209' title='bbox 590 1769 632 1815; x_wconf 85' lang='lat' dir='ltr'>est,</span> <span class='ocrx_word' id='word_1_210' title='bbox 656 1777 781 1819; x_wconf 90' lang='lat' dir='ltr'>consequens</span> <span class='ocrx_word' id='word_1_211' title='bbox 794 1771 849 1806; x_wconf 89' lang='lat' dir='ltr'>esset</span> <span class='ocrx_word' id='word_1_212' title='bbox 860 1772 881 1805; x_wconf 91' lang='lat' dir='ltr'>ut</span> 
     </span>
     <span class='ocr_line' id='line_1_24' title="bbox 96 1831 881 1888; baseline 0.004 -16"><span class='ocrx_word' id='word_1_213' title='bbox 96 1839 117 1873; x_wconf 93' lang='lat' dir='ltr'>et</span> <span class='ocrx_word' id='word_1_214' title='bbox 128 1831 183 1873; x_wconf 91' lang='lat' dir='ltr'>salus</span> <span class='ocrx_word' id='word_1_215' title='bbox 196 1831 296 1872; x_wconf 90' lang='lat' dir='ltr'>bominum</span> <span class='ocrx_word' id='word_1_216' title='bbox 310 1845 333 1873; x_wconf 90' lang='lat' dir='ltr'>ao</span> <span class='ocrx_word' id='word_1_217' title='bbox 347 1831 470 1873; x_wconf 84' lang='lat' dir='ltr'>resurrectio</span> <span class='ocrx_word' id='word_1_218' title='bbox 487 1831 573 1888; x_wconf 85' lang='lat' dir='ltr'>imagine</span> <span class='ocrx_word' id='word_1_219' title='bbox 585 1833 628 1874; x_wconf 86' lang='lat' dir='ltr'>sola</span> <span class='ocrx_word' id='word_1_220' title='bbox 641 1839 660 1874; x_wconf 87' lang='lat' dir='ltr'>et</span> <span class='ocrx_word' id='word_1_221' title='bbox 672 1833 821 1875; x_wconf 86' lang='lat' dir='ltr'>adumbratione</span> <span class='ocrx_word' id='word_1_222' title='bbox 838 1833 881 1875; x_wconf 89' lang='lat' dir='ltr'>lieri</span> 
     </span>
     <span class='ocr_line' id='line_1_25' title="bbox 96 1898 881 1959; baseline 0.001 -16"><span class='ocrx_word' id='word_1_223' title='bbox 96 1901 207 1953; x_wconf 82' lang='lat' dir='ltr'>diceretur,</span> <span class='ocrx_word' id='word_1_224' title='bbox 224 1914 275 1956; x_wconf 92' lang='lat' dir='ltr'>quae</span> <span class='ocrx_word' id='word_1_225' title='bbox 286 1907 317 1942; x_wconf 90' lang='lat' dir='ltr'>est</span> <span class='ocrx_word' id='word_1_226' title='bbox 328 1900 382 1957; x_wconf 87' lang='lat' dir='ltr'>impii</span> <span class='ocrx_word' id='word_1_227' title='bbox 395 1898 509 1942; x_wconf 87' lang='lat' dir='ltr'>Manichaei</span> <span class='ocrx_word' id='word_1_228' title='bbox 519 1900 627 1943; x_wconf 87' lang='lat' dir='ltr'>sententia.</span> <span class='ocrx_word' id='word_1_229' title='bbox 658 1901 720 1958; x_wconf 84' lang='lat' dir='ltr'>Atqui</span> <span class='ocrx_word' id='word_1_230' title='bbox 731 1917 770 1944; x_wconf 91' lang='lat' dir='ltr'>non</span> <span class='ocrx_word' id='word_1_231' title='bbox 782 1903 824 1944; x_wconf 91' lang='lat' dir='ltr'>sola</span> <span class='ocrx_word' id='word_1_232' title='bbox 836 1916 881 1959; x_wconf 90' lang='lat' dir='ltr'>spe-</span> 
     </span>
     <span class='ocr_line' id='line_1_26' title="bbox 96 1969 882 2028; baseline 0.001 -17"><span class='ocrx_word' id='word_1_233' title='bbox 96 1971 127 2012; x_wconf 87' lang='lat' dir='ltr'>oie</span> <span class='ocrx_word' id='word_1_234' title='bbox 139 1978 251 2026; x_wconf 87' lang='lat' dir='ltr'>comparata</span> <span class='ocrx_word' id='word_1_235' title='bbox 263 1970 320 2011; x_wconf 92' lang='lat' dir='ltr'>uobis</span> <span class='ocrx_word' id='word_1_236' title='bbox 331 1970 386 2011; x_wconf 84' lang='lat' dir='ltr'>salus</span> <span class='ocrx_word' id='word_1_237' title='bbox 398 1977 442 2021; x_wconf 87' lang='lat' dir='ltr'>est,</span> <span class='ocrx_word' id='word_1_238' title='bbox 465 1977 498 2010; x_wconf 91' lang='lat' dir='ltr'>aut</span> <span class='ocrx_word' id='word_1_239' title='bbox 510 1970 548 2011; x_wconf 92' lang='lat' dir='ltr'>soli</span> <span class='ocrx_word' id='word_1_240' title='bbox 561 1969 633 2012; x_wconf 86' lang='lat' dir='ltr'>tributa</span> <span class='ocrx_word' id='word_1_241' title='bbox 646 1972 738 2028; x_wconf 86' lang='lat' dir='ltr'>corpori,</span> <span class='ocrx_word' id='word_1_242' title='bbox 760 1973 794 2014; x_wconf 77' lang='lat' dir='ltr'>secl</span> <span class='ocrx_word' id='word_1_243' title='bbox 806 1972 842 2012; x_wconf 92' lang='lat' dir='ltr'>toti</span> <span class='ocrx_word' id='word_1_244' title='bbox 852 1971 882 2013; x_wconf 89' lang='lat' dir='ltr'>vi·</span> 
     </span>
     <span class='ocr_line' id='line_1_27' title="bbox 96 2037 882 2097; baseline 0.004 -17"><span class='ocrx_word' id='word_1_245' title='bbox 96 2038 271 2090; x_wconf 65' lang='lat' dir='ltr'>ratiocinamini,</span> <span class='ocrx_word' id='word_1_246' title='bbox 294 2038 385 2089; x_wconf 87' lang='lat' dir='ltr'>animae,</span> <span class='ocrx_word' id='word_1_247' title='bbox 407 2037 498 2093; x_wconf 84' lang='lat' dir='ltr'>iuquam,</span> <span class='ocrx_word' id='word_1_248' title='bbox 521 2039 600 2095; x_wconf 90' lang='lat' dir='ltr'>corpori</span> <span class='ocrx_word' id='word_1_249' title='bbox 617 2040 671 2081; x_wconf 89' lang='lat' dir='ltr'>salus</span> <span class='ocrx_word' id='word_1_250' title='bbox 688 2048 718 2081; x_wconf 89' lang='lat' dir='ltr'>est</span> <span class='ocrx_word' id='word_1_251' title='bbox 732 2042 798 2097; x_wconf 90' lang='lat' dir='ltr'>reipsa</span> <span class='ocrx_word' id='word_1_252' title='bbox 814 2042 882 2083; x_wconf 89' lang='lat' dir='ltr'>eonci-</span> 
     </span>
     <span class='ocr_line' id='line_1_28' title="bbox 96 2106 882 2164; baseline 0.004 -15"><span class='ocrx_word' id='word_1_253' title='bbox 96 2108 151 2150; x_wconf 89' lang='lat' dir='ltr'>liata.</span> <span class='ocrx_word' id='word_1_254' title='bbox 183 2106 253 2163; x_wconf 89' lang='lat' dir='ltr'>ltaque</span> <span class='ocrx_word' id='word_1_255' title='bbox 270 2121 342 2164; x_wconf 90' lang='lat' dir='ltr'>corpus</span> <span class='ocrx_word' id='word_1_256' title='bbox 359 2106 406 2148; x_wconf 85' lang='lat' dir='ltr'>itlno</span> <span class='ocrx_word' id='word_1_257' title='bbox 424 2107 542 2159; x_wconf 88' lang='lat' dir='ltr'>salvatoris,</span> <span class='ocrx_word' id='word_1_258' title='bbox 564 2109 627 2164; x_wconf 87' lang='lat' dir='ltr'>quod,</span> <span class='ocrx_word' id='word_1_259' title='bbox 651 2116 672 2150; x_wconf 87' lang='lat' dir='ltr'>ut</span> <span class='ocrx_word' id='word_1_260' title='bbox 685 2123 754 2151; x_wconf 89' lang='lat' dir='ltr'>sacrae</span> <span class='ocrx_word' id='word_1_261' title='bbox 768 2111 838 2152; x_wconf 90' lang='lat' dir='ltr'>literae</span> <span class='ocrx_word' id='word_1_262' title='bbox 852 2118 882 2152; x_wconf 90' lang='lat' dir='ltr'>te·</span> 
     </span>
     <span class='ocr_line' id='line_1_29' title="bbox 96 2174 881 2231; baseline 0.004 -13"><span class='ocrx_word' id='word_1_263' title='bbox 96 2182 186 2228; x_wconf 86' lang='lat' dir='ltr'>stantur,</span> <span class='ocrx_word' id='word_1_264' title='bbox 202 2191 214 2218; x_wconf 86' lang='lat' dir='ltr'>e</span> <span class='ocrx_word' id='word_1_265' title='bbox 226 2174 292 2218; x_wconf 90' lang='lat' dir='ltr'>Maria</span> <span class='ocrx_word' id='word_1_266' title='bbox 304 2177 427 2231; x_wconf 82' lang='lat' dir='ltr'>desumptum</span> <span class='ocrx_word' id='word_1_267' title='bbox 438 2183 481 2228; x_wconf 84' lang='lat' dir='ltr'>est,</span> <span class='ocrx_word' id='word_1_268' title='bbox 498 2176 604 2218; x_wconf 89' lang='lat' dir='ltr'>humanum</span> <span class='ocrx_word' id='word_1_269' title='bbox 616 2191 639 2218; x_wconf 89' lang='lat' dir='ltr'>ao</span> <span class='ocrx_word' id='word_1_270' title='bbox 650 2192 719 2220; x_wconf 89' lang='lat' dir='ltr'>verum</span> <span class='ocrx_word' id='word_1_271' title='bbox 732 2179 807 2220; x_wconf 81' lang='lat' dir='ltr'>extitit.</span> <span class='ocrx_word' id='word_1_272' title='bbox 838 2178 881 2221; x_wconf 87' lang='lat' dir='ltr'>Ve-</span> 
     </span>
     <span class='ocr_line' id='line_1_30' title="bbox 96 2245 881 2301; baseline 0.004 -14"><span class='ocrx_word' id='word_1_273' title='bbox 96 2260 152 2297; x_wconf 83' lang='lat' dir='ltr'>runr,</span> <span class='ocrx_word' id='word_1_274' title='bbox 173 2245 266 2301; x_wconf 86' lang='lat' dir='ltr'>inquam,</span> <span class='ocrx_word' id='word_1_275' title='bbox 287 2252 394 2301; x_wconf 84' lang='lat' dir='ltr'>propterea</span> <span class='ocrx_word' id='word_1_276' title='bbox 405 2245 457 2300; x_wconf 83' lang='lat' dir='ltr'>quotl</span> <span class='ocrx_word' id='word_1_277' title='bbox 467 2245 519 2287; x_wconf 88' lang='lat' dir='ltr'>idem</span> <span class='ocrx_word' id='word_1_278' title='bbox 531 2246 612 2287; x_wconf 91' lang='lat' dir='ltr'>omnino</span> <span class='ocrx_word' id='word_1_279' title='bbox 622 2261 666 2288; x_wconf 92' lang='lat' dir='ltr'>cum</span> <span class='ocrx_word' id='word_1_280' title='bbox 678 2255 748 2289; x_wconf 88' lang='lat' dir='ltr'>nostro</span> <span class='ocrx_word' id='word_1_281' title='bbox 761 2249 805 2290; x_wconf 87' lang='lat' dir='ltr'>luit.</span> <span class='ocrx_word' id='word_1_282' title='bbox 836 2246 881 2290; x_wconf 81' lang='lat' dir='ltr'>Ma-</span> 
     </span>
     <span class='ocr_line' id='line_1_31' title="bbox 96 2313 881 2372; baseline 0.005 -16"><span class='ocrx_word' id='word_1_283' title='bbox 96 2315 127 2357; x_wconf 90' lang='lat' dir='ltr'>ria</span> <span class='ocrx_word' id='word_1_284' title='bbox 139 2314 209 2370; x_wconf 90' lang='lat' dir='ltr'>quippe</span> <span class='ocrx_word' id='word_1_285' title='bbox 221 2328 280 2356; x_wconf 88' lang='lat' dir='ltr'>soror</span> <span class='ocrx_word' id='word_1_286' title='bbox 290 2321 360 2356; x_wconf 87' lang='lat' dir='ltr'>nostra</span> <span class='ocrx_word' id='word_1_287' title='bbox 374 2313 422 2365; x_wconf 82' lang='lat' dir='ltr'>tuit,</span> <span class='ocrx_word' id='word_1_288' title='bbox 444 2328 488 2355; x_wconf 87' lang='lat' dir='ltr'>eum</span> <span class='ocrx_word' id='word_1_289' title='bbox 502 2315 527 2356; x_wconf 90' lang='lat' dir='ltr'>ab</span> <span class='ocrx_word' id='word_1_290' title='bbox 540 2315 619 2357; x_wconf 82' lang='lat' dir='ltr'>Adamo</span> <span class='ocrx_word' id='word_1_291' title='bbox 634 2315 732 2372; x_wconf 86' lang='lat' dir='ltr'>originem</span> <span class='ocrx_word' id='word_1_292' title='bbox 743 2331 813 2359; x_wconf 92' lang='lat' dir='ltr'>omnes</span> <span class='ocrx_word' id='word_1_293' title='bbox 823 2331 881 2359; x_wconf 89' lang='lat' dir='ltr'>acoe-</span> 
     </span>
     <span class='ocr_line' id='line_1_32' title="bbox 97 2381 882 2443; baseline 0.004 -17"><span class='ocrx_word' id='word_1_294' title='bbox 97 2383 192 2440; x_wconf 89' lang='lat' dir='ltr'>perimus.</span> <span class='ocrx_word' id='word_1_295' title='bbox 223 2381 295 2439; x_wconf 89' lang='lat' dir='ltr'>Neque</span> <span class='ocrx_word' id='word_1_296' title='bbox 307 2397 356 2426; x_wconf 86' lang='lat' dir='ltr'>vero</span> <span class='ocrx_word' id='word_1_297' title='bbox 372 2382 499 2425; x_wconf 86' lang='lat' dir='ltr'>dubitandum</span> <span class='ocrx_word' id='word_1_298' title='bbox 512 2398 535 2426; x_wconf 86' lang='lat' dir='ltr'>ea</span> <span class='ocrx_word' id='word_1_299' title='bbox 547 2385 571 2426; x_wconf 91' lang='lat' dir='ltr'>de</span> <span class='ocrx_word' id='word_1_300' title='bbox 581 2398 604 2425; x_wconf 90' lang='lat' dir='ltr'>re</span> <span class='ocrx_word' id='word_1_301' title='bbox 617 2386 704 2441; x_wconf 82' lang='lat' dir='ltr'>putabit,</span> <span class='ocrx_word' id='word_1_302' title='bbox 726 2387 788 2443; x_wconf 87' lang='lat' dir='ltr'>siquis</span> <span class='ocrx_word' id='word_1_303' title='bbox 803 2400 826 2428; x_wconf 91' lang='lat' dir='ltr'>ea</span> <span class='ocrx_word' id='word_1_304' title='bbox 840 2401 882 2429; x_wconf 89' lang='lat' dir='ltr'>me-</span> 
     </span>
     <span class='ocr_line' id='line_1_33' title="bbox 97 2450 881 2511; baseline 0.005 -18"><span class='ocrx_word' id='word_1_305' title='bbox 97 2452 177 2494; x_wconf 88' lang='lat' dir='ltr'>minerit</span> <span class='ocrx_word' id='word_1_306' title='bbox 193 2466 244 2507; x_wconf 87' lang='lat' dir='ltr'>quae</span> <span class='ocrx_word' id='word_1_307' title='bbox 261 2459 308 2494; x_wconf 91' lang='lat' dir='ltr'>sunt</span> <span class='ocrx_word' id='word_1_308' title='bbox 320 2466 331 2494; x_wconf 88' lang='lat' dir='ltr'>a</span> <span class='ocrx_word' id='word_1_309' title='bbox 345 2450 402 2494; x_wconf 88' lang='lat' dir='ltr'>Luca</span> <span class='ocrx_word' id='word_1_310' title='bbox 415 2452 497 2508; x_wconf 89' lang='lat' dir='ltr'>scripta.</span> <span class='ocrx_word' id='word_1_311' title='bbox 529 2450 580 2494; x_wconf 85' lang='lat' dir='ltr'>Cum</span> <span class='ocrx_word' id='word_1_312' title='bbox 593 2454 645 2495; x_wconf 89' lang='lat' dir='ltr'>enim</span> <span class='ocrx_word' id='word_1_313' title='bbox 662 2462 707 2511; x_wconf 88' lang='lat' dir='ltr'>post</span> <span class='ocrx_word' id='word_1_314' title='bbox 723 2455 776 2497; x_wconf 86' lang='lat' dir='ltr'>illius</span> <span class='ocrx_word' id='word_1_315' title='bbox 790 2470 881 2498; x_wconf 87' lang='lat' dir='ltr'>resurre-</span> 
     </span>
     <span class='ocr_line' id='line_1_34' title="bbox 97 2520 882 2581; baseline 0.005 -18"><span class='ocrx_word' id='word_1_316' title='bbox 97 2522 183 2564; x_wconf 86' lang='lat' dir='ltr'>ctionem</span> <span class='ocrx_word' id='word_1_317' title='bbox 198 2520 288 2562; x_wconf 87' lang='lat' dir='ltr'>nonnulli</span> <span class='ocrx_word' id='word_1_318' title='bbox 304 2522 454 2579; x_wconf 86' lang='lat' dir='ltr'>suspicareutur</span> <span class='ocrx_word' id='word_1_319' title='bbox 469 2536 509 2563; x_wconf 89' lang='lat' dir='ltr'>non</span> <span class='ocrx_word' id='word_1_320' title='bbox 522 2521 542 2563; x_wconf 92' lang='lat' dir='ltr'>in</span> <span class='ocrx_word' id='word_1_321' title='bbox 556 2522 626 2564; x_wconf 88' lang='lat' dir='ltr'>eodem</span> <span class='ocrx_word' id='word_1_322' title='bbox 637 2522 672 2565; x_wconf 89' lang='lat' dir='ltr'>illo</span> <span class='ocrx_word' id='word_1_323' title='bbox 684 2539 767 2580; x_wconf 91' lang='lat' dir='ltr'>corpore</span> <span class='ocrx_word' id='word_1_324' title='bbox 780 2525 832 2581; x_wconf 87' lang='lat' dir='ltr'>quod</span> <span class='ocrx_word' id='word_1_325' title='bbox 845 2538 882 2567; x_wconf 85' lang='lat' dir='ltr'>ex·</span> 
     </span>
     <span class='ocr_line' id='line_1_35' title="bbox 97 2588 881 2650; baseline 0.004 -17"><span class='ocrx_word' id='word_1_326' title='bbox 97 2604 188 2647; x_wconf 89' lang='lat' dir='ltr'>pressum</span> <span class='ocrx_word' id='word_1_327' title='bbox 200 2603 211 2631; x_wconf 88' lang='lat' dir='ltr'>e</span> <span class='ocrx_word' id='word_1_328' title='bbox 223 2588 289 2631; x_wconf 89' lang='lat' dir='ltr'>Maria</span> <span class='ocrx_word' id='word_1_329' title='bbox 300 2591 364 2632; x_wconf 85' lang='lat' dir='ltr'>luerat</span> <span class='ocrx_word' id='word_1_330' title='bbox 376 2589 475 2632; x_wconf 91' lang='lat' dir='ltr'>dominum</span> <span class='ocrx_word' id='word_1_331' title='bbox 488 2605 533 2633; x_wconf 90' lang='lat' dir='ltr'>sese</span> <span class='ocrx_word' id='word_1_332' title='bbox 545 2591 648 2645; x_wconf 88' lang='lat' dir='ltr'>contueri,</span> <span class='ocrx_word' id='word_1_333' title='bbox 665 2594 700 2635; x_wconf 86' lang='lat' dir='ltr'>sed</span> <span class='ocrx_word' id='word_1_334' title='bbox 712 2593 755 2636; x_wconf 89' lang='lat' dir='ltr'>eius</span> <span class='ocrx_word' id='word_1_335' title='bbox 766 2594 812 2636; x_wconf 89' lang='lat' dir='ltr'>loeo</span> <span class='ocrx_word' id='word_1_336' title='bbox 823 2594 881 2650; x_wconf 88' lang='lat' dir='ltr'>spiri-</span> 
     </span>
     <span class='ocr_line' id='line_1_36' title="bbox 98 2657 984 2716; baseline 0.007 -15"><span class='ocrx_word' id='word_1_337' title='bbox 98 2665 139 2701; x_wconf 88' lang='lat' dir='ltr'>tum</span> <span class='ocrx_word' id='word_1_338' title='bbox 152 2658 233 2711; x_wconf 86' lang='lat' dir='ltr'>offerri,</span> <span class='ocrx_word' id='word_1_339' title='bbox 256 2657 331 2701; x_wconf 85' lang='lat' dir='ltr'>siccos</span> <span class='ocrx_word' id='word_1_340' title='bbox 345 2659 443 2701; x_wconf 90' lang='lat' dir='ltr'>allocutus</span> <span class='ocrx_word' id='word_1_341' title='bbox 461 2667 503 2702; x_wconf 85' lang='lat' dir='ltr'>est:</span> <span class='ocrx_word' id='word_1_342' title='bbox 527 2664 839 2716; x_wconf 73' lang='lat' dir='ltr'>Wbletemcnusetpedesmeos,</span> <span class='ocrx_word' id='word_1_343' title='bbox 862 2671 984 2715; x_wconf 57' lang='lat' dir='ltr'>erutorum.</span> 
     </span>
     <span class='ocr_line' id='line_1_37' title="bbox 65 2730 881 2787; baseline 0.005 -18"><span class='ocrx_word' id='word_1_344' title='bbox 65 2766 68 2769; x_wconf 17' lang='grc' dir='ltr'><em>Α</em></span> <span class='ocrx_word' id='word_1_345' title='bbox 97 2731 178 2781; x_wconf 79' lang='lat' dir='ltr'>uestr&#39;gzit</span> <span class='ocrx_word' id='word_1_346' title='bbox 190 2730 298 2778; x_wconf 81' lang='lat' dir='ltr'>clarorum,</span> <span class='ocrx_word' id='word_1_347' title='bbox 314 2731 449 2782; x_wconf 76' lang='lat' dir='ltr'>quontbmego</span> <span class='ocrx_word' id='word_1_348' title='bbox 461 2745 502 2770; x_wconf 80' lang='lat' dir='ltr'>rtem</span> <span class='ocrx_word' id='word_1_349' title='bbox 514 2733 564 2784; x_wconf 73' lang='lat' dir='ltr'>quse,</span> <span class='ocrx_word' id='word_1_350' title='bbox 583 2733 771 2784; x_wconf 69' lang='lat' dir='ltr'>pabrateetcr&#39;dete,</span> <span class='ocrx_word' id='word_1_351' title='bbox 793 2736 881 2787; x_wconf 70' lang='lat' dir='ltr'>quomrum</span> 
     </span>
     <span class='ocr_line' id='line_1_38' title="bbox 97 2800 882 2855; baseline 0.006 -18"><span class='ocrx_word' id='word_1_352' title='bbox 97 2800 178 2851; x_wconf 82' lang='lat' dir='ltr'>spiritus</span> <span class='ocrx_word' id='word_1_353' title='bbox 196 2812 272 2838; x_wconf 85' lang='lat' dir='ltr'>curnem</span> <span class='ocrx_word' id='word_1_354' title='bbox 287 2805 306 2838; x_wconf 88' lang='lat' dir='ltr'>et</span> <span class='ocrx_word' id='word_1_355' title='bbox 319 2812 362 2838; x_wconf 82' lang='lat' dir='ltr'>ossa</span> <span class='ocrx_word' id='word_1_356' title='bbox 375 2813 413 2843; x_wconf 78' lang='lat' dir='ltr'>nou</span> <span class='ocrx_word' id='word_1_357' title='bbox 425 2800 493 2848; x_wconf 82' lang='lat' dir='ltr'>babet,</span> <span class='ocrx_word' id='word_1_358' title='bbox 514 2804 566 2840; x_wconf 68' lang='lat' dir='ltr'>sicot</span> <span class='ocrx_word' id='word_1_359' title='bbox 580 2814 609 2840; x_wconf 82' lang='lat' dir='ltr'>me</span> <span class='ocrx_word' id='word_1_360' title='bbox 624 2803 693 2841; x_wconf 79' lang='lat' dir='ltr'>ridetis</span> <span class='ocrx_word' id='word_1_361' title='bbox 709 2803 791 2842; x_wconf 82' lang='lat' dir='ltr'>babere:</span> <span class='ocrx_word' id='word_1_362' title='bbox 813 2803 882 2855; x_wconf 74' lang='lat' dir='ltr'>putten</span> 
     </span>
     <span class='ocr_line' id='line_1_39' title="bbox 98 2867 882 2926; baseline 0.007 -19"><span class='ocrx_word' id='word_1_363' title='bbox 98 2868 155 2907; x_wconf 69' lang='lat' dir='ltr'>utem</span> <span class='ocrx_word' id='word_1_364' title='bbox 166 2869 249 2908; x_wconf 79' lang='lat' dir='ltr'>ostendit</span> <span class='ocrx_word' id='word_1_365' title='bbox 258 2869 298 2908; x_wconf 81' lang='lat' dir='ltr'>illis</span> <span class='ocrx_word' id='word_1_366' title='bbox 309 2881 376 2908; x_wconf 83' lang='lat' dir='ltr'>manus</span> <span class='ocrx_word' id='word_1_367' title='bbox 385 2875 405 2907; x_wconf 90' lang='lat' dir='ltr'>et</span> <span class='ocrx_word' id='word_1_368' title='bbox 411 2871 477 2921; x_wconf 80' lang='lat' dir='ltr'>pedes.</span> <span class='ocrx_word' id='word_1_369' title='bbox 510 2867 543 2911; x_wconf 81' lang='lat' dir='ltr'>Ex</span> <span class='ocrx_word' id='word_1_370' title='bbox 555 2883 593 2925; x_wconf 93' lang='lat' dir='ltr'>quo</span> <span class='ocrx_word' id='word_1_371' title='bbox 603 2868 631 2910; x_wconf 89' lang='lat' dir='ltr'>illi</span> <span class='ocrx_word' id='word_1_372' title='bbox 643 2870 792 2926; x_wconf 79' lang='lat' dir='ltr'>redarguuntur</span> <span class='ocrx_word' id='word_1_373' title='bbox 801 2871 871 2926; x_wconf 89' lang='lat' dir='ltr'>quio</span> <span class='ocrx_word' id='word_1_374' title='bbox 847 2871 882 2912; x_wconf 83' lang='lat' dir='ltr'>to-</span> 
     </span>
    </p>
   </div>
   <div class='ocr_carea' id='block_1_3' title="bbox 120 2955 883 3143">
    <p class='ocr_par' dir='ltr' id='par_1_4' title="bbox 120 2955 883 3049">
     <span class='ocr_line' id='line_1_40' title="bbox 120 2955 883 3013; baseline 0.008 -23"><span class='ocrx_word' id='word_1_375' title='bbox 120 2957 137 2990; x_wconf 75' lang='lat'>4</span> <span class='ocrx_word' id='word_1_376' title='bbox 149 2955 217 3013; x_wconf 73' lang='grc' dir='ltr'><strong>γέγονεν</strong></span> <span class='ocrx_word' id='word_1_377' title='bbox 229 2960 272 2992; x_wconf 83' lang='lat' dir='ltr'>abest</span> <span class='ocrx_word' id='word_1_378' title='bbox 283 2960 324 2992; x_wconf 85' lang='lat' dir='ltr'>cB.</span> <span class='ocrx_word' id='word_1_379' title='bbox 502 2972 524 3003; x_wconf 79' lang='grc' dir='ltr'>ην</span> <span class='ocrx_word' id='word_1_380' title='bbox 534 2959 551 2995; x_wconf 77' lang='grc' dir='ltr'>ἐν</span> <span class='ocrx_word' id='word_1_381' title='bbox 560 2961 584 3006; x_wconf 81' lang='grc' dir='ltr'>τῷ</span> <span class='ocrx_word' id='word_1_382' title='bbox 596 2961 621 2993; x_wconf 78' lang='lat' dir='ltr'>ed.</span> <span class='ocrx_word' id='word_1_383' title='bbox 630 2964 682 3002; x_wconf 81' lang='lat' dir='ltr'>princ.</span> <span class='ocrx_word' id='word_1_384' title='bbox 698 2963 833 3005; x_wconf 78' lang='lat' dir='ltr'>Praeposttzmern</span> <span class='ocrx_word' id='word_1_385' title='bbox 843 2965 883 2996; x_wconf 80' lang='lat' dir='ltr'>certe</span> 
     </span>
     <span class='ocr_line' id='line_1_41' title="bbox 121 3000 739 3051; baseline 0.011 -16"><span class='ocrx_word' id='word_1_386' title='bbox 121 3004 137 3035; x_wconf 75' lang='lat' dir='ltr'>b.</span> <span class='ocrx_word' id='word_1_387' title='bbox 150 3000 163 3036; x_wconf 76' lang='lat' dir='ltr'>r‘</span> <span class='ocrx_word' id='word_1_388' title='bbox 176 3014 217 3038; x_wconf 85' lang='grc' dir='ltr'>σωτ.</span> <span class='ocrx_word' id='word_1_389' title='bbox 229 3016 266 3049; x_wconf 70' lang='lat' dir='ltr'>rep.</span> <span class='ocrx_word' id='word_1_390' title='bbox 280 3004 296 3040; x_wconf 72' lang='grc' dir='ltr'>ἐν</span> <span class='ocrx_word' id='word_1_391' title='bbox 307 3001 355 3051; x_wconf 70' lang='grc' dir='ltr'><strong><em>αὐτῷ</em></strong></span> <span class='ocrx_word' id='word_1_392' title='bbox 366 3005 391 3050; x_wconf 79' lang='grc' dir='ltr'>τῷ</span> <span class='ocrx_word' id='word_1_393' title='bbox 403 3002 480 3049; x_wconf 79' lang='grc' dir='ltr'>λόγωΒ.</span> <span class='ocrx_word' id='word_1_394' title='bbox 502 3008 647 3040; x_wconf 85' lang='lat' dir='ltr'>cancetltsnotuur&#39;t</span> <span class='ocrx_word' id='word_1_395' title='bbox 658 3009 739 3042; x_wconf 75' lang='lat' dir='ltr'>Peaeum.</span> 
     </span>
    </p>

    <p class='ocr_par' dir='ltr' id='par_1_5' title="bbox 121 3040 658 3107">
     <span class='ocr_line' id='line_1_42' title="bbox 121 3040 658 3107; baseline 0.008 -25"><span class='ocrx_word' id='word_1_396' title='bbox 121 3041 164 3083; x_wconf 85' lang='lat'>6.⁷</span> <span class='ocrx_word' id='word_1_397' title='bbox 150 3060 172 3103; x_wconf 78' lang='lat' dir='ltr'>qp</span> <span class='ocrx_word' id='word_1_398' title='bbox 184 3047 203 3084; x_wconf 73' lang='lat' dir='ltr'>rb</span> <span class='ocrx_word' id='word_1_399' title='bbox 207 3060 270 3107; x_wconf 85' lang='grc' dir='ltr'>σωμα</span> <span class='ocrx_word' id='word_1_400' title='bbox 281 3062 311 3086; x_wconf 81' lang='grc' dir='ltr'>του</span> <span class='ocrx_word' id='word_1_401' title='bbox 323 3040 410 3096; x_wconf 78' lang='grc' dir='ltr'>κυρίουΒ.</span> <span class='ocrx_word' id='word_1_402' title='bbox 526 3052 543 3087; x_wconf 79' lang='lat' dir='ltr'>S.</span> <span class='ocrx_word' id='word_1_403' title='bbox 556 3064 588 3097; x_wconf 86' lang='grc' dir='ltr'>μ,ε</span> <span class='ocrx_word' id='word_1_404' title='bbox 599 3051 658 3086; x_wconf 72' lang='lat' dir='ltr'>uelit.</span> 
     </span>
    </p>

    <p class='ocr_par' dir='ltr' id='par_1_6' title="bbox 121 3065 669 3143">
     <span class='ocr_line' id='line_1_43' title="bbox 121 3065 669 3143; baseline 0.002 -12"><span class='ocrx_word' id='word_1_405' title='bbox 121 3095 138 3131; x_wconf 84' lang='lat'>7</span> <span class='ocrx_word' id='word_1_406' title='bbox 156 3106 179 3139; x_wconf 76' lang='grc' dir='ltr'>ην</span> <span class='ocrx_word' id='word_1_407' title='bbox 189 3094 216 3140; x_wconf 78' lang='grc' dir='ltr'>τῷ</span> <span class='ocrx_word' id='word_1_408' title='bbox 232 3094 260 3139; x_wconf 86' lang='grc' dir='ltr'>(τὸ</span> <span class='ocrx_word' id='word_1_409' title='bbox 277 3098 312 3131; x_wconf 80' lang='lat' dir='ltr'>eod</span> <span class='ocrx_word' id='word_1_410' title='bbox 326 3098 367 3143; x_wconf 82' lang='lat' dir='ltr'>len.)</span> <span class='ocrx_word' id='word_1_411' title='bbox 382 3097 428 3130; x_wconf 80' lang='lat' dir='ltr'>codd.</span> <span class='ocrx_word' id='word_1_412' title='bbox 442 3107 480 3132; x_wconf 86' lang='lat' dir='ltr'>mss.</span> <span class='ocrx_word' id='word_1_413' title='bbox 526 3097 543 3133; x_wconf 82' lang='lat'>9.</span> <span class='ocrx_word' id='word_1_414' title='bbox 555 3065 669 3139; x_wconf 53' lang='grc' dir='ltr'>ἓπέδειξενΒ.</span> 
     </span>
    </p>
   </div>
   <div class='ocr_carea' id='block_1_4' title="bbox 0 0 1003 3392">
    <p class='ocr_par' dir='ltr' id='par_1_7' title="bbox 0 0 1003 3392">
     <span class='ocr_line' id='line_1_44' title="bbox 0 0 1003 3392; baseline 0 0"><span class='ocrx_word' id='word_1_415' title='bbox 0 0 1003 3392; x_wconf 95' lang='lat' dir='ltr'> </span> 
     </span>
    </p>
   </div>
  </div>
 </body>
</html>
