1988 3392
354 251 574 285 unacnruatanosrs.
814 237 855 279 585

78 343 132 382 mant
142 333 183 377 alii.
215 330 310 375 Ceterum
320 331 374 373 nulla
383 332 458 386 peccati
470 331 588 387 contagione
599 328 689 371 loedatus
699 335 741 380 est,
757 341 857 383 nunqnam

78 421 100 450 os
111 404 164 447 illius
173 401 276 443 mentitum
287 405 330 441 est:
346 414 406 454 neque
417 402 467 441 labdo
479 403 542 441 dolam
553 402 617 440 loretto
627 405 679 447 sont,
696 411 731 439 cor
741 397 765 439 ad
776 396 858 438 irritan-
879 398 943 461 ¹3⁹5}

78 477 122 518 dnm
134 473 192 513 deum
205 483 244 511 nou
255 468 372 521 declinavit,
393 482 450 510 mens
467 469 490 509 ad
503 468 587 523 eaquae
602 467 659 510 nelas
671 473 702 508 est
715 480 754 507 non
766 464 856 516 deflexit,
898 454 904 469 '

78 556 124 585 earo
137 538 185 582 nihil
194 551 263 580 eorum
276 550 327 593 quae
341 537 365 579 ad
377 536 443 579 carnis
455 525 574 591 rotnpratem
586 535 686 592 pertinent
697 534 787 586 admisit,
809 535 858 576 deus

79 612 102 653 ab
114 615 197 651 aeterno
210 607 321 663 perlectus,
342 606 374 661 qui
389 620 429 647 uon
447 612 469 646 ut
483 605 503 646 iu
515 603 594 651 homine
604 603 703 646 habitaret
713 602 806 654 advenit,
822 602 858 644 sed

79 678 159 722 verbum
172 675 236 731 ipsum
248 673 346 715 hominem
356 672 430 725 induit,
448 688 487 715 non
500 680 570 714 natura
583 680 687 724 mutatum,
703 673 795 714 sedeam
808 685 858 727 quae

79 744 162 789 hominis
173 743 254 799 propria
265 749 296 784 est
307 756 351 783 cum
364 743 466 784 divinitate
477 742 610 797 complexum.
640 740 664 782 ln
675 740 758 797 virginis
769 747 827 782 utero
837 753 859 781 re

79 828 126 857 vera
137 812 228 869 genitus,
249 824 273 851 ac
285 824 322 866 per
336 810 433 865 genitales
450 817 526 852 meatus
541 809 561 850 in
580 810 643 851 lucem
659 808 736 860 editus,
758 808 803 850 siue
819 807 860 849 ulla

79 879 211 938 turpitudine,
232 879 326 920 foeditate
340 879 374 919 vel
389 878 441 920 labe.
472 877 522 920 Post
537 878 585 919 haec
598 878 704 930 educatus,
726 874 859 934 atqueaSy·

79 963 149 994 meone
160 955 180 990 ct
191 947 250 989 Anna
263 947 284 989 in
295 946 346 989 ulnis
359 954 461 1003 gestatus,
478 961 489 988 a
499 944 566 988 Maria
578 952 678 1001 portatus,
694 946 733 988 iter
744 953 813 1002 postea
825 959 859 1002 pe-

79 1019 134 1061 dibus
145 1015 244 1068 confecit,
260 1014 398 1071 peregrinatus
409 1022 451 1067 est,
467 1016 490 1057 ad
503 1014 607 1071 pueritiam
619 1014 723 1070 pervenit,
739 1021 804 1055 aelate
816 1028 860 1055 cor-

79 1088 159 1129 boratus
173 1091 215 1136 est,
237 1083 322 1126 humana
336 1084 357 1125 in
370 1097 393 1126 se
403 1084 469 1126 omnia
485 1084 573 1140 perfecte
588 1082 667 1135 habuit,
689 1096 786 1124 annorum
804 1096 860 1124 men-

79 1156 167 1210 siumque
185 1166 268 1195 numero
285 1166 358 1194 census
370 1159 414 1204 est,
434 1153 454 1193 in
469 1152 596 1208 praegnantis
607 1158 665 1192 utero
675 1158 776 1207 gestatus,
790 1153 860 1207 foetur
872 1156 907 1185 car.
916 1156 931 1193 t,
940 1156 954 1185 t.

79 1225 187 1271 emolere,
208 1223 275 1275 scetus
284 1222 320 1261 rab
332 1223 385 1274 lege,-
406 1221 476 1263 deinde
491 1221 515 1262 ad
528 1218 633 1262 Iordanem
649 1220 750 1276 proiectus
764 1227 807 1272 est,
823 1220 860 1261 iti-

80 1293 161 1345 demque
174 1288 272 1332 aloaune
287 1289 410 1345 baptizatus,
432 1303 475 1330 oum
492 1288 567 1331 lotione
585 1288 633 1330 nilril
646 1302 696 1344 opus
707 1288 802 1339 haberet,
824 1289 860 1331 sed

80 1367 101 1401 ut
115 1373 139 1401 ea
155 1371 206 1414 quae
222 1365 327 1413 susceptae
342 1358 427 1399 hominis
446 1364 529 1399 naturae
545 1364 679 1399 consentanea
696 1364 743 1399 suut
759 1363 859 1409 servaret,

79 1427 164 1469 iustitiae
174 1426 237 1481 legem
249 1427 366 1482 perturbare
378 1425 453 1477 uoluit,
469 1428 623 1479 reimpleretur,
640 1426 803 1481 quemadmodum
816 1425 860 1481 ipse
883 1431 942 1495 papp-

80 1496 138 1547 dicit,
160 1497 318 1543 omnt'st'cstt'trtr,
340 1501 399 1550 atque
416 1508 544 1536 veramase
558 1508 638 1535 carnem
653 1507 760 1548 veramque
775 1494 860 1535 hominis
900 1488 906 1501 ’
932 1485 937 1493 ⁴

80 1570 169 1605 naturam
180 1570 291 1619 susceptam
304 1575 349 1604 esse
362 1569 490 1604 monstraret.
520 1561 584 1617 Igitur
595 1563 619 1604 ad
632 1576 694 1618 aquas
704 1563 818 1613 descendit,
832 1562 862 1604 ita

80 1637 144 1673 tamen
157 1637 179 1673 ut
192 1632 293 1672 conterret
303 1630 376 1686 aliquid
388 1630 465 1686 potius,
482 1645 540 1686 quam
555 1630 662 1687 acciperet,
679 1631 786 1686 largiretur
797 1630 861 1686 magis

80 1713 136 1754 quam
153 1699 182 1740 rei
198 1699 306 1756 cuiuspiam
319 1698 424 1755 indigeret.
456 1697 534 1755 Quippe
545 1699 625 1741 easdem
641 1699 685 1741 illus
696 1714 758 1755 aquas
770 1713 805 1741 sua
816 1700 861 1742 luce

80 1766 215 1819 collustravit,
231 1774 251 1809 et
264 1769 288 1809 ad
299 1781 368 1809 eorum
380 1769 461 1823 quaein
474 1781 519 1809 sese
530 1763 648 1824 perficienda
660 1775 725 1820 erant,
742 1769 861 1811 adumbran-

81 1836 122 1876 dam
133 1835 253 1890 imaginent,
270 1837 368 1892 quandam
380 1837 419 1878 vim
430 1836 468 1877 illis
480 1836 586 1892 impertiit,
602 1843 624 1877 ut
635 1837 668 1891 qui
679 1836 717 1892 ipsi
729 1851 801 1878 revera
816 1851 860 1878 cre·

80 1903 160 1955 terent,
177 1918 200 1945 ac
212 1904 302 1947 veritatis
313 1911 382 1946 essent
392 1904 430 1945 lide
441 1904 537 1960 praediti,
553 1896 688 1960 intelligerent
699 1919 737 1946 non
750 1905 803 1947 illum
815 1906 860 1948 licte

80 1969 182 2014 humanam
191 1971 279 2015 induisse
290 1980 387 2024 naturam,
405 1987 468 2029 neque
478 1973 523 2014 ficte
533 1987 578 2015 esse
587 1974 644 2030 aquis
654 1974 766 2026 intinctum,
782 1976 861 2017 endem-

80 2052 116 2094 que
128 2047 148 2082 et
164 2040 202 2097 ipsi
213 2041 291 2084 ratione
307 2056 342 2098 per
352 2056 396 2084 earn
407 2056 465 2097 quam
476 2042 508 2083 ille
520 2055 567 2098 prae
583 2056 628 2084 sese
640 2043 713 2085 tulerat
726 2045 862 2086 accommoda-

80 2108 153 2151 tionem
166 2111 284 2153 aoeedeutes
302 2110 383 2153 inditam
400 2110 452 2152 illius
468 2111 599 2152 descensione
619 2110 659 2153 vim
675 2111 695 2152 in
713 2125 758 2153 sese
776 2115 862 2154 transle-

80 2184 132 2228 rant,
149 2177 276 2234 eiusdemque
286 2179 329 2221 luce
337 2180 489 2235 perfundantur,
505 2193 544 2234 quo
555 2179 689 2235 propheticum
700 2180 806 2236 impleatur
816 2194 862 2222 ora-

81 2244 156 2299 cutum,
184 2249 219 2289 Ad
236 2250 369 2289 immittendum
386 2251 474 2289 virtatem
491 2251 665 2303 conet'la'cndamque
688 2252 768 2290 salutem
784 2266 810 2291 em
826 2253 862 2292 itta

79 2317 135 2366 panis
146 2319 217 2357 otttztte
225 2331 274 2371 quae
282 2319 307 2358 od
315 2320 435 2358 Heerusolem
444 2321 545 2372 accipitur,
562 2332 691 2372 equorumque
701 2322 727 2359 ct'.
761 2318 798 2361 llic
809 2320 862 2362 euim

80 2384 100 2427 in
113 2383 195 2429 Christo
207 2386 264 2443 panis
275 2386 340 2429 virtus
352 2401 375 2428 ac
386 2387 417 2429 vis
427 2400 489 2442 aquae
500 2387 653 2439 corroboratur,
670 2394 740 2429 utnon
754 2389 809 2444 panis
819 2387 863 2446 ipse

80 2453 106 2495 sit
116 2455 174 2498 notis
186 2455 258 2508 virtus,
273 2457 309 2498 sed
321 2456 384 2498 virtus
396 2469 407 2498 a
419 2470 469 2513 pane
482 2456 582 2511 prolecta,
599 2470 622 2498 ac
635 2455 690 2499 cibus
703 2457 781 2513 quidem
794 2466 863 2501 noster

81 2522 136 2577 panis
148 2531 190 2577 est,
211 2525 246 2566 sed
258 2524 278 2566 in
289 2525 334 2581 ipso
344 2525 410 2568 vitalis
424 2525 519 2581 quaedam
531 2525 595 2567 virtus
606 2525 726 2568 continetur.
756 2525 830 2584 Neque
842 2528 862 2571 id

80 2590 142 2634 solum
155 2600 219 2635 actum
231 2600 294 2636 estut
304 2608 341 2635 nos
352 2608 402 2651 aqua
413 2601 542 2651 repurgaret,
559 2594 593 2636 scd
606 2601 628 2636 ut
638 2609 701 2652 aquae
715 2596 735 2637 vi
747 2610 783 2653 per
796 2597 861 2651 lldcm,

80 2661 177 2703 actionem
191 2669 211 2703 et
222 2676 276 2719 spem
289 2677 313 2704 ac
329 2663 468 2720 mysteriorum
480 2663 610 2705 initiationem
627 2671 647 2705 et
659 2666 817 2708 consecrationis
829 2680 863 2722 ap-

81 2723 206 2786 pellationem
218 2731 242 2773 ad
253 2733 361 2788 perlectam
373 2732 522 2789 absolutamque
535 2732 618 2774 salutem
632 2733 689 2775 anobis
702 2734 751 2791 ipsis
763 2737 861 2778 conferat.

81 2794 135 2853 Ergo
152 2798 244 2842 Christus
260 2798 349 2842 ascendit
366 2800 484 2854 elordane,
509 2815 576 2843 vocem
594 2802 655 2857 patris
672 2804 744 2856 audiit,
767 2818 825 2860 quam
842 2813 862 2848 et
876 2813 957 2845 Matuta.

81 2864 169 2924 discipuli
187 2869 219 2924 qui
236 2869 319 2910 aderant
335 2869 451 2923 audierunt,
472 2878 495 2912 ut
510 2871 553 2927 quis
565 2870 598 2911 ille
613 2871 666 2913 loret
682 2873 713 2914 cni
727 2874 862 2916 testimonium

82 2955 132 3000 ῥητοῦ
144 2962 201 3004 tepttur
212 2962 229 2994 in
241 2962 313 2995 Ponarto
322 2970 360 3003 pop.
370 2959 417 2995 1098.
481 2965 498 2997 tn
506 2964 542 2996 edit.
549 2963 604 2997 Petet.
615 2961 632 2999 ἐν
642 2963 713 3010 Χριστῷ
725 2963 863 3011 tarraconae·
919 2992 924 3000 Α

103 3001 130 3038 43.
143 3005 269 3052 λαμβανομένου
287 3007 333 3040 codd.
346 3010 458 3042 resededit.
481 3020 518 3044 actu

80 3050 130 3088 nnnc.
504 3053 532 3089 ta.
545 3050 576 3089 oda
586 3056 622 3092 erttt
631 3057 694 3101 Peleu,
704 3058 758 3096 inottts
770 3059 814 3092 lttrts
824 3061 862 3094 cett.

103 3092 131 3130 dl.
142 3098 169 3132 lto
184 3100 231 3133 codd.
241 3109 280 3134 mss.
296 3103 310 3135 et
320 3100 357 3134 edit.
366 3101 418 3144 princ.
441 3102 462 3135 at
