1988 3392
228 237 320 272 PANARll
333 237 374 271 [ΑΒ.
383 238 413 272 lll.
425 238 480 273 TOM.
492 238 514 272 ll.
527 237 595 272 Haud.
608 236 692 270 LXXIX.
812 228 854 269 447

72 326 128 376 star,
147 317 292 374 sapientissima
303 319 334 361 dei
351 319 440 362 doctriua
456 335 479 362 ac
492 319 581 378 potentia
598 320 659 374 (quae
672 317 726 359 velut
738 324 809 374 styrax
821 331 854 358 or-

71 388 116 431 bem
132 393 228 429 terrarum
247 388 355 445 fragrantia
368 403 416 442 sua,
437 388 475 431 hoc
491 398 522 432 est
537 397 651 432 sauctorum
670 387 789 442 virginitatis
804 387 854 428 lilio-

71 472 126 509 num,
150 456 346 513 cuiusbeatavirgo
362 457 452 514 princeps
468 466 510 509 est,
532 458 605 501 virtute
621 456 748 513 complevit),
769 456 853 497 ctillius

72 524 170 583 praesidio
181 525 213 581 qui
223 540 258 582 per
268 527 351 568 eandem
364 527 461 582 virginem
474 526 519 568 huic
533 528 605 569 mundo
617 527 684 569 lumen
696 524 786 576 invexit,
808 539 851 566 cum

71 593 166 637 hacteuus
181 594 201 636 iu
218 594 280 637 lucem
297 596 420 647 eruerimus,
443 602 501 651 atque
517 596 604 637 exitialis
621 595 672 637 illius
685 593 785 649 nequitiae
797 593 852 634 virus

71 656 235 721 patefecerimus,
252 664 276 705 ad
288 672 366 706 ceteras
378 663 488 706 orationem
500 664 671 721 promovebimus,
688 677 727 719 quu
740 662 784 704 huic
797 661 852 717 operi

71 733 166 790 singulari
178 733 209 775 dei
223 747 260 790 ope
272 740 365 790 suscepto
378 733 435 775 finem
447 733 552 790 aliquando
564 734 642 776 taudem
657 732 793 775 adhibeamus.

180 883 385 933 aavansus
412 857 740 944 coucrarnrnuos,

140 964 179 1027 qui
195 964 280 1014 Mariae
298 964 431 1013 sacrificium
449 964 554 1013 offerunt,
590 964 698 1013 Hacrcsis
711 963 782 1023 LIX,

376 1045 425 1095 siue
438 1044 547 1093 LXXIX.

126 1143 176 1187 Post
185 1145 309 1202 superiorem
320 1146 374 1188 illam
386 1146 490 1198 haeresib,
507 1146 598 1202 proxime
609 1146 632 1187 ad
643 1159 680 1187 uos
692 1145 774 1188 alterius
786 1146 851 1186 cicius·
873 1149 912 1194 Cap.
920 1151 932 1182 t.

70 1213 113 1254 dam
126 1213 177 1255 lama
190 1214 265 1269 perlata
282 1221 324 1266 est,
346 1215 370 1255 de
389 1229 427 1270 qua
446 1213 508 1255 Paulo
527 1221 573 1255 aute
591 1214 710 1255 mentionem
729 1214 750 1255 iu
769 1207 852 1268 epistola

69 1281 103 1322 illu
117 1282 237 1324 faciebamus
248 1282 340 1336 quamde
351 1280 417 1323 Maria
426 1282 504 1336 virgine
514 1282 534 1322 in
545 1282 637 1323 Arabiam
650 1282 773 1338 scripsimus.
797 1280 852 1323 llaec

70 1348 123 1389 enim
135 1348 223 1391 haeresis
235 1349 256 1390 iu
268 1350 364 1391 Arabiam
377 1364 388 1390 e
402 1349 491 1391 Thracia
501 1364 524 1390 ac
536 1350 639 1405 superiore
651 1349 733 1405 Scythia
745 1350 815 1391 diffusa
827 1350 851 1390 ad

69 1430 129 1457 aures
141 1430 204 1472 usque
221 1425 299 1459 nostras
312 1418 410 1473 pervenit.
442 1416 500 1471 Quae
512 1418 590 1472 quidem
607 1418 657 1473 apud
670 1419 777 1473 prudentes
790 1416 852 1458 homi-

70 1497 106 1525 nes
116 1484 199 1526 ridicula
210 1500 234 1526 ac
244 1485 329 1527 ludibrio
341 1485 399 1540 digua
410 1492 511 1526 censetur.
543 1483 583 1526 Sed
594 1499 631 1526 uos
642 1499 722 1527 errores
733 1485 786 1526 illius
797 1485 852 1526 dete-

69 1566 117 1609 gere
130 1567 154 1595 ac
166 1552 212 1610 quid
229 1553 272 1610 ipsa
289 1553 405 1609 profiteatur
417 1553 494 1610 aperire
510 1553 634 1595 conabimur.
665 1552 710 1595 Nec
725 1553 792 1595 dubito
806 1553 852 1609 quin

23 1659 25 1661 .
69 1622 165 1664 stultitiae
182 1622 299 1679 plurimum,
321 1623 430 1679 sapientiae
447 1637 472 1665 ue
487 1622 588 1664 minimum
600 1622 678 1676 quidem
694 1623 766 1665 hahere
778 1622 852 1664 iudice-

70 1697 113 1744 tur;
135 1691 246 1733 cuiusmodi
258 1698 336 1734 ceteras
348 1705 417 1733 omnes
431 1690 475 1733 huic
488 1692 556 1733 affines
569 1705 615 1733 esse
629 1691 768 1748 cognovimus.
798 1690 851 1733 Nam

69 1761 160 1818 utpaulo
176 1768 221 1804 aute
234 1761 267 1818 qui
282 1761 406 1818 superiorem
418 1761 471 1803 illam
485 1768 559 1803 sectam
572 1761 659 1818 amplexi
670 1769 728 1813 suut,
750 1768 852 1803 contume-

69 1830 130 1873 liosas
142 1830 162 1872 iu
174 1831 253 1873 beatam
265 1830 363 1887 virginem
376 1831 480 1888 opiniones
496 1830 595 1873 huminum
611 1831 696 1887 ingeniis
714 1839 850 1888 asperserunt,

68 1900 98 1942 sic
108 1900 141 1943 isti
153 1901 273 1943 contrariam
284 1901 303 1942 iu
314 1908 390 1957 partem
402 1900 524 1942 declinantes
536 1908 646 1943 extremam
656 1900 676 1942 in
688 1915 763 1942 rioxam
772 1915 794 1941 ac
807 1914 852 1957 pcr-

69 1969 140 2012 uieiem
157 1969 280 2022 inciderunt,
302 1977 324 2011 ut
339 1970 441 2025 gentilium
456 1969 616 2025 pbilosophorum
627 1969 706 2011 celebre
719 1970 764 2011 illud
777 1969 850 2011 dictum

68 2038 89 2080 in
104 2039 152 2095 ipsis
169 2039 320 2095 comprobetur,
341 2041 471 2079 extremitates
485 2041 610 2092 aequalitates
621 2054 669 2080 esse.
702 2037 803 2095 Siquidem
816 2053 851 2094 par

68 2114 90 2149 et
101 2108 153 2150 idern
164 2122 192 2150 ex
202 2107 297 2149 ambabus
308 2106 424 2149 haeresibus
435 2107 573 2148 detrimentum
586 2107 665 2159 accidit,
682 2123 725 2150 cum
739 2108 771 2149 alii
783 2122 850 2149 saero-

68 2183 151 2219 sanctae
161 2177 245 2232 virginis
260 2176 374 2232 dignitatem
387 2175 474 2228 elevent,
491 2175 524 2218 alii
536 2183 614 2233 praeter
626 2177 704 2218 modum
716 2190 739 2218 ac
753 2176 849 2218 rationem

68 2245 167 2288 attollant.
197 2244 251 2288 Nam
270 2247 321 2302 quod
339 2245 364 2287 ad
380 2245 479 2301 posterius
494 2245 531 2287 hoc
547 2245 618 2302 dogma
633 2245 730 2301 pertinet,
753 2259 849 2301 quostiam

69 2321 148 2371 praeter
160 2315 286 2357 mulierculas
298 2322 399 2367 auctores,
413 2329 436 2356 ac
447 2321 542 2371 patronos
552 2314 624 2357 babet?
645 2312 703 2370 Quod
714 2329 778 2371 genus
789 2314 850 2356 lubri-

69 2397 113 2425 cum
127 2390 148 2425 et
162 2383 183 2425 in
195 2398 284 2426 errorem
296 2384 395 2441 proclive,
417 2398 440 2425 ac
455 2383 519 2439 pusilli
537 2384 640 2425 admodum
658 2392 678 2425 et
695 2382 775 2440 augusti
790 2382 850 2425 animi

69 2465 116 2494 esse
126 2453 184 2494 solet.
215 2451 256 2495 Per
266 2467 301 2494 eas
313 2453 379 2508 itaque
391 2451 480 2494 diabolus
492 2452 605 2494 evomuisse
617 2452 664 2494 illud
675 2453 764 2503 videtur,
789 2452 850 2493 idem-

69 2534 107 2575 que
124 2522 161 2562 hac
176 2521 197 2562 iu
214 2529 270 2577 parte
288 2522 359 2563 iecisse
379 2521 430 2576 quod
449 2534 484 2575 per
504 2519 619 2575 Quintillum
637 2536 660 2563 ae
678 2520 810 2563 Maximillam
830 2527 850 2561 et

68 2585 179 2631 Priscillam
190 2590 210 2630 in
223 2589 311 2631 ridiculis
321 2590 359 2631 illis
372 2588 524 2630 disseminandis
535 2588 636 2630 erroribus
648 2589 782 2645 praestiterat.
813 2587 850 2629 Et·

69 2656 121 2698 enim
138 2657 232 2699 mulieres
250 2658 344 2713 quaedam
360 2671 439 2699 currum
458 2656 501 2698 sive
518 2657 586 2698 sellam
599 2659 714 2712 quadratam
730 2658 849 2699 adornantes

69 2737 92 2766 ac
105 2725 167 2767 linteo
183 2726 268 2782 desuper
284 2733 367 2767 extento
382 2725 468 2767 sollenni
484 2733 572 2782 tempore
586 2740 622 2781 per
635 2726 709 2782 aliquot
722 2726 850 2782 diespauem

69 2801 189 2850 proponunt,
206 2801 226 2835 et
236 2794 257 2835 iu
265 2792 345 2836 hilariae
355 2808 427 2835 iiouieu
437 2795 531 2836 offerunt,
562 2792 616 2835 Tum
627 2795 651 2835 ad
664 2809 722 2836 uuam
734 2809 803 2836 orniies
816 2794 850 2834 illo

69 2868 185 2904 vescuntur.
216 2860 247 2903 De
265 2876 304 2917 quo
321 2862 341 2902 in
358 2862 442 2917 epistola
460 2862 494 2903 illa
512 2876 568 2916 quam
584 2862 605 2902 iu
624 2863 720 2904 Arabiam
735 2861 849 2916 scripsimus

70 2930 159 2971 nonnihil
174 2930 328 2986 disputavimus:
350 2944 402 2971 nuuc
417 2944 466 2971 vcro
482 2929 594 2971 accuratius
606 2929 683 2985 singula
698 2943 847 2986 prosequemur,

69 3035 113 3064 tates
121 3034 232 3073 interpretatus
240 3033 269 3075 est)
278 3036 292 3065 et
298 3034 373 3066 Peraeam
381 3042 452 3065 comeae—
497 3032 513 3065 5.
525 3033 586 3072 ltepaae
596 3042 616 3065 τε
624 3042 654 3072 pro
666 3029 690 3067 δὲ.

69 3080 111 3111 ruat.
135 3073 244 3121 μακρότητες
251 3080 296 3112 codd.
302 3080 334 3112 len.
342 3078 407 3120 Rbediq.
416 3080 449 3112 Pa·
495 3076 512 3111 6.
525 3078 549 3118 Gt.
560 3078 649 3111 Gatulaaras
660 3079 699 3119 ΟΜ]-
712 3078 755 3110 cuit.
764 3074 848 3119 papate.

69 3123 96 3155 ris.
122 3120 242 3167 μακαρότητες
252 3125 290 3157 editt
299 3126 341 3158 dibri.
