1988 3392
139 218 182 262 240
428 229 513 263 ειαατι
524 228 640 263 ΕνινΗιαιι

142 306 182 349 ἐστι
193 304 297 360 παθητόν,
318 305 332 362 ἦ
344 311 381 350 τοῦ
391 305 531 363 ἀπορουμένου
547 305 633 364 εῦπορία
645 309 673 358 είς
682 309 824 364 παραμυθίαν,
843 308 878 351 ιιαί
890 309 924 352 ἐπὶ

54 392 90 423 pag.
99 385 130 413 νει.
142 378 179 417 τοῦ
187 373 285 429 στόματος
295 377 374 433 φέρειν,
389 374 424 417 ἒοίν
434 374 462 430 μή
473 373 568 433 εῦποροίη
578 382 616 419 τοῦ
624 375 724 420 τοιοῦτον.
756 377 796 417 Καί
808 373 839 427 σῦ,
854 375 924 431 ἐπειδὴ

141 440 203 493 ίίθεος
218 442 331 500 τυγχάνεις,
355 443 461 497 1σεμνύνει
473 442 513 487 ιιίίν
528 443 562 487 διοί
579 450 616 488 τοῦ
631 443 730 500 ὀνόματος
744 445 807 501 λέγειν
816 441 890 486 τοῦτον
900 442 923 488 τό

141 508 217 565 ῦνομα,
238 511 307 566 ἐπειδὴ
321 511 381 564 φόσει
393 509 445 554 αατοί
462 511 498 556 τόν
514 511 577 556 αῦτοῦ
592 513 660 568 φόβον
674 513 709 556 καί
724 515 790 556 πίστιν
804 513 839 555 καί
854 513 924 556 έλπίδοι

119 630 122 636 Ι
140 581 175 622 ταί
191 579 244 637 πρός
260 579 321 623 αῦτόν
337 579 417 637 ἀγάπην
433 579 531 624 οῦδέποτε
548 580 609 624 αῦτδν
626 581 708 636 ἒιιττίσα.
733 579 763 623 Ἢ
775 578 813 637 γοίρ
830 578 856 624 ἀν
868 579 925 637 ἤρκει

141 663 173 691 σοι
184 648 237 700 δίπαξ
248 653 305 691 τοῦτο
316 649 389 705 λέγειν,
409 649 444 692 καί
456 648 484 704 μη
495 647 621 705 ὑπερβαίνειν
635 649 684 706 δ’ρον
700 654 740 692 τῶν
752 649 925 705 τεταγμένωντης

141 715 288 766 θάιιολουθίας.
318 716 391 771 Σαφιίς
402 715 464 774 γάρῆ
477 718 538 773 ίπερί
550 722 588 761 σοῦ
599 717 654 773 ποριί
665 722 701 760 τοῦ
711 721 800 774 σωτῆρος
811 714 860 772 ἡμῖν
872 716 924 760 ἀπο-

141 783 228 839 φαντικὴ
245 783 356 838 ἀπόδειξις,
377 785 418 837 ότι,
439 783 491 829 'Anu'
507 790 549 829 τοῖν
558 791 643 843 ιιαρπῶν
654 784 721 829 αῦτοίν
734 784 834 843 γνώσεσθε
844 784 925 838 αῦτοιίς,

140 858 168 911 τῷ
181 851 232 896 εἶναι
246 854 283 908 μέν
297 868 319 896 σε
333 855 504 909 περιβεβλημένον
518 853 623 912 προβάτου
638 854 724 908 τοίδιον,
745 855 823 898 ἔσωθεν
837 853 859 897 δὲ
875 851 925 896 εἶναι

140 920 232 978 ἅρπαγα,
250 924 284 965 ιιαί
299 921 353 982 λόιιφ
369 925 553 981 παραβεβλημένον.
583 926 612 966 Εί
622 922 660 980 γοίρ
674 918 699 982 ᾖς
711 925 731 974 ἐξ
741 920 800 979 ἀγίον
812 921 925 977 πνεύματος

140 992 293 1047 γεγεννημένος,
313 992 347 1034 ιιαί
364 991 478 1050 προφήταις
492 993 527 1035 ιιαί
543 990 664 1042 ἀποστόλοις
679 992 865 1047 μεμαθητευμένος,
886 992 925 1034 ἔδει

141 1073 162 1102 σε
172 1059 278 1103 διελθόντα
290 1059 381 1117 ἀπαρχίγς
391 1062 486 1117 γενέσεως
499 1059 577 1116 κόσμου
591 1059 636 1118 όίχρι
647 1065 687 1104 τῶν
698 1065 735 1116 τῆς
746 1057 829 1116 Αίσθιίρ
840 1057 925 1116 χρόνων,

142 1129 164 1172 ἐν
174 1131 235 1173 είιιοσι
246 1130 280 1172 ναί
290 1128 340 1172 έπτιί
350 1132 427 1187 βίβλοις
439 1134 525 1180 παλαιᾶς
537 1129 649 1185 διαθήκης,
670 1131 733 1173 είιιοσι
747 1129 785 1172 δόο
801 1127 925 1186 ἀριθμουμέ·

142 1215 195 1252 νοις,
218 1199 295 1254 τέταμαι
307 1198 328 1241 δὲ
339 1195 405 1255 ἀγίοις
417 1198 548 1255 εὐαγγελίοις,
570 1200 605 1242 ιιαί
620 1200 642 1242 ἐν
657 1199 832 1256 τεσσαρεςιιαίδειια
847 1199 925 1241 ἐπιστο-

141 1272 185 1317 λαῖς
196 1271 232 1310 τοῦ
250 1264 309 1324 ἀγίου
324 1265 438 1311 ἀποστόλου
455 1266 551 1321 Παῦλον,
571 1269 605 1311 ιιαί
618 1269 640 1311 ἒν
649 1273 694 1318 ταῖς
706 1266 745 1325 πρό
756 1267 833 1311 τούτων
843 1267 878 1310 ιιαί
889 1265 926 1310 σῦν

141 1342 185 1386 ταῖς
195 1337 216 1379 ἒν
226 1342 268 1387 τοῖς
278 1336 346 1380 αὐτῶν
361 1337 441 1394 χρόνοις
453 1336 543 1395 Πράξεσι
553 1342 593 1381 τῶν
604 1335 732 1390 ἀποστόλων,
753 1342 872 1388 ταθολιιιαῖς
884 1337 927 1380 έπι-

142 1411 221 1456 στολαῖς
234 1403 343 1461 Ἰανοίβου,
363 1408 398 1450 ιιαί
411 1407 499 1465 Πέτρον,
520 1405 666 1461 ιιαίἸοιοίννου,
686 1405 808 1459 ταίἸοῦδα,
824 1407 858 1450 καί
870 1407 927 1466 ἒντχῖ

143 1480 180 1519 τοῦ
189 1474 285 1520 Ἰοιάννον
299 1474 446 1531 Ἇποιιαλόψει,
468 1478 489 1519 ίν
499 1493 520 1519 τε
531 1481 575 1527 ταῖς
589 1479 677 1530 Σοφίαις
689 1474 821 1531 Σολομῶντός
833 1476 854 1519 τέ
867 1492 926 1531 φημι,

143 1546 178 1587 καί
188 1547 235 1589 υίοῦ
247 1544 319 1603 Σιράχ,
334 1547 369 1589 ιιαί
381 1544 455 1596 πόσαις
466 1543 534 1596 ἁπλῶς
546 1551 634 1603 γραφαῖς
645 1547 722 1598 θείαις,
737 1547 772 1588 ιιαὶ
784 1546 858 1588 ἑαυτοῦ
867 1561 927 1587 ιιατα-

143 1619 224 1672 γνῶναι,
240 1614 271 1658 ῦτι
281 1614 351 1669 ὄνομα,
367 1614 417 1672 ίίπερ
430 1614 524 1668 οὐδαμοῦ
536 1616 654 1668 ἐντέταιιται,
666 1609 729 1670 ἦλθες
740 1611 788 1669 ἡμῖν
798 1614 874 1670 φέρων,
889 1611 927 1657 οῦκ

144 1683 342 1741 ἀπρεπὲςμὲνθεῷ,
364 1682 405 1727 ἀλλ’
419 1681 498 1738 εῦσεβὲς
514 1685 543 1734 είς
559 1681 620 1736 θεόν,
643 1681 665 1726 τό
680 1687 716 1727 τοῦ
730 1680 839 1740 ἀγεννητον
855 1680 926 1738 ῦνομα,

144 1755 238 1809 μηδαμοῦ
250 1754 271 1796 δὲ
283 1755 305 1797 ἒν
317 1755 365 1812 θεία
378 1758 448 1813 γραφῇ
463 1753 534 1809 ῥηθέν.
566 1750 642 1803 Οῦδείς
657 1750 695 1809 γάρ
713 1752 806 1807 μεμηνώς
823 1768 871 1795 ποτε
884 1767 927 1809 γεν-

143 1821 204 1878 νητόν
214 1821 285 1867 ἐνενόει
295 1820 355 1865 θεόν·
378 1820 418 1865 ἀλλ’
429 1820 474 1865 οῦτε
485 1824 551 1878 χρείαν
562 1822 620 1876 ἔσχον
632 1823 695 1865 είπεῖν
708 1820 817 1878 ἀγέννητον
829 1819 879 1863 θεόν
892 1819 929 1875 μό-

143 1909 180 1935 νον
190 1893 266 1947 πατέρα
276 1889 310 1934 διαί
320 1890 355 1934 τόν
366 1892 386 1942 ἐξ
396 1890 459 1933 αῦτοῦ
469 1891 623 1947 γεγεννημένον,
643 1892 694 1934 Δὶίνα
705 1889 772 1945 μήτις
783 1890 817 1934 ε’πί
828 1893 856 1950 τῷ
867 1890 928 1947 πατρί

143 1959 199 2019 μόνῳ
215 1963 288 2020 νομίσῃ
306 1965 364 2003 τοῦτο
381 1965 520 2017 πληροῦσθαι,
540 1957 591 2003 ἀλλά
609 1960 643 2003 ιιαὶ
659 1960 692 2003 ἐπὶ
708 1963 736 2019 τῷ
748 1961 786 2017 υἱῷ
800 1959 834 2001 καί
853 1959 886 2002 ἐπὶ
901 1962 928 2018 τῷ

143 2027 194 2088 ἆγίφ
204 2028 312 2084 πνεῦματι·
332 2034 368 2084 τῆς
379 2032 469 2080 διανοίας
478 2034 514 2084 τῆς
526 2028 592 2086 ὀρθῆς
603 2029 638 2071 ιιαὶ
647 2032 685 2072 τοῦ
695 2028 808 2084 πνεύματος
819 2031 856 2071 τοῦ
867 2025 927 2085 οίγίου

144 2097 274 2150 διδόσιιοντος
283 2097 359 2149 πάντας
367 2097 426 2149 υίοῦς
435 2097 531 2153 ἀληθείας
540 2096 576 2152 ἀφ’
587 2099 664 2141 ἑαυτῶν
674 2096 702 2153 μή
714 2099 735 2142 ἕν
745 2101 861 2156 θαυμασμῷ
869 2100 929 2141 τοῦτο

144 2168 204 2223 ἔχειν,
223 2166 271 2211 ἀλλά
284 2166 335 2211 ιιατά
345 2166 368 2211 τό
379 2167 527 2222 ἀπαιτούμενον
536 2167 571 2210 ιιαί
581 2168 603 2210 έν
613 2167 677 2225 ἑαυτῷ
689 2165 779 2223 ῦπάρχον
790 2170 826 2209 τοῦ
835 2164 887 2223 πρδς
898 2163 930 2209 εῦ-

144 2238 223 2292 σέβειαν
238 2242 335 2294 λογισμοῦ
349 2237 394 2293 περί
410 2241 463 2279 θεοῦ
479 2236 558 2279 εἰδέναι.
589 2239 646 2277 5Δεῖ
660 2235 682 2278 δὲ
694 2233 728 2278 διαί
738 2233 761 2278 τό
772 2234 882 2292 ἀγέννητον
892 2235 929 2278 αό-

144 2304 181 2349 τόν
191 2304 253 2358 εἶναι,
273 2310 454 2362 συνομολογείσθαι
465 2305 487 2348 δὲ
499 2301 535 2359 ἀφ’
549 2302 608 2359 ημῶν
622 2308 693 2356 τοῦτο,
715 2300 756 2347 ἀπό
772 2308 853 2361 γραφῆς
867 2303 890 2347 δέ
901 2301 928 2359 μη

145 2376 195 2429 ἔχειν
210 2379 246 2429 τῆς
259 2372 369 2429 ὀνομασίας
385 2377 420 2417 τοῦ
437 2373 498 2431 λόγου
515 2372 553 2428 την
570 2373 674 2426 σόστασιν,
695 2370 734 2415 ἀλλ’
750 2370 787 2427 ἀφ’
804 2373 881 2416 έαντῦν
895 2371 929 2416 διαί

145 2449 185 2487 τοῖν
197 2447 306 2500 λογισμῶν,
328 2442 364 2498 την
379 2443 482 2498 εὐσέβειαν
496 2441 571 2498 ταῦτην
584 2443 668 2494 εἰδέναι,
690 2439 713 2484 τό
727 2440 859 2492 οῦτωςείναι.
889 2443 929 2492 Εἰς

58 2524 132 2562 γερνετ
147 2515 167 2555 τί
178 2510 216 2569 γιίρ
229 2510 299 2563 οῦσίας
314 2513 368 2556 έσται
381 2511 483 2563 διάστασις
502 2510 539 2555 ὓτό
557 2511 662 2568 γεννηθέν,
684 2512 702 2553 εί
712 2509 763 2553 ιιατιί
779 2508 878 2566 ἀληθειαν
892 2515 929 2555 τοῦ

148 2585 295 2638 7γεγεννῆσθαι
313 2582 351 2636 ἔχει
369 2580 391 2626 τό
408 2579 472 2636 όνομα
488 2584 566 2640 φυσικῇ
579 2597 619 2624 τινι
633 2580 667 2623 καὶ
685 2578 766 2639 ἀρρητφ
782 2578 928 2639 σνμπρεττοῦση

145 2655 174 2710 τῷ
185 2654 229 2710 θεῷ
234 2684 240 2703 ,
255 2652 290 2693 καί
298 2654 326 2710 τγῦ
337 2652 357 2702 ἐξ
368 2650 433 2695 αὐτοῦ
442 2650 588 2708 γεγεννημένῳ,
603 2647 693 2705 ἀχρόνινς
703 2650 738 2692 ιιαί
749 2646 841 2707 ἀνάρχοις
851 2650 873 2692 ἒν
883 2646 929 2704 ἀλη·

146 2722 206 2779 θείᾳ,
221 2720 255 2762 καὶ
268 2718 293 2762 οῦ
301 2724 445 2780 ιιαταχρηστιιιῇ
456 2736 495 2762 τινι
506 2716 601 2777 δπονοίμς
616 2716 721 2762 Ἐντεῦθεν
734 2717 759 2762 οῦ
770 2717 851 2773 ιιτιστήν
862 2734 929 2773 φαμεν

172 2849 188 2883 1.
200 2846 281 2893 σεμνῦναι
289 2849 361 2882 mendose
372 2850 417 2882 ίιαίιιι
427 2849 463 2882 edit.
474 2849 529 2880 Ριίον.
574 2847 590 2882 5.
608 2847 639 2883 Δεῖ
649 2844 669 2883 δὲ
679 2847 783 2880 emendarunt
794 2847 880 2880 σοτοανίαε
897 2845 931 2889 (φατ’

148 2897 201 2930 cm*
212 2899 261 2937 7⁶1⁹&-
551 2907 661 2946 interpretatus
670 2908 693 2937 est
704 2905 775 2948 Oportet
785 2901 842 2948 itaque
851 2914 872 2937 eo
883 2901 929 2949 quod

170 2953 186 2987 2.
199 2948 310 2991 ἀκολουθείας
321 2952 355 2985 σοῦ.
367 2952 433 2994 Βασιλὶς.
446 2931 529 2986 οἷκολαίθί
551 2950 634 2994 ingenitus
649 2950 685 2994 ipse
697 2955 732 2989 est,
750 2954 768 2980 εε
776 2960 806 2982 nos
816 2960 827 2982 a
838 2948 930 2982 nobishoc

148 3000 183 3034 οοδ.
195 3001 227 3033 len.
552 2995 659 3036 confitemur,
677 3001 695 3028 et
706 2992 825 3038 appellationis
835 2994 883 3028 huius
895 3004 929 3027 vo-

172 3044 188 3078 3.
201 3045 246 3078 Libri
256 3046 314 3078 habent
323 3040 371 3087 παρὰ
383 3044 414 3079 σοῦ
425 3039 472 3086 παρὰ
484 3044 518 3075 velt.
552 3041 575 3075 cis
586 3040 730 3076 confirmationem
741 3039 841 3085 ascriptum
851 3051 885 3074 non
896 3039 930 3073 ha-

171 3088 188 3125 4.
201 3089 324 3136 χὲαοοδλια,
348 3088 501 3136 Χαιοόλίλεδίςι
550 3088 619 3130 bemus,
638 3087 709 3121 anobis
718 3085 759 3130 ipsis
769 3097 800 3131 per
810 3085 929 3120 ratiocinatio-
