1988 3392
266 249 360 284 rinnau
371 249 414 283 Lis.
424 250 453 284 ur.
463 250 519 285 rom.
528 252 543 284 r.
555 250 623 284 anun.
633 250 716 284 Lxxvr.
841 242 880 284 291

97 331 189 385 trinitas,
205 344 256 387 quae
267 330 369 386 dignitatis
380 344 427 373 suae
440 331 566 388 appellationi
577 330 648 387 cuique
659 338 794 373 consentanee
805 345 886 388 semper

97 401 175 444 existit.
204 399 258 443 Nam
270 398 390 456 peripsam,
407 406 478 441 elnon
492 407 563 453 extra,
579 414 630 456 quae
643 400 696 441 tacta
709 406 767 452 suut,
788 414 832 441 cum
843 414 885 442 non

97 477 179 522 essent,
203 470 298 526 producta
316 475 373 521 sunt..
402 468 449 510 ldeo
469 482 534 524 neque
552 469 606 511 solus
625 483 662 525 per
676 482 722 511 sese
739 475 796 525 pater
812 483 884 511 caussa

97 545 128 580 est
143 538 267 579 conditarum
283 550 363 589 rerum,
386 537 421 579 sed
434 543 491 593 pater
503 544 524 579 et
543 538 594 579 lilius
605 545 626 579 et
643 538 725 594 spiritus
740 544 822 579 sauctus
839 552 884 593 pro-

98 606 174 649 creavit
190 605 264 648 omnia.
295 603 354 660 'Quod
370 606 386 647 si
398 605 475 648 alienus
492 613 546 648 esset
556 606 620 659 filius,
642 614 702 663 atque
715 606 835 664 aprincipio
848 621 885 648 suo

99 675 185 717 nondum
203 675 294 717 existens
311 675 408 731 originem
425 674 539 727 habuisset,
562 689 606 717 curu
624 676 698 717 ceteris
714 674 806 717 omuibus
822 675 847 716 ab
861 689 885 717 eo

98 745 199 801 profectus
210 743 299 799 aequalis
312 751 367 786 esset
378 743 481 797 omnibus3
497 744 549 786 unde
560 751 580 786 et
591 743 640 786 deus
653 759 692 786 nou
704 743 833 800 generando,
849 744 886 786 sed

98 813 222 869 procreando
232 812 349 869 principium
359 812 475 865 baberetur,
491 813 573 868 benique
583 826 623 854 ncn
634 820 701 868 posset
711 813 796 869 amplius
803 820 825 855 ut
833 827 885 855 unus

98 881 178 937 genitus
189 896 212 923 ac
225 880 288 934 filius,
310 889 377 923 cetera
394 894 444 923 vero
456 888 560 923 creaturae
576 881 703 933 dicerentur,
725 883 760 924 sed
775 882 809 924 vel
820 882 886 924 omnia

97 949 159 1006 geniti
171 951 251 992 nomine
263 948 425 1000 continerentur,
445 950 479 991 vel
494 949 548 991 filius
563 949 606 1005 ipse
619 950 701 1005 perinde
713 965 737 993 ac
749 957 816 992 cetera
828 965 886 993 crea·

99 1027 143 1061 tura
157 1018 268 1070 diceretur,
281 1032 355 1074 >neque
368 1018 472 1074 quicquam
483 1017 503 1059 iu
516 1032 541 1059 ec
554 1025 610 1060 esset
622 1018 730 1071 exinrium3
752 1019 845 1060 cumbae
858 1033 886 1061 ex

99 1096 166 1145 parte,
188 1088 240 1144 quod
252 1101 278 1128 ex
290 1086 351 1128 nihilo
362 1087 470 1143 productus
483 1087 547 1140 louet,
570 1100 621 1128 unus
636 1086 671 1129 ille
683 1102 727 1129 cum
740 1087 813 1129 ceteris
826 1088 886 1129 adae-

98 1163 194 1213 quaretur
204 1156 307 1209 omnibus;
324 1155 374 1198 adeo
385 1163 408 1197 ut
419 1169 459 1197 nou
470 1155 529 1197 modo
541 1155 607 1212 augeli
620 1169 663 1197 cum
676 1156 780 1198 conditore
793 1170 817 1197 ac
830 1171 886 1198 crea-

99 1232 142 1267 tore
154 1239 191 1267 suo
202 1226 262 1268 unico
273 1223 306 1266 dei
315 1225 370 1276 lilio,
387 1223 423 1267 sed
436 1230 456 1265 ct
468 1224 559 1266 homines
571 1231 592 1266 et
602 1225 687 1280 pecudes
699 1227 846 1281 adaequentur,
863 1240 886 1268 ae

99 1301 166 1336 cetera
181 1308 231 1350 quae
247 1293 271 1336 ab
286 1294 339 1335 illius
353 1300 424 1335 natura
440 1306 463 1334 ac
477 1293 573 1348 dignitate
588 1292 668 1335 infinito
683 1294 790 1336 intervallo
803 1294 885 1336 distant.

99 1361 163 1419 lgitur
174 1363 226 1405 lilius
236 1362 327 1404 existens
338 1377 381 1404 cum
392 1360 493 1404 existente
502 1369 559 1418 patre
570 1370 664 1403 aeternus
674 1369 713 1416 est,
730 1362 755 1404 ab
767 1377 831 1419 eoque
842 1364 886 1405 sine

93 1430 201 1488 tempore,
217 1445 257 1473 non
269 1444 280 1472 e
292 1430 367 1482 nihilo,
384 1431 419 1472 sed
429 1443 457 1471 ex
467 1430 512 1485 ipso
522 1444 604 1472 revera
615 1431 706 1485 genitus,
722 1438 793 1486 estque
804 1431 886 1487 spiritus

99 1500 142 1541 eius
153 1507 235 1542 sanctus
246 1498 270 1541 ab
280 1498 334 1541 illius
344 1505 415 1541 natura
426 1513 466 1540 nou
476 1498 562 1551 alienus,
579 1512 643 1554 neque
656 1499 710 1541 velut
721 1498 828 1541 adiumenti
840 1514 886 1555 gra-

99 1568 138 1621 tia,
155 1576 177 1610 ut
192 1568 264 1610 Aetius
279 1566 393 1619 existimat,
409 1581 422 1608 a
437 1567 474 1608 deo
489 1574 624 1623 comparatus.

157 1637 211 1679 Aelii
225 1634 291 1692 Caput
301 1634 385 1678 XXIV.
416 1633 440 1678 Si
452 1635 563 1691 ingenitum
580 1636 666 1692 privatio
677 1637 773 1692 quaedam
791 1644 833 1689 est,
855 1645 887 1679 est

99 1711 164 1747 autem
181 1705 265 1761 privatio
283 1704 394 1746 allectionis
411 1704 505 1756 amissio,
527 1704 608 1746 amissio
623 1719 683 1761 porro
699 1707 777 1762 penitus
793 1720 805 1748 e
820 1707 886 1748 medio

99 1774 186 1826 tollitur,
207 1780 241 1816 aut
259 1772 279 1814 in
296 1773 380 1815 alterum
395 1779 540 1826 commutatur,
562 1787 647 1829 quonam
663 1782 721 1829 pacto
735 1775 841 1817 allectione
853 1775 887 1816 illa

99 1849 215 1884 transeunte
226 1848 261 1883 aut
271 1848 377 1897 pereunte,
393 1841 430 1883 hoc
441 1848 473 1883 est
481 1841 565 1897 ingeniti
575 1842 715 1898 appellatione,
732 1843 764 1884 dei
775 1844 887 1886 substantia

100 1910 289 1967 cognominabitur?

158 1977 241 2023 Conlut.
254 1976 337 2019 XXIV.
369 1976 392 2020 Si
403 1992 456 2019 nunc
467 1979 550 2033 primum
562 1993 574 2021 a
585 1985 604 2020 te
616 1986 636 2020 et
648 1993 660 2020 a
672 1981 720 2031 tuis,
736 1979 793 2033 heti,
810 1988 887 2037 tempo-

100 2048 155 2091 ribus
167 2055 223 2089 certa
238 2046 262 2087 de
275 2047 312 2087 dec
324 2046 390 2102 opinio
402 2046 442 2087 tuis
453 2060 480 2087 ex
492 2047 613 2102 syllogismis
625 2048 692 2089 estad
704 2049 793 2090 eiusdem
802 2050 886 2104 gloriam

100 2118 235 2172 honoremque
244 2114 366 2171 deprompta,
378 2115 541 2171 quemadmodum
551 2121 610 2156 antea
621 2117 724 2171 protessus
734 2131 765 2168 es,
779 2131 818 2173 ego
827 2132 885 2172 vero,

100 2186 134 2241 qui
144 2186 242 2228 adversus
253 2190 285 2235 te,
301 2184 339 2225 deo
350 2183 473 2240 opitulante,
489 2184 576 2240 disputo,
592 2184 661 2225 eadem
673 2198 724 2239 quae
733 2192 755 2226 tu
766 2185 816 2227 dicis
827 2200 887 2228 usur·

101 2268 150 2311 pare
163 2260 245 2310 potero,
267 2260 312 2293 euin
329 2253 455 2307 antiquorum
473 2266 533 2293 nemo
549 2259 587 2293 tam
604 2252 625 2293 in
637 2259 707 2294 uetere
724 2266 782 2309 quam
797 2254 818 2295 in
834 2269 887 2297 novo

101 2329 232 2374 testamento,
254 2319 337 2362 sive'ex
347 2320 455 2376 apostolis,
477 2321 520 2362 sive
537 2335 564 2362 ex
577 2320 678 2376 prophetis
693 2322 721 2362 ita
732 2322 831 2374 senserit,
854 2330 888 2365 tuo

102 2399 121 2433 te
138 2390 211 2433 iudicio
230 2389 262 2432 vel
280 2388 324 2445 ipso
341 2389 379 2431 deo
395 2388 560 2446 praestantiorem
577 2402 636 2442 esse,
664 2396 684 2431 et
704 2390 729 2432 ab
746 2403 816 2432 errore
834 2391 888 2433 omui

101 2466 207 2501 remotum.
237 2456 318 2498 Etenim
336 2457 372 2499 abs
389 2465 408 2499 te
424 2457 520 2512 primum,
541 2464 560 2498 et
579 2471 606 2498 ex
624 2457 662 2498 boc
676 2465 766 2515 tempore
783 2460 845 2512 deus,
867 2467 889 2502 ut

102 2536 194 2570 asserere
207 2525 295 2577 videris,
312 2532 366 2567 tuum
378 2525 425 2567 illud
436 2525 551 2568 dialecticae
567 2525 681 2568 subtilitatis
696 2526 812 2580 artificium,
832 2528 889 2571 velut

103 2596 200 2653 quandam
217 2593 261 2636 fidei
273 2606 322 2654 suae
335 2593 472 2636 accessionem
483 2594 567 2647 adiecit,
588 2601 667 2650 utputa
681 2602 743 2637 totam
755 2595 809 2637 illam
822 2596 889 2653 dispu-

103 2665 197 2707 tationem
209 2664 233 2705 de
243 2654 327 2717 ingeniti
337 2661 462 2717 privatione,
478 2663 542 2718 deque
553 2663 621 2719 genitu
632 2677 656 2704 ac
667 2664 691 2705 de
705 2664 818 2706 affectionis
829 2666 890 2708 amis-

103 2733 160 2776 sione
178 2732 279 2789 perlecta,
300 2729 344 2771 sive
360 2731 526 2784 commutatione,
547 2746 571 2774 ac
586 2731 609 2772 de
626 2732 757 2787 appellatione
769 2733 814 2785 dei,
838 2748 889 2790 quae

104 2802 227 2844 substantiae
237 2798 299 2855 ipsius
309 2797 410 2840 tribuitur.
433 2797 514 2841 Etenim
525 2814 565 2842 non
576 2798 659 2852 idcirco,
676 2802 728 2855 quod
741 2801 789 2842 deus
801 2802 890 2844 omnium

103 2877 149 2926 post
158 2870 238 2912 unicum
254 2869 315 2911 lilium
326 2881 350 2909 ac
362 2865 453 2923 spiritum
469 2875 559 2910 sanctum
572 2875 689 2924 procreator
702 2870 740 2921 sit,
762 2883 790 2911 ex
801 2870 890 2911 condita-

103 2946 147 2980 rum
159 2933 226 2981 rerum
238 2936 387 2988 constitutione,
404 2942 438 2977 aut
448 2949 517 2979 eorum
530 2950 581 2993 quae
591 2936 663 2978 absunt
673 2952 684 2979 a
695 2938 733 2980 deo
744 2937 837 2993 privatio,
855 2946 890 2980 aut

127 3049 144 3086 4.
155 3052 229 3086 Fctum
240 3050 330 3096 aablorqe.
530 3049 547 3085 6.
565 3048 635 3094 κτίστην
647 3053 694 3085 codd.
705 3061 742 3085 mss.
759 3054 774 3084 et
789 3052 826 3085 edit.
837 3054 889 3094 princ.

127 3099 144 3132 5.
155 3093 264 3142 ἄλογιστικῆι
275 3098 310 3132 eod.
319 3098 385 3138 aleam.
508 3095 578 3142 κτιστήι
590 3097 627 3130 edit.
640 3098 696 3131 Petcv.

699 3154 751 3198 19*
