1988 3392
180 224 221 267 588
467 230 550 265 ειαοτι
562 229 676 265 τειεεικσιι

180 309 254 368 σαρκός
264 311 376 368 ἒωρακυίας
386 308 514 366 διαφθοράν,
535 306 674 365 αἰναστησοίσης
684 305 749 363 αῦτήν
756 311 792 363 τῆς
801 303 908 361 θεότητος,
929 306 961 351 ῦεί

180 378 279 434 συνούσης
289 379 351 439 ούιῇ,
366 377 488 429 ἀναστάντος
498 376 535 422 σύν
547 378 599 438 αὐτῇ
610 381 647 421 τοῦ
660 382 683 408 ⁶³
690 378 763 433 κυρίου
775 376 810 419 καὶ
820 379 871 418 θεοῦ
881 374 917 418 καί
927 373 960 419 λό·

180 466 217 505 γου
227 450 274 491 υἱοῦ
284 453 321 492 τοῦ
330 451 392 501 θεοῦ,
407 445 445 491 σύν
453 451 510 507 ψυχῇ
521 449 554 491 καί
566 446 649 501 στόματι,
663 446 698 489 καί
708 445 768 489 παντὶ
778 448 807 504 τῷ
817 442 889 497 σκεύει,
904 456 960 487 συνε-

179 518 280 568 νωθὲντος
289 515 351 560 αύτοῦ
364 521 400 559 τοῦ
412 515 497 567 σκεύους
509 519 538 567 είς
550 520 637 571 πνεῦμα,
656 514 706 558 αῦτό
718 514 741 558 τό
754 518 810 569 σῶμα
825 511 961 567 πνευματικόν

179 584 281 642 ύποίρξαν,
295 584 319 629 τό
333 602 381 629 ποτε
396 583 440 644 ἁφῇ
453 583 586 640 ύποκείμενυν
601 584 636 628 καί
648 582 725 639 μάστιξι
742 581 860 641 παραδοθὲν
875 581 960 641 ἑκουσίῳ

179 660 215 710 τῆς
223 653 320 708 θεότητος
329 653 434 709 θελήματι,
449 655 483 696 καί
491 658 627 710 πειρασθῆναι
635 651 676 695 ύπό
685 657 722 695 τοῦ
732 654 814 694 Σατανᾶ
823 650 959 707 συγχωρηθὲν,

180 725 214 766 καὶ
228 724 317 783 64πείνη
328 720 477 780 προςπελοίζειν,
492 723 527 765 καὶ
538 720 604 781 ῦπνῳ,
619 722 654 764 καὶ
664 719 754 780 καμάτῳ,
769 718 822 780 λύπη
833 734 853 762 τε
864 719 899 761 καὶ
912 715 961 774 οῖδη-

180 794 245 850 μονίμ.

235 858 292 903 Αύτό
303 859 325 903 τό
339 865 397 914 σῶμα
412 858 435 902 ’τό
451 859 509 917 ῖίγιον
521 860 635 903 συνενωθέν
647 857 718 902 λοιπόν
731 863 785 918 θθτῇ
797 856 889 911 θεότητι,
909 855 961 900 ἄπα-

165 930 287 988 1ραλείπτονς
302 932 338 982 τῆς
354 927 452 983 θεότητος
468 928 596 984 66συνούσης
612 931 640 985 τῷ
655 925 679 969 τοί
690 931 773 970 τοιαῦτα
786 925 900 969 πεπονθότι
910 923 961 986 όγίῳ

178 996 259 1053 σοίματι.
287 996 370 1052 Ἀνέστη
382 995 420 1055 γύρ
433 998 468 1040 καί
480 996 593 1052 συνηνωσεν
607 995 656 1040 αῦτδ
670 997 697 1046 είς
709 994 789 1048 ἑαυτόν,
806 996 866 1045 θ7είς
875 999 960 1051 πνεῦμα,

179 1069 207 1116 είς
217 1068 263 1119 μίαν
274 1065 363 1120 ἑνότητα,
379 1068 407 1116 είς
419 1068 467 1119 μίαν
478 1068 599 1123 δοξολογίαυ,
615 1066 643 1115 εἶς
654 1067 700 1120 μίαν
711 1065 784 1108 ἑαυτοῦ
796 1063 889 1118 θεότητα,
920 1065 960 1107 Πέ·

179 1151 230 1189 φηνε
245 1135 280 1189 μὲν
292 1133 330 1192 γοίρ
345 1137 366 1177 έν
381 1135 476 1192 ἀληθείη,
497 1136 531 1177 καὶ
542 1134 667 1189 έψηλαψήθη
678 1131 719 1177 ύπό
730 1138 768 1176 τοῦ
780 1136 853 1189 Θωμοῖ,
875 1133 962 1184 καὶτοῖς

179 1201 297 1253 ἀποστόλοις
316 1204 459 1259 68συνείμαγε,
482 1204 517 1245 καὶ
532 1205 656 1258 συνηυλίσθη
673 1200 712 1257 μετ’
729 1202 797 1246 αῦτῦν
815 1201 961 1258 τεσσαροίκοντα

177 1270 254 1328 η’μέρας
271 1272 305 1314 καὶ
321 1271 468 1329 τεσσαράκοντα
479 1270 561 1321 νύκτας·
584 1268 625 1316 ἀλλ’
637 1273 716 1326 είςῖγλθε
727 1275 799 1329 θυρῶν
811 1271 960 1326 κεκλεισμένων,

178 1343 212 1383 καί
223 1339 271 1394 μετοί
281 1340 303 1383 τό
315 1342 409 1391 είςελθεῖν
420 1341 508 1383 ἐδείκνυε
518 1345 580 1397 νεῦρα
589 1342 625 1384 καὶ
641 1345 665 1370 ⁶⁹
672 1340 742 1392 ὀστέα,
763 1338 827 1383 τύπον
841 1338 905 1394 ἥλων,
925 1341 961 1382 καὶ

177 1409 241 1452 τύπον
257 1407 338 1465 λόγχης,
360 1408 391 1452 ότι
407 1406 456 1451 αύτό
473 1404 499 1463 ῖγν
515 1407 597 1464 υίληθοῖς
611 1408 633 1452 τό
647 1412 709 1463 σῶμα.
734 1407 780 1451 Ὅτι
790 1409 812 1451 δὲ
823 1406 921 1463 συυήῳθη
933 1411 961 1460 είς

96 1503 131 1532 pag.
139 1494 169 1524 τοι.
180 1483 226 1534 μίαν
235 1477 332 1533 θεότητα,
348 1479 417 1533 μηκέτι
429 1478 625 1535 7θπροςδοκοίμενον
637 1484 721 1530 παθεῖν,
737 1478 806 1533 μηκέτι
819 1476 960 1533 ἀποθνῆσκον,

179 1547 207 1598 ῦς
218 1561 280 1602 φησιν
295 1545 307 1590 ό
319 1547 376 1604 όίγιος
386 1545 507 1599 ἀπόστολος,
524 1547 607 1601 Ἀνέστη
618 1545 700 1603 κύριος,
715 1546 782 1589 οῦκέτι
794 1544 960 1602 7Ῑᾶποθνήσκει,

179 1614 270 1666 θύνατος
279 1616 343 1659 αὐτοῦ
352 1614 418 1660 οῦκέτι
427 1614 521 1672 κυριεύει,
553 1615 580 1659 Τό
592 1614 685 1670 παθητόν
696 1620 763 1659 77τοῦ
775 1613 877 1669 οίπαθοῦς,
892 1617 927 1659 καί
937 1615 960 1661 τό

180 1684 259 1735 ύπαθές
268 1683 299 1727 οίεὶ
310 1686 439 1739 77διαμένει,
454 1683 476 1727 τό
488 1683 559 1728 θεϊκόν
571 1683 608 1727 σύν
623 1683 699 1739 σοίματι
711 1685 745 1727 καί
758 1690 815 1744 ψυχῇ
825 1685 860 1727 καὶ
870 1684 925 1745 πόση
935 1691 960 1746 τῇ

179 1751 353 1811 74ἆνθρωπότητι
367 1752 428 1803 αύτός
439 1752 489 1804 θεός
500 1751 538 1808 σίν,
560 1752 653 1797 ύνελθοίν
664 1758 688 1784 77
696 1755 724 1805 εἰς
736 1752 847 1811 οῦρανοῦς,
866 1753 961 1798 έκύθισεν

179 1826 200 1868 ἒν
212 1825 269 1882 δεξιᾷ
287 1827 322 1867 τοῦ
336 1821 412 1881 πατρός
423 1824 445 1866 έν
457 1821 516 1882 δόξῃ,
537 1823 576 1867 οῦκ
586 1821 714 1878 όποθίμενος
724 1822 746 1867 τό
758 1822 816 1881 ύίγιον
827 1828 896 1880 σῶμα,
911 1823 961 1869 αἰλλοί

180 1891 292 1943 συνενύσας
303 1895 331 1943 είς
343 1897 368 1923 ⁷⁶
375 1891 397 1936 τό
408 1891 549 1947 πνευματικόν,
564 1894 586 1936 έν
597 1891 701 1948 τελειότητι
711 1896 758 1948 μιῖις
767 1892 872 1949 θεότητος·
889 1892 917 1946 νίς
925 1896 961 1939 καὶ

178 1962 203 2008 τοί
219 1961 276 2018 ἡμῶν
294 1961 376 2016 σοίματα
397 1963 501 2016 77μέλλει·
527 1961 556 2005 Τό
572 1967 609 2006 νῦν
623 1960 744 2018 σπειρόμενα
760 1961 837 2018 ψυχικοί
852 1964 961 2020 ἐγείρονται

179 2030 310 2086 πνευματικοί,
325 2030 349 2074 τοί
361 2035 398 2074 νῦν
407 2030 525 2087 σπειρόμενα
537 2032 558 2074 ἒν
570 2035 643 2091 φθορᾷ
655 2032 763 2088 ἐγείρονται
775 2034 796 2076 ἕν
806 2032 921 2093 ἀφθαρσίᾳ,
936 2032 961 2078 τοί

178 2107 216 2145 νῦν
225 2100 344 2158 σπειρόμενα
353 2103 375 2145 έν
382 2099 464 2159 θανάτῳ
475 2102 583 2158 ἐγείρονται
593 2102 614 2145 έν
625 2099 732 2159 ύθαυασίμ.
762 2103 792 2144 Ei
798 2103 866 2145 τοίνυν
877 2101 902 2145 τοί
911 2101 959 2159 ἦμέ-

177 2188 224 2228 τερα
238 2169 312 2223 ούτως,
332 2170 388 2228 πόσῳ
409 2174 514 2224 7ὓμολλλον
530 2170 592 2213 έκεῖνο
612 2167 634 2213 τό
648 2167 706 2226 όίγιον
720 2171 755 2213 καί
769 2169 913 2228 ἆνεκδιήγητον
925 2173 960 2216 καί

178 2238 298 2296 υίσύγκριτον
308 2241 342 2282 καί
352 2237 460 2296 οίκραιφνές
470 2242 498 2297 τῷ
508 2242 552 2297 θεῷ
563 2239 711 2294 συνηνωμένον,
732 2238 754 2283 τό
763 2242 786 2283 ’έν
798 2238 822 2284 όν
838 2240 910 2285 λοιπόν
924 2259 959 2297 μο-

179 2310 263 2360 νοειδές,
291 2307 327 2359 Ὡς
341 2310 375 2351 καί
390 2310 411 2352 ἐν
427 2306 491 2367 τούτῳ
508 2309 638 2365 ἐπιμαρτυρεῖ
649 2305 662 2351 ό
673 2306 786 2359 ἀπόστολος
798 2310 871 2366 λέγων,
890 2312 916 2353 El
925 2311 960 2354 καί

179 2376 291 2435 έγνοίκαμευ
306 2377 357 2421 κατοί
371 2377 435 2433 σόρκα
449 2376 547 2434 Χριστόν,
567 2374 616 2421 οἳλλύ
626 2381 665 2420 νῦν
679 2375 746 2421 ούκέτι
756 2376 885 2435 γινοίσκομεν.
918 2380 960 2436 Ούχ

180 2447 209 2492 ίίτι
221 2449 280 2491 διεῖλε
292 2445 328 2503 τήν
342 2447 407 2504 σοίρκα
421 2444 462 2490 οῖπό
472 2451 507 2502 της
519 2446 625 2503 θεότητος,
645 2445 693 2489 ύλλύ
706 2446 770 2502 αὐτην
781 2451 806 2478 ⁷⁹
813 2448 914 2504 μένουσαν
925 2450 960 2493 καί

178 2639 196 2669 in
213 2636 247 2668 οοιλ.
259 2637 289 2669 len.
305 2637 368 2668 ολανιοι
382 2635 447 2668 macula
460 2633 504 2666 λανδ
519 2634 556 2666 sinit
601 2632 629 2669 66.
640 2632 760 2679 σοιηιωμένης
771 2635 808 2668 edit.
819 2635 887 2677 Petam,
897 2639 960 2677 praeter

178 2684 266 2724 σίηοοεοειι
281 2691 321 2722 quae
336 2683 395 2714 litterae
408 2683 477 2720 lateant,
493 2680 511 2711 in
521 2681 555 2712 ωδ.
578 2682 624 2714 codd.
637 2690 675 2713 mss.
688 2683 802 2713 auctoritatem.

177 2729 243 2769 Βλεδλρ,
255 2731 308 2760 contra
316 2729 391 2761 librarius
397 2728 449 2760 οιοίοίλ
459 2727 508 2766 plane
516 2736 556 2766 ηαοι
601 2725 629 2762 67.
642 2725 666 2765 είς
674 2724 692 2761 ἓν
700 2727 768 2770 πνεῦμα
777 2728 822 2760 habet
831 2727 913 2768 Εομοεὶλῐο
923 2730 959 2762 ffl.

177 2777 227 2816 λερειο
240 2784 271 2806 non
280 2777 335 2814 posset.
358 2776 441 2806 Lacunam
453 2773 499 2804 habet
509 2773 557 2805 etiam
577 2784 594 2815 μ.
605 2771 652 2807 1099.

178 2822 215 2854 ναῖε,
222 2822 280 2861 μνίου,
292 2817 316 2862 μή
327 2817 408 2863 ἐαθείσης
417 2820 527 2859 scriptumest
536 2820 556 2850 ολ
602 2818 629 2853 68.
643 2817 728 2863 συνέφυγε
739 2817 769 2853 κοιλ
780 2817 858 2858 συνέπιε,
876 2819 906 2855 καλ
919 2831 959 2856 συν-

177 2868 243 2901 Ριίουίο
252 2868 315 2906 recepta
331 2876 350 2898 ετ
367 2867 449 2904 Ροοοτῖο,
472 2861 496 2907 μέ,
512 2864 557 2898 κλει·
581 2865 656 2909 ηυλίσδη
669 2864 896 2907 Εκμοελλ.λ“ι”ιλ.μος.1106.

179 2911 251 2956 σθείσης
262 2913 351 2952 suspicatus
361 2916 383 2944 est
391 2914 421 2945 Ios.
434 2912 511 2952 scaliqer.
602 2910 629 2945 69.
642 2907 695 2946 ὀστέα
709 2912 756 2944 codd.
771 2920 809 2944 mss.
825 2914 840 2944 ολ
853 2913 890 2944 edit.
907 2915 959 2954 princ.

200 2957 228 2992 63.
239 2959 281 2990 Edit.
288 2959 342 2990 Ριιου.
353 2959 398 2990 habet
409 2955 466 3000 κυρίου
477 2955 518 2990 θεοῦ
530 2953 557 2991 λό-
580 2954 624 2993 ἆοτᾶ
637 2959 674 2990 κοιλ.
685 2959 740 2990 Ριλου.

178 3017 207 3049 γου
218 3002 248 3038 καὶ
258 3003 295 3037 υἱοῦ
306 3003 359 3042 θεοῦ,
370 3005 424 3037 invitis
434 3004 479 3035 libris
487 3005 524 3035 υελλ.
601 3003 628 3037 70.
640 3001 779 3047 τροςδοκώμενοι
791 3004 838 3037 σοῖο.
849 3014 887 3046 mss,
897 3008 911 3038 ιλ
922 3006 959 3038 edit.

200 3048 227 3084 64.
240 3049 289 3095 πείνη
299 3051 336 3082 edit.
348 3051 403 3082 Ρειου.
577 3051 629 3093 princ.
653 3049 750 3093 προςδοκῶν
762 3051 798 3083 edit.
810 3051 866 3085 Ρελαυ.

200 3096 227 3133 65,
239 3096 261 3144 τῇ
272 3097 324 3130 omiss.
336 3097 354 3132 ίο
364 3097 401 3132 edit⁴
409 3096 465 3131 Ρειυυ.
