1988 3392
171 215 204 261 ’36
234 226 236 229 ’
461 226 542 262 οιαοτι
554 225 668 260 ανινιικαιι

232 302 319 360 ’Τπὲστη
335 306 357 349 δὲ
371 307 404 349 καλ
423 307 499 362 ἓξορίαν
512 300 575 354 αὐτὸς
588 303 600 348 δ
615 306 677 363 γε’ρων
687 302 766 355 Λύδιος
783 304 812 353 είς
826 303 851 347 τά
861 304 912 360 με’ρη
924 308 959 360 τῆς

176 371 278 425 Σκυθίας,
294 372 335 418 ἰῗπδ
345 378 382 418 τοῦ
393 376 488 430 βασιλέως
500 375 620 430 ἒξορισθείς,
636 371 669 415 διά
680 372 702 416 ιδ
715 371 831 427 άφηνιάζειυ
841 371 909 423 λαούς·
924 374 959 417 καὶ

175 440 217 485 ύττδ
234 448 274 486 τῶν
291 442 407 487 ἐπισκόπων
422 447 450 500 τῷ
465 445 542 497 βασιλεῖ
555 440 662 497 άνηνὲχθη.
690 440 745 485 Ἐκεῖ
758 442 779 485 δὲ
790 440 873 495 μάλιστα
885 443 958 497 διατρί-

176 513 219 565 βων
228 510 327 567 (ἵχράνον
337 514 387 555 ἐτῶν
397 509 434 555 οάκ
445 512 482 565 ίχω
495 511 565 566 λέγειν)
577 512 611 553 καί
621 512 649 560 είς
659 509 684 552 τά
697 509 766 566 πρύσω
779 512 865 565 βαίνων,
886 512 919 553 καί
931 512 959 561 είς

175 579 200 622 τά
212 580 301 623 ἐσαίτατα
313 586 348 635 τῆς
359 583 455 629 Γοτθίας,
470 578 556 629 πολλούς
565 583 605 621 τῶν
617 577 702 622 Γάτθων
712 578 833 634 κατήχησεν,
847 575 884 631 ἀφ’
896 573 958 636 οὗπερ

174 649 210 691 καί
225 649 349 704 μοναστηρια
364 649 385 691 ἓν
396 653 420 707 τῇ
437 646 489 706 αὐτῇ
501 649 579 705 Γοτθίμ
592 648 678 703 ἐγένετο,
699 648 733 690 καὶ
743 649 842 700 πολιτεία,
861 647 896 689 καί
908 664 958 704 παρ·

174 720 235 760 θενία
245 734 265 760 τε
276 719 311 760 καί
322 716 405 770 άσκησις
415 713 451 769 οὐχ
462 714 476 771 ἡ
484 720 576 770 τυχοῦσα.
587 714 644 758 ’Ἐστι
653 713 691 771 γάρ
701 718 729 774 τῷ
740 713 784 758 δντι
793 720 853 758 τοῦτο
862 713 885 758 τά
894 715 959 773 τάγμα

175 784 229 828 πάνυ
246 787 268 828 ἕν
283 784 400 843 ἀναστροφῇ
416 788 535 843 θαυμαστῇ,
555 784 590 827 καί
604 782 628 826 τά
643 783 710 829 πάντα
723 781 790 827 αὐτῶν
806 785 827 827 ἓν
839 789 881 834 τοῖς
892 782 959 827 αύτιῖν

175 856 317 910 μοναστηρίοις
327 858 392 902 καλῶς
405 853 514 906 θφίρεται,
529 850 581 905 πλὴν
594 857 634 895 τῶν
646 856 774 905 φιλονεικιῶν
784 851 871 904 τούτων,
892 857 929 908 τῆς
938 869 959 895 τε

175 926 301 978 παραλλαγῆς
312 926 349 965 τοῦ
364 920 436 976 Πάσχα
446 925 483 977 τῆς
497 937 518 963 τε
527 919 579 965 κατά
590 919 612 964 τδ
628 920 729 966 ίδιωτικδν
743 922 856 979 ἐγκειμένης
869 925 905 964 τοῦ
916 919 959 965 κατ’

174 989 243 1034 είκάνα
258 988 371 1048 ὁμολογίας,

236 1194 263 1239 T&
280 1196 302 1239 δὲ
317 1194 429 1250 δεινότερον
447 1193 529 1237 πάντων
545 1195 579 1238 καί
595 1193 745 1251 φοβερώτερον,
766 1194 797 1239 δτι
815 1193 853 1239 οὐκ
868 1193 958 1250 εὔχονται

174 1262 225 1319 μετά
236 1281 302 1314 τινος,
317 1262 355 1306 κάν
364 1280 385 1305 τε
397 1267 437 1305 τοῖν
449 1265 538 1316 δοκίμων
552 1265 650 1316 1(μανείη,
665 1264 698 1305 καί
711 1263 773 1317 μηδὲν
784 1265 812 1312 είς
823 1266 958 1319 κατηγάρησιν

174 1331 259 1387 ἐχόντων
276 1332 326 1385 μηδὲ
341 1331 419 1385 μέμψιν
434 1333 529 1383 πορνείας
547 1329 561 1385 ἢ
578 1332 665 1385 μοιχείας
679 1329 692 1384 ἢ
705 1333 834 1382 πλεονεξίας,
849 1329 888 1373 ἄλλ’
901 1329 957 1375 δτιδ

172 1404 263 1450 τοιοῦτος
278 1401 300 1442 ἐν
313 1404 338 1459 τῇ
352 1401 445 1456 ἐκκλησίᾳ
455 1398 565 1454 συνάγεται.
596 1400 637 1441 Καί
652 1398 712 1442 τοῦτο’
725 1400 765 1441 ἐστι
777 1397 799 1442 τδ
813 1398 913 1454 φοβερδν,
933 1398 957 1442 τδ

173 1468 294 1524 παραλλάξαι
310 1466 375 1521 δνομα
388 1471 513 1521 Χριστιανῶν
528 1472 564 1521 τῆς
579 1463 637 1523 άγίας
653 1468 767 1522 ἐκκλησίας,
787 1471 823 1521 της
835 1465 863 1522 μὴ
874 1466 958 1522 ἐχούσης

174 1538 269 1580 ἐπίθετον
285 1534 358 1591 ὄνομα,
384 1533 432 1578 άιλά
447 1533 510 1589 μόνον
530 1533 596 1588 δνομα
612 1538 701 1590 Χριστοῦ
716 1536 751 1577 καὶ
771 1538 909 1589 Χριστιανῶν,
930 1537 958 1586 είς

174 1603 238 1659 ὄνομα
255 1602 335 1647 Αύδίου
351 1608 467 1655 καλεῖσθαι,
489 1604 604 1646 συνθέσθαι
625 1619 646 1645 τε
663 1604 698 1645 καὶ
714 1601 845 1647 ἀπαιτεῖσθαι
861 1602 957 1658 σύνθημα

174 1671 306 1728 άυθρωπίυης
320 1670 411 1726 φύσεως,
427 1673 445 1714 εί
456 1672 491 1714 καὶ
504 1672 538 1715 ἐπὶ
552 1670 575 1715 τά
588 1669 698 1724 άκραιφνὲς
709 1673 739 1726 ε’ίη
749 1676 777 1731 τῷ
788 1674 836 1730 βίῳ,
855 1673 890 1716 καί
902 1672 957 1733 πάση

173 1740 291 1800 δικαιοσύνῃ
301 1740 323 1784 τά
335 1740 401 1797 τάγμα
411 1738 565 1794 σεμνυνόμενον.
597 1741 672 1783 Πολλοὶ
690 1740 712 1783 δὲ
726 1742 760 1782 καί
771 1739 819 1795 μετά
831 1739 868 1796 τὴν
878 1742 956 1785 ἐκείνου

172 1808 264 1865 τελευτὴν
280 1809 373 1867 γεγόνασι
385 1808 423 1852 σύν
439 1808 509 1857 αὐτοῖς
520 1825 541 1851 τε
557 1809 592 1851 καὶ
608 1807 648 1863 μετ’
664 1806 725 1851 αδτδν
737 1813 773 1851 τοῦ
784 1807 883 1865 τάγματος
894 1808 957 1853 αὐτοῦ

173 1880 292 1931 ἐπίσκοποι,
317 1876 419 1934 Οὐράνιιίς
437 1894 468 1928 τις
484 1881 520 1932 της
536 1877 667 1932 Μέσηςτῶν
686 1881 790 1933 ποταμῶν·
809 1879 844 1921 καὶ
860 1874 902 1922 dud
921 1882 958 1934 τῆς

174 1952 194 1990 Γ
191 1952 263 1999 οτθίας
275 1948 297 1990 δὲ
311 1948 354 2003 ἔσχε
363 1946 429 1999 τινάς,
444 1948 478 1990 καί
491 1948 608 2001 κατέστησεν
618 1944 692 1997 αὐτούς
704 1947 834 2000 ἐπισκόπους,
846 1946 894 1990 ’άλλά
905 1949 956 1992 Ξκαλ

173 2015 287 2067 Σιλουανάς
302 2035 342 2070 τις,
362 2018 397 2060 καὶ
413 2015 468 2060 άλλοι
484 2017 544 2068 τινὲς,
560 2010 589 2059 οἷν
599 2016 713 2072 συμβέβηκέ
728 2034 785 2068 τινας
799 2021 835 2060 τοῦ
847 2019 895 2073 βίον
905 2015 956 2060 παύ-

140 2125 141 2128 ,
173 2093 261 2140 σασθαι,
282 2084 366 2141 μάλιστα
387 2084 494 2142 Οὐράνιον.
532 2084 593 2140 Ηίίχει
611 2085 648 2143 γάρ
667 2080 727 2135 οὗτος
743 2084 843 2140 άναμὲσον
862 2085 956 2130 τοιούτου

89 2173 124 2203 pag.
132 2165 163 2195 ελό.
172 2155 277 2212 τάγματος.
307 2153 367 2199 Μετοί
382 2156 404 2198 δὲ
420 2154 457 2210 τήν
473 2157 513 2197 τῶν
528 2153 645 2198 ἐπισκόπων
661 2155 728 2198 αὐτῶν
740 2154 828 2208 τούτων,
852 2153 955 2212 Οὐρανίου
988 2189 990 2191 .

172 2225 207 2268 καί
218 2229 342 2276 Σιλουανοῦ,
357 2229 393 2266 τοῦ
410 2225 432 2267 ἐκ
453 2226 568 2275 3Γοτθίας,
584 2222 675 2277 τελευτὴν
689 2225 758 2267 πολλοὶ
772 2223 904 2279 διελύθησαν,
922 2225 957 2268 καί

173 2294 202 2343 είς
219 2290 284 2349 ὀλίγον
299 2286 350 2347 ἦλθε
365 2290 387 2335 τά
398 2290 474 2335 τούτων
488 2291 589 2347 σύστημα,
609 2294 631 2335 ίυ
642 2309 662 2335 τε
675 2299 717 2343 τοῖς
729 2293 795 2348 με’ρεσι
809 2295 911 2344 Χαλκίδος
920 2297 956 2348 τῆς

173 2359 224 2417 πρδς
234 2359 362 2416 Ἀντιοχείας,
382 2362 417 2404 καί
435 2362 456 2404 ἓν
470 2367 512 2411 τοῖς
528 2362 594 2419 μέρεσι
609 2365 645 2405 τοῦ
661 2360 780 2418 Είφράτου.
810 2363 852 2405 Καὶ
861 2359 900 2419 γάρ
913 2360 955 2406 άπδ

173 2435 209 2484 τῆς
218 2432 307 2480 Γοτθίας
317 2428 443 2485 ἐδιώχθησαν
455 2432 476 2473 οί
487 2433 578 2483 πλείους,
597 2428 622 2473 ου’
632 2428 706 2485 μόνον,
727 2428 774 2474 άλλά
789 2431 824 2473 καὶ
834 2433 856 2474 οί
864 2428 955 2489 ἡμέτεροι

173 2500 215 2542 ἐκεῖ
224 2500 351 2555 Χριστιανοὶ,
371 2501 461 2556 διωγμοῦ
476 2498 560 2555 μεγάλου
576 2498 680 2549 ἐνστάντος
693 2497 735 2542 ύπδ
750 2499 955 2556 βασιλέωςἜλληνος,

172 2570 241 2610 δεινοῦ
251 2584 272 2610 τε
282 2567 401 2623 γενομένου,
421 2566 516 2625 καὶπρὸς
527 2572 586 2623 ζῆλον
599 2572 640 2610 τῶν
649 2565 763 2622 Ῥωμαίων,
784 2566 817 2610 διά
829 2568 851 2612 τδ
863 2568 910 2620 τούς
919 2572 955 2625 βα-

171 2641 231 2686 σιλεῖς
239 2640 280 2679 τῶν
288 2633 390 2690 Ῥωμαίων
399 2634 450 2679 εἶναι
458 2630 597 2694 Χριστιανούς,
610 2634 650 2679 4ιδ
661 2640 702 2679 πᾶν
710 2637 768 2692 γένος
776 2641 817 2679 τῶν
829 2641 957 2690 Χριστιανῶν

172 2701 207 2748 ἀπ’
221 2706 302 2749 ἐκείνων
313 2702 457 2761 άπελασθηναι,
489 2703 520 2749 Ού
532 2709 594 2749 λείπει
611 2705 632 2749 δὲ
648 2706 691 2761 ῥίζα
703 2707 787 2760 σοφίας,
803 2703 851 2750 ούδὲ
862 2705 955 2762 φύτευμα

194 2843 210 2879 7
222 2843 288 2890 χρόνων
300 2846 346 2878 codd
356 2854 393 2878 mss.
406 2848 466 2880 οιτιλὶι.
476 2848 527 2888 μνίου.
597 2847 613 2879 2.
626 2844 656 2880 καὶ
667 2856 697 2879 ναι.
709 2848 744 2880 ινδ.
755 2847 822 2888 λίλαλίμ.

193 2889 210 2923 8.
222 2856 301 2934 φέρονται
312 2892 347 2924 ινδ.
360 2892 425 2931 λλλκιλιμ
597 2891 614 2925 3.
621 2890 686 2935 γοὸίας
697 2893 731 2925 aad.
743 2893 810 2933 Βλαὶίμ.

196 2934 234 2968 Cu.
246 2937 319 2969 XV.-
342 2938 355 2969 Ι.
367 2937 428 2979 φαιειη
438 2939 551 2971 resumendum
596 2934 613 2970 4.
625 2936 955 2988 Scribendnmputoautmlnp&ta.

171 2984 205 3015 era!
214 2991 234 3014 ιιι
246 2981 310 3026 μανίη,
324 2983 382 3024 quod
376 2993 393 3015 ια
405 2984 450 3015 codd
462 2994 499 3017 mss.
510 2986 540 3016 ιλ
534 2994 551 3017 ιιι
573 2979 661 3039 Pmffi
672 2995 688 3018 τ
698 2995 713 3018 τ.
719 2985 765 3037 [M
781 2980 833 3027 Ῥωμ
853 2980 896 3019 εἶναι
911 2984 954 3026 Χρι-

170 3028 254 3107 {asma
265 3028 391 3070 δεμνιλιιιαιιιιν.
408 3026 454 3073 φάνη
466 3031 504 3064 ιιι·
498 3040 516 3063 ια
525 3030 550 3063 ed
574 3028 651 3069 στιιιιονς
655 3054 661 3073 ,
672 3026 693 3065 τί
703 3028 736 3065 αᾱν
745 3027 793 3072 γένος
803 3039 818 3064 τ
828 3025 883 3073 Χρ.’
871 3041 896 3066 ατ
895 3026 955 3066 ’ἐκεί-

200 3083 210 3105 ss
222 3084 234 3105 ll
