1988 3392
200 233 294 269 enuuuu
304 233 348 269 LIB.
357 236 387 270 III.
399 235 455 271 TOIII.
464 236 478 270 Ι.
488 235 558 269 HAER.
567 235 651 269 LXXIII.
778 228 820 270 129

31 317 111 360 illorum
127 329 163 359 ore
180 329 248 360 sermo
266 316 358 359 veritatis
374 318 475 373 aufertur,
496 324 519 360 ut
530 317 605 360 ιιιιΙιιιιιι
617 317 635 358 is
648 318 732 359 Iruotum
748 317 823 360 sentiat

31 387 65 446 qui
79 387 110 431 sie
124 394 229 446 precatur:
245 389 277 429 Ne
290 388 369 443 auferas
383 389 460 430 uerbum
475 391 562 431 aeratatr's
576 404 602 429 ear
616 403 650 430 ore
664 393 717 430 meo!

89 455 221 514 Quandonam
234 471 284 500 vero
293 457 340 500 illud
353 458 438 501 accidit?
467 456 518 502 Cum
532 460 597 516 Iegem
614 458 710 516 quispiam
724 465 821 516 perpetuo
851 459 891 517 Pur·

32 542 72 570 non
82 528 189 582 observat,
211 541 256 570 oum
269 526 290 569 in
302 527 405 570 latitudine
418 543 458 571 non
470 529 564 572 ambulat.
595 526 674 586 erippe
685 529 775 571 eollatari
787 542 823 571 eor
841 506 902 539 Μ’

32 610 117 640 necesse
133 605 165 640 est
181 597 225 640 eius
242 597 275 653 qui
290 597 444 640 inambulantem
459 595 561 641 Christum
576 598 668 654 recipere
682 598 743 650 velit,
767 598 824 639 euius

32 666 116 723 gloriam
132 680 172 708 non
189 666 292 719 homines,
314 667 349 709 sed
367 667 419 709 coeli
434 667 558 724 praedio-ant.
596 671 651 710 Coeli
665 670 715 709 eaz'm
731 675 928 721 enarraatpffirffigmp,

30 738 116 790 gloriam
127 739 171 787 dei,
187 736 220 778 vel
233 735 318 793 ipsemet
330 737 395 793 potius
408 744 465 792 pater
477 738 556 790 dicens,
578 741 615 778 Hie
625 746 655 778 est
661 739 722 791 filaus
732 751 785 778 areas
795 738 928 790 depranam,

33 806 104 855 lectas,
128 808 149 847 r'n
165 820 202 860 qno
216 807 265 847 milri
277 807 351 859 placui.
388 802 454 860 Quem
471 806 549 862 quidem
567 807 656 849 eorrbteri
674 821 733 848 nenio
750 812 824 863 potest,

33 874 66 930 qul
76 877 96 915 ia
106 876 186 916 sublatae
195 877 286 929 loquatur
298 877 417 928 iniquitatem
427 877 453 915 nd
460 878 570 928 proximam
580 891 647 927 snum,
664 876 681 917 si
692 876 712 917 in
725 875 821 917 autieltri-
828 894 928 927 pffiifflpqs,

33 950 109 985 storum
120 943 174 985 illum
187 949 266 984 eoetum
277 942 469 999 appellationumque
481 943 579 998 pelliciat,
595 959 607 985 a
619 942 779 986 Christianorum
792 958 825 986 or-

33 1011 80 1053 dine
92 1018 112 1054 et
121 1011 253 1069 appellatione
264 1011 385 1063 distraetus3
408 1011 515 1067 dequibus
530 1013 625 1069 seriptum
639 1018 683 1065 est,
705 1015 771 1057 Nolite
782 1020 824 1053 tan·
841 1027 900 1071 esaim,

31 1095 81 1133 gere
91 1082 179 1122 Christos
189 1094 247 1120 meos.
279 1082 437 1132 (tristantem,
461 1080 538 1136 inquit,
560 1084 653 1130 mendara,
674 1084 826 1134 aise'qm'aegrt
840 1063 912 1139 iliiplili.

33 1151 96 1190 lesam
108 1163 149 1189 esse
163 1150 277 1189 Christum?
304 1150 394 1196 Ha'oest,
418 1148 494 1203 inquit,
515 1151 656 1190 Antichristus.
687 1150 826 1202 Namqae'ne·
842 1132 889 1166 ΗΑ

33 1218 154 1269 gutfiliam,
170 1230 231 1269 neque
244 1223 319 1268 patrem
331 1216 399 1263 tabet,
416 1224 436 1255 et
446 1217 550 1269 qaifilr'arn
561 1219 676 1270 coafitetur,
698 1231 737 1256 aaa
747 1217 826 1269 coafite-

35 1292 69 1325 tur
78 1292 99 1324 et
105 1292 189 1337 patrem.
218 1286 273 1335 Quod
282 1287 355 1336 igitar,
372 1278 448 1338 inquit,
464 1286 488 1323 nb
500 1287 555 1324 tarta
566 1287 656 1333 ondr'str's,
673 1291 750 1324 maneat
759 1286 795 1323 bae
806 1286 826 1324 a'a

34 1354 99 1393 nobis:
115 1360 135 1392 er
143 1355 163 1393 si
171 1359 257 1400 maneat,
274 1350 350 1406 iuquit,
366 1355 387 1392 r'a
395 1352 449 1392 nobis
458 1355 509 1406 qaod
519 1354 544 1393 ab
556 1355 611 1393 iaitrb
623 1354 715 1401 andans,
733 1353 754 1392 el
761 1367 795 1392 aas
806 1354 827 1392 r‘n

31 1422 79 1475 fillo
89 1421 190 1462 manebatis
200 1429 221 1461 et
230 1424 251 1462 ia
259 1429 324 1474 patre.
355 1420 418 1475 Atqui
431 1428 472 1462 tum
489 1423 568 1463 demum
583 1421 719 1473 manebimus,
735 1436 780 1462 eum
793 1435 827 1462 oo·

35 1504 78 1533 ram
90 1490 127 1532 deo
140 1496 161 1532 et
171 1487 241 1532 electis
253 1487 338 1546 angelis,
353 1489 389 1531 sed
399 1496 420 1532 et
430 1503 497 1533 eoram
510 1489 632 1547 prineipibns
642 1489 687 1533 siue
699 1489 739 1532 ullo
751 1489 825 1546 pudore

36 1558 183 1603 confilebImur.
213 1560 316 1615 Loquetur
325 1562 385 1610 enain,
402 1559 474 1616 lnquit,
490 1563 514 1603 de
523 1563 635 1602 coeremoniis
645 1564 684 1602 tar's
693 1563 713 1602 r'a
723 1567 825 1614 eorrspertu
846 1580 906 1610 ΜΝ,

37 1645 115 1685 regam,
139 1637 159 1672 et
168 1644 206 1672 aaa
221 1630 358 1685 confundebar.
392 1628 464 1674 Siboe
477 1631 586 1683 fateamur,
607 1630 700 1687 iuquam,
721 1630 753 1672 dei
768 1630 828 1672 lilium
847 1617 909 1652 ΠΗ·

38 1700 96 1743 deum
108 1713 153 1742 esse
165 1700 189 1742 de
201 1700 252 1753 deo,
268 1714 328 1742 uuum
340 1714 367 1742 ex
378 1715 426 1752 uuo,
443 1700 567 1756 unigenitum
579 1714 605 1742 eu
616 1700 718 1756 ingenito,
734 1699 829 1741 eximiam

39 1770 136 1826 quandam
154 1769 270 1824 generantis
285 1769 388 1823 sobolem,
410 1769 529 1826 dignumque
544 1770 632 1812 eareutis
650 1769 747 1827 principio
758 1768 828 1821 lilium,

38 1837 145 1882 ineffabilis
162 1838 282 1881 ineffabilem
298 1837 440 1895 interpretem,
463 1839 546 1881 verbnm
564 1839 680 1895 sapientiam
699 1852 723 1880 ae
735 1838 829 1880 virtutem

40 1907 83 1951 eius
94 1907 127 1965 qui
138 1908 254 1963 sapientiam
265 1921 289 1949 ae
301 1907 394 1949 virtutem
406 1922 485 1950 omnem
497 1908 589 1959 excellit,
606 1922 666 1964 supra
677 1908 696 1950 id
708 1921 766 1949 omne
778 1906 830 1962 qnod

39 1977 73 2020 rel
84 1978 150 2033 eloqui
161 1977 241 2032 lingua,
255 1976 289 2019 rel
300 1976 376 2032 agitare
388 1977 461 2018 mentis
472 1976 604 2032 intelligentia
616 1984 694 2033 potest,
711 1977 827 2033 perfeetum,

39 2045 133 2102 inquam,
148 2045 250 2096 sobolem,
272 2051 293 2086 et
304 2045 396 2086 stabilem
409 2058 437 2086 ex
449 2046 552 2100 perfeeto,
574 2051 594 2086 el
605 2045 625 2086 iu
637 2045 708 2086 eodem
719 2052 772 2086 statu
784 2058 830 2099 per-

39 2120 144 2167 manente3
165 2127 216 2169 qnae
229 2112 307 2168 quidem
321 2112 401 2154 soboles
413 2126 478 2169 neque
494 2119 574 2169 apatre
589 2113 696 2169 produxit,
720 2125 829 2154 aeeexse·
883 2161 887 2165 ,

41 2191 73 2226 cta
83 2189 126 2236 est,
142 2183 175 2226 vel
186 2181 285 2224 divisione
298 2188 420 2239 propagata,
437 2182 473 2224 sed
484 2182 534 2224 eitra
548 2182 660 2238 passionem
674 2181 792 2237 integreque
804 2180 830 2223 ab

41 2266 66 2295 eo
77 2250 176 2309 prooessit
190 2251 224 2306 qui
237 2250 285 2292 nibil
296 2264 365 2293 eorum
377 2249 447 2305 quibus
459 2250 561 2306 praeditus
579 2256 634 2292 esset
646 2250 744 2291 amiserit.
776 2248 830 2290 'I'um

41 2320 126 2362 eundem
137 2319 192 2361 illum
203 2318 264 2360 lilium
280 2318 362 2360 verbnm
375 2331 422 2359 esse
434 2317 523 2373 dieique,
545 2332 584 2359 non
595 2332 667 2360 voeem
677 2324 711 2359 ant
724 2317 831 2358 dictionem

42 2388 117 2445 patris,
138 2385 239 2440 iutelligit.
275 2383 378 2440 Siquidem
395 2398 432 2440 per
448 2399 471 2427 se
488 2385 522 2427 ille
537 2385 628 2427 subsistit
645 2392 665 2426 et
681 2384 734 2439 agit,
756 2396 931 2437 aspernatam.

42 2459 103 2509 ipsam
113 2457 187 2504 omnen,
209 2461 230 2494 et
240 2456 260 2494 ia
271 2456 313 2506 piso
321 2461 368 2493 sant
378 2456 447 2493 omnia.
480 2452 651 2508 Quemadmodum
664 2452 692 2494 ita
706 2452 740 2494 ille
752 2452 833 2508 sapien-

43 2523 71 2566 tia
81 2529 143 2565 estut
152 2521 214 2577 patris
224 2519 330 2577 cogitatio,
353 2521 386 2562 vel
397 2520 458 2562 motio
470 2521 557 2572 mentis,
578 2519 749 2562 aetioveminime
760 2520 786 2562 sit
797 2533 833 2576 pu·

43 2591 126 2644 tendas,
148 2590 183 2632 sed
195 2588 265 2632 similis
281 2588 343 2646 patris
358 2588 451 2641 soboles,
473 2597 493 2632 et
505 2595 618 2632 accuratam
630 2588 651 2631 in
662 2601 709 2631 sese
719 2588 783 2645 patris
792 2588 834 2630 effi·
876 2645 878 2648 Ι

43 2661 96 2717 giem
113 2659 236 2717 exprimens.
273 2657 326 2700 Nam
347 2658 399 2699 buno
417 2658 466 2701 deus
481 2666 538 2716 pater
554 2658 619 2714 sigillo
636 2657 691 2699 velut
710 2657 832 2713 obsignarit.

43 2728 116 2787 Neque
133 2728 164 2772 sie
175 2727 246 2778 existit
256 2727 276 2770 in
289 2726 352 2770 altero
364 2735 386 2770 ut
399 2742 436 2786 per
448 2742 494 2772 sese
508 2727 588 2771 minime
601 2727 705 2771 subsistat.
738 2724 779 2770 Sed
793 2727 834 2769 effi-

44 2815 84 2843 oax
95 2799 172 2857 quidam
184 2798 218 2842 ille
230 2799 294 2841 foetus
305 2805 344 2852 est,
360 2796 394 2854 qui
405 2805 467 2842 tolum
480 2799 516 2842 boe
528 2797 655 2851 universum,
673 2797 726 2854 quod
737 2797 832 2849 coadidit,

45 2875 142 2928 perpetuo
154 2875 269 2912 conservat.
300 2866 357 2911 llaec
366 2867 438 2911 idonea
449 2876 496 2912 sunt
505 2876 527 2911 ιιι
540 2882 576 2910 nos
587 2875 607 2910 et
619 2882 631 2910 a
642 2866 765 2911 Graecorum
778 2879 834 2907 erro-

45 2953 77 2992 re,
89 2946 130 2982 eta
141 2935 259 2981 ludaeorum
269 2936 420 2995 superstitione,
433 2945 454 2981 et
463 2937 488 2980 ab
496 2937 642 2981 haeretieorum
653 2936 731 2980 nelaria
740 2936 835 2992 opinione

46 3008 156 3053 vindicent.

46 3099 86 3132 aas,
104 3091 118 3123 et
133 3088 159 3123 ed.
172 3089 228 3123 Pelea
257 3076 378 3132 ὁμολογήσειέν
394 3088 429 3122 eod.
476 3087 492 3121 5.
504 3085 534 3122 καὶ
544 3096 575 3120 om.
586 3088 603 3120 ta
612 3087 649 3121 edil.
658 3087 714 3121 Petav.
726 3086 779 3119 Coton,
789 3087 838 3126 repet.

45 3137 77 3170 Iea.
90 3139 105 3170 et
115 3136 140 3168 ed.
151 3136 201 3176 pnao.

81 3190 141 3228 corpus
151 3188 243 3219 usercam
252 3188 273 3218 11.
282 3189 297 3218 ³.
680 3191 694 3233 9
