1988 3392
268 242 363 277 ειιιιιιιι
373 242 417 277 ιιι.
424 244 454 277 ιιι.
466 243 522 277 rom.
531 245 544 277 ι.
553 242 623 277 nana.
634 242 715 275 nxxrr.
841 231 881 274 301

100 323 188 380 ingenita
203 323 317 380 hypostasis
332 324 456 377 declaratur,
478 339 527 380 qnae
544 338 591 381 prae
607 322 660 365 omni
677 335 792 363 caussarum
809 335 884 377 genere

100 391 258 435 immutabilitate
275 393 301 434 sit
317 392 418 448 praedita,
442 394 511 435 eadem
526 408 561 450 per
577 407 623 435 sese
634 390 744 434 substantia
759 390 885 446 incompara-

99 461 145 504 bilis
157 468 200 514 est,
221 476 260 503 nou
277 461 333 503 velut
350 461 476 503 extrinsecus
492 463 587 510 adscitam
605 461 719 518 qualitatem
732 458 784 500 ittam
800 473 848 515 prae
862 472 885 500 se

101 532 181 581 ferens,
204 530 252 571 nibil
267 537 289 571 nt
306 532 329 571 ad
341 530 403 586 ipsam
419 531 483 586 possit
494 531 600 579 accedere,
622 530 657 572 sed
673 529 692 570 id
706 543 733 570 ex
744 542 790 569 sese
800 528 883 579 babens,

100 599 129 640 nti
141 598 189 640 nibil
201 613 244 640 cum
261 598 305 655 ipsa
319 598 418 652 conferri,
441 606 474 641 ant
488 600 566 641 adeam
584 600 680 640 accedere
694 597 765 655 possit.
796 595 854 639 Unde
866 604 887 639 et

101 681 136 725 per
151 674 216 710 semet
230 673 262 709 εει
275 667 371 723 ingenita.

159 733 241 779 Conlut.
254 733 339 778 XXlX.
371 735 425 778 ldem
436 751 507 779 saxum
518 743 614 792 perpetuo
624 736 687 778 voluit
697 736 782 788 Aetius,
799 742 820 777 ιιι
831 749 842 776 ι
854 748 885 776 une

100 804 180 862 saepius
193 811 224 846 εει
235 804 320 857 dictum,
343 819 406 861 neque
422 806 525 861 quicquam
539 805 590 847 aliud
603 805 640 847 nisi
652 805 739 846 laborem
756 805 814 847 nobis
827 804 886 846 affert

101 888 124 916 ac
136 874 230 916 taedium.
262 871 397 928 Quamobrem
414 874 473 915 etiam
491 874 528 915 boc
539 874 584 915 loco
601 888 673 915 novrum
689 875 785 929 quendam
796 868 885 915 laborem

101 942 188 984 adiicere
199 941 300 998 cogimur,
318 943 426 997 eademque
438 950 538 999 repetere,
555 942 712 997 qnandoquidem
721 943 749 984 ita
760 943 788 984 illi
797 943 883 984 videtur.

101 1009 165 1066 lgitur
176 1011 223 1052 licet
239 1010 323 1065 ingeniti
339 1010 448 1052 substantia
464 1010 564 1065 ingenita,
586 1011 638 1051 unde
651 1011 745 1066 producta
756 1018 799 1064 est,
816 1018 886 1053 natura

101 1078 238 1135 significetur,
263 1078 311 1120 nihil
328 1086 394 1120 tamen
408 1079 482 1120 idcireo
497 1078 598 1134 dignitatis
614 1079 719 1131 intererit,
740 1080 791 1134 quod
807 1080 886 1134 genitor

101 1146 189 1204 genitum
201 1147 320 1204 produxisse
332 1148 416 1189 dicatur.
438 1146 515 1204 Quippe
527 1161 538 1188 ε
549 1162 572 1189 εε
583 1148 626 1203 ipso
636 1149 743 1190 secundum
755 1148 886 1190 substantiam

102 1215 192 1272 spiritum
203 1230 215 1258 e
226 1216 297 1272 spiritu
311 1216 392 1272 genuit,
417 1231 456 1257 non
473 1231 545 1273 corpus
561 1230 572 1258 e
588 1231 680 1272 corpore.
712 1215 769 1259 Unde
787 1217 831 1258 sine
848 1217 887 1258 ulla

102 1284 250 1340 comparatione
261 1285 342 1340 genitor
352 1284 372 1326 in
384 1285 446 1341 geniti
459 1286 548 1334 notione,
566 1292 587 1326 ει
598 1286 677 1340 genitus
687 1287 707 1326 in
717 1293 827 1341 generante
839 1300 887 1326 con·

102 1359 198 1409 gruenter
210 1353 336 1409 intelligitur.
366 1352 439 1409 Neque
458 1353 511 1395 euim
524 1353 641 1395 accessione
656 1354 694 1395 ulla
710 1354 797 1395 divinum
813 1368 887 1395 numen

102 1436 152 1477 opus
164 1421 234 1473 habet,
255 1429 345 1477 utpater
360 1421 410 1463 alias
423 1430 519 1473 vocetur,
542 1421 591 1463 alias
607 1421 688 1464 minime
705 1430 800 1474 vocetur,
822 1426 887 1478 neque

102 1489 156 1531 lilius
172 1503 200 1530 ex
212 1490 333 1546 sempiterna
349 1490 489 1532 coniunctione
506 1490 623 1546 quandoque
637 1504 695 1543 esse,
716 1492 834 1547 quandoque
847 1505 887 1532 nou

103 1571 148 1600 esse
158 1557 278 1614 reperietur.
309 1557 378 1614 Quare
390 1559 460 1600 eadem
473 1573 508 1615 per
519 1573 541 1600 εε
552 1559 663 1601 substantia
674 1560 722 1601 deus
735 1567 779 1612 est,
802 1567 888 1615 pateret

103 1626 157 1668 lilius
167 1633 188 1667 et
199 1626 280 1682 spiritus
291 1633 384 1679 sauctus,
406 1641 445 1668 non
458 1627 545 1669 diversa.
576 1626 623 1669 Nou
640 1627 692 1669 enim
704 1628 760 1670 velut
772 1629 835 1670 lrater
845 1629 888 1684 qui·

103 1695 148 1737 dam
165 1702 196 1736 εει
209 1695 271 1751 patris
283 1695 348 1747 lilius,
369 1703 403 1737 ant
414 1695 526 1751 posteriore
535 1696 580 1738 loeo
590 1696 681 1752 genitus,
704 1697 740 1739 sed
751 1696 888 1753 inexplicabili

103 1763 187 1819 quadam
206 1763 284 1805 ratione
300 1764 357 1805 litut
371 1770 390 1805 et
407 1764 468 1820 patris
482 1764 587 1821 appellatio
603 1779 647 1806 curn
664 1764 706 1806 filio
723 1766 888 1808 consubstantiali

103 1839 209 1888 congruat,
226 1838 246 1874 et
258 1846 302 1874 cum
313 1839 369 1888 patre
379 1839 400 1875 ει
411 1832 454 1874 lilio
467 1833 499 1889 qui
511 1847 538 1875 ex
550 1833 593 1890 ipso
606 1840 626 1875 et
637 1833 745 1890 peripsum
756 1841 777 1876 et
789 1834 888 1891 exipsius

104 1900 190 1957 propriis
206 1900 270 1942 oritur
285 1900 367 1956 spiritus
380 1908 461 1943 sanctus
475 1902 589 1944 conveniat.
620 1899 670 1943 lude
681 1902 705 1943 fit
714 1909 736 1944 ut
746 1910 814 1959 pater,
836 1904 888 1945 lilius

104 1977 125 2011 et
134 1968 216 2025 spiritns
228 1975 310 2010 sanctus
325 1969 441 2012 inaccessus
453 1969 540 2022 dicatur,
562 1970 599 2011 boc
615 1970 703 2012 estnihil
716 1984 786 2013 eorum
797 1986 847 2027 quae
858 1972 889 2014 in-

105 2037 184 2080 ferioris
197 2037 270 2093 gradus
282 2044 340 2090 sunt,
356 2044 376 2079 et
387 2038 411 2079 ab
422 2037 465 2094 ipsa
477 2038 565 2079 trinitate
577 2045 657 2090 creata,
680 2040 703 2081 ad
716 2054 760 2081 eam
771 2041 835 2096 possit
844 2055 889 2097 per-

105 2106 191 2163 tingere.
215 2104 304 2146 Trinitas
315 2120 375 2161 porro
385 2105 429 2162 ipsa
438 2106 476 2147 sibi
486 2106 524 2162 ipsi
537 2120 659 2162 nequaquam
670 2114 701 2148 est
713 2107 824 2151 inaccessa.
850 2109 889 2151 Est

105 2175 158 2218 enim
168 2174 269 2225 increata,
291 2175 405 2227 eontracta,
427 2182 447 2217 ει
457 2175 624 2231 incomparabilis.
655 2174 711 2231 Ergo
723 2176 771 2218 nibil
781 2178 888 2234 adaequari

106 2259 150 2286 cum
161 2250 217 2300 patre
229 2249 302 2299 potest,
319 2256 383 2298 neque
396 2258 439 2285 cnm
451 2243 494 2299 ipsc
507 2243 610 2299 quiequam
624 2258 692 2285 earnm
702 2258 768 2286 rerum
780 2248 889 2288 communi-

106 2314 139 2354 ter'
147 2313 242 2354 adoratur
254 2325 305 2367 quae
317 2326 344 2354 ex
354 2311 415 2354 nibilo
426 2313 499 2363 factae,
516 2311 596 2354 minime
607 2326 656 2354 vero
666 2314 746 2369 genitae
756 2322 809 2356 sunt.
832 2314 889 2359 Nulli

106 2381 177 2438 quippe
195 2387 307 2422 creatarum
324 2395 391 2422 rerum
406 2380 457 2422 dixit
468 2395 566 2435 unquam,
587 2384 636 2421 Sede
648 2396 661 2422 u
674 2384 749 2423 deam's
763 2387 815 2424 mer's
848 2383 889 2427 Sed

106 2464 144 2492 nec
156 2449 225 2491 unicus
243 2448 275 2489 dei
286 2449 338 2491 lilius
350 2450 374 2491 de
387 2463 485 2504 quoquam
495 2449 547 2491 istud
559 2450 663 2505 usurpavit
673 2451 791 2506 aliquando:
813 2456 852 2505 Qua
861 2459 889 2495 cz'-
909 2457 967 2530 esarq.

107 2521 140 2560 det
148 2533 187 2569 me,
204 2520 256 2558 cadet
265 2525 286 2557 et
291 2525 378 2570 putrem
395 2525 427 2559 et:
442 2521 506 2571 Ego
496 2533 516 2558 ιη
525 2525 589 2571 putre
606 2526 626 2558 et
632 2522 710 2571 puter
700 2534 720 2560 m
731 2534 760 2560 me
771 2529 810 2572 ert
826 2523 887 2565 item:
895 2537 949 2569 laam
955 2541 990 2579 ltu

107 2590 167 2629 Nemo
177 2589 230 2627 nonu
237 2595 311 2639 putrem
322 2602 359 2627 aasz
358 2589 404 2640 fi
395 2602 436 2636 ms
459 2595 479 2627 ει
481 2589 519 2640 fi
510 2602 548 2627 rrum
558 2601 595 2627 nrsr
595 2590 672 2639 puter
694 2591 894 2633 etcur'reuelcverrl.
908 2597 967 2661 {¹¹³2ss

107 2654 148 2698 Per
164 2654 252 2712 spiritum
269 2668 319 2696 vero
335 2663 425 2697 sanctum
441 2656 529 2708 revelat,
553 2655 584 2710 qui
601 2669 651 2710 qnae
668 2656 692 2697 ad
710 2657 773 2699 lilium
791 2661 890 2715 pertinent
931 2653 938 2673 ²
963 2655 968 2664 ⁶

109 2724 223 2780 cognoscit,
239 2723 320 2774 edocet,
343 2731 363 2764 ει
373 2724 392 2765 in
407 2725 499 2765 mnndum
515 2722 627 2780 praedicat,
649 2724 689 2766 imo
706 2740 755 2768 vero
769 2728 801 2769 dei
814 2730 854 2772 alta
866 2746 890 2774 ac

105 2794 203 2847 profunda
211 2799 317 2832 scrutetur.
348 2790 458 2847 Propterea
469 2807 546 2847 qnoque
557 2791 615 2842 dixit,
632 2794 671 2843 Qui
677 2809 715 2834 non
723 2796 807 2837 honorat
812 2800 886 2851 filiium,
895 2814 993 2853 lucente.

108 2863 354 2914 sz'cutbonorutputrem,
376 2863 406 2901 ἱνα
421 2863 525 2902 ιΙείιιιαηει
539 2864 559 2902 ia
574 2863 621 2914 apso.
652 2859 700 2904 Non
714 2863 776 2916 dixit,
798 2864 889 2921 Quinem

109 2930 194 2972 honorat
207 2930 301 2986 angelos,
318 2929 369 2971 sicut
381 2928 467 2971 honorat
478 2937 565 2986 patrem·
588 2943 624 2971 nec
637 2929 665 2972 ita
678 2933 781 2988 concepitz
798 2933 838 2989 Qui
850 2951 891 2979 nou

109 3043 162 3085 lilius,
180 3050 198 3077 et
213 3043 327 3078 condecenter
336 3043 381 3088 patu
393 3049 411 3077 et
420 3042 455 3077 filro
468 3056 488 3078 ex
534 3044 551 3080 ι
564 3041 655 3088 μήιεοάᾶ.
664 3055 715 3080 ιιιεε.
725 3044 810 3090 ninstidi.

109 3091 148 3135 ipso
159 3095 225 3123 sanctus
237 3089 289 3134 ipsius
300 3090 373 3135 spiritus.
