1988 3392
263 213 357 251 eauaun
369 214 413 250 eru.
422 216 452 250 ru.
463 215 520 250 ton.
529 215 542 249 r.
554 213 622 249 naen.
631 213 712 248 uxum.
841 205 884 248 263

98 296 204 342 alfeetioue
221 298 327 343 coniuncta
344 304 390 342 snut
406 297 488 341 eandem
505 296 530 341 ob
547 311 647 341 caussam.
679 293 701 340 ln
717 295 754 340 eleo
771 310 821 341 vero
836 295 885 341 nihil

99 368 207 421 eiusmodi,
224 369 268 412 dnm
281 369 340 412 lilium
352 375 470 425 generaret,
486 369 552 411 looum
563 368 637 412 babere
650 367 721 426 potuit.
751 366 804 411 Nam
815 368 833 410 si
845 368 885 410 tale

99 436 196 494 qniepiam
214 438 293 494 inipso
309 438 402 480 extitisse
417 437 517 489 dieamus,
538 445 560 480 ut
575 438 641 480 inanis
654 438 738 480 istorum
757 438 795 479 lert
808 438 884 494 opinio,

98 519 150 560 qnae
167 506 191 546 aa
206 506 334 548 everternlam
348 507 380 547 tei
393 506 592 560 sobolempertinet,
613 521 640 548 ex
656 506 721 547 altero
733 506 784 561 quod
797 506 816 547 in
827 506 885 548 nobis

98 572 151 613 inest
161 573 199 613 tale
209 574 360 614 atlversnsillos
372 580 510 627 argumentum
522 573 636 614 ellioiemns.
667 573 748 615 Etenim
759 572 885 629 nobisipsis,

98 639 130 695 qni
149 653 188 681 nou
207 639 250 681 sine
266 640 371 682 affectione
383 639 494 696 gignimus,
515 646 548 680 aut
563 639 673 693 gignimur,
696 640 806 681 seeundum
824 639 886 694 qnod-

98 707 142 751 dam
152 706 233 752 insitum
247 715 278 752 est
292 708 403 752 allectionis
414 721 490 766 genus,
514 721 557 751 enm
574 707 646 766 aliquid
660 722 798 767 procreamus.
831 705 884 751 Ttnn

97 780 149 822 euim
162 780 243 837 perinde
254 781 339 838 patimur
350 795 373 823 ao
384 781 429 823 dnm
441 779 549 837 gignimus,
566 787 600 823 ant
610 779 719 836 gignimur.
750 780 812 837 Atqui
826 780 884 822 deum

97 863 146 902 vos,
168 850 185 890 si
198 864 238 891 non
255 850 379 905 genitorem,
401 856 456 891 eerte
473 856 584 891 creatorem
601 850 722 905 agnoscitis,
743 857 803 906 atque
817 856 838 891 nt
851 849 885 891 lrlii

96 916 248 971 germanitatem
260 917 377 972 abnegetis,
400 924 421 957 et
432 916 550 957 eatbolieum
566 916 635 970 dogma
649 917 779 967 oottvellatis,
799 931 885 972 genera·

97 984 146 1024 tioui
158 984 237 1038 qnitlem
248 984 374 1025 affectionem
387 984 485 1034 tribuitis,
508 983 591 1024 eandem
610 997 659 1025 veto
674 984 694 1024 in
711 983 813 1025 creatione
826 983 885 1026 elissi-

97 1050 189 1102 mnlatis3
205 1065 257 1106 qnae
269 1050 342 1107 etipsa
354 1050 374 1091 in
386 1051 424 1090 deo
435 1049 542 1106 reperitur,
559 1063 596 1091 nee
607 1051 627 1091 in
638 1064 663 1091 eo
676 1057 742 1092 tamen
753 1050 832 1091 affectio
844 1057 884 1102 est,

96 1117 148 1162 absit
159 1125 179 1162 nt
194 1118 241 1162 illud
257 1118 353 1162 dieamus.
384 1116 430 1161 Nos
446 1119 498 1160 enim
510 1118 584 1161 unllam
600 1118 618 1160 ei
636 1118 762 1160 allectionem
778 1126 886 1176 propterea

97 1191 212 1244 tribuimus,
233 1191 284 1248 qnod
301 1190 389 1234 omnium
405 1197 517 1233 creatorem
537 1204 582 1233 esse
602 1190 708 1232 fateamur.
743 1187 842 1233 Similiter
858 1203 883 1233 ne

97 1260 223 1302 affectionem
235 1261 313 1316 quidem
329 1261 349 1302 iu
362 1274 386 1301 eo
398 1267 489 1317 putamus
502 1274 560 1312 esse,
582 1260 634 1315 qnotl
646 1274 715 1301 verum
728 1259 788 1301 lilium
800 1273 849 1301 vere
861 1273 885 1302 ao

96 1328 140 1369 sine
150 1328 221 1380 initio,
242 1328 274 1370 vel
286 1336 387 1384 tempore,
408 1328 503 1383 genuisse
514 1329 621 1369 fateamur.
653 1325 685 1370 Ob
696 1328 715 1369 it
727 1335 818 1369 naturam
830 1327 885 1371 illins

97 1395 237 1451 oomprebendi
253 1409 292 1436 uon
310 1409 382 1451 posse,
404 1403 425 1436 et
436 1395 461 1436 ab
473 1394 527 1436 ouini
542 1409 617 1450 genere
632 1395 759 1436 atleetionum
775 1395 883 1436 intunruem

96 1475 142 1503 esse
153 1462 300 1517 oognoseimns.
332 1460 442 1519 Propterea
453 1462 537 1503 eundem
549 1462 593 1503 sine
603 1462 642 1503 ulla
653 1462 760 1503 allectione
771 1463 884 1515 genitorem

96 1543 119 1572 ao
130 1536 242 1572 creatorem
254 1530 371 1573 asserimus.
403 1528 481 1588 Quippe
493 1529 541 1572 nibil
551 1529 633 1572 otnnino
643 1530 720 1586 patiens
733 1529 812 1572 nnieum
823 1530 884 1572 lilium

96 1602 176 1658 gennit,
193 1609 214 1644 et
225 1615 252 1644 ex
263 1601 339 1659 seipso
350 1608 440 1644 sanetum
453 1615 510 1643 strum
523 1600 613 1659 spiritum
626 1600 700 1653 emisit,
718 1600 791 1643 ttttllnm
802 1599 884 1644 omnino

96 1672 206 1713 sectionem
218 1679 252 1712 ant
265 1672 391 1726 partitionem
403 1678 507 1726 expertus.
540 1670 592 1713 ldem
609 1678 677 1712 ereata
691 1671 758 1713 ontnia
770 1672 885 1728 procreavit

96 1739 147 1780 eitra
158 1738 293 1793 fatigationem
307 1746 328 1780 et
338 1739 462 1780 allectionem
478 1738 546 1780 ullam.
577 1737 629 1780 'l'nm
639 1752 689 1780 utero
701 1739 793 1795 quiequid
804 1739 885 1781 libuerit

96 1821 132 1861 pro
142 1820 167 1847 eo
177 1820 201 1846 ae
214 1805 313 1847 divinitati
325 1820 373 1847 suae
385 1820 493 1860 oottgrnum
505 1813 536 1847 est
548 1806 639 1857 molitnr3
662 1821 701 1847 non
713 1807 764 1861 qnod
778 1814 836 1848 antea
849 1820 884 1848 re-

96 1873 130 1925 lit,
152 1880 174 1914 nt
185 1872 279 1914 attentius
295 1880 364 1929 postea
380 1874 471 1928 cogitans
487 1873 550 1914 ‹lise-at
563 1873 633 1928 eequitl
646 1874 713 1930 perlici
726 1874 778 1929 qnoel
791 1873 884 1930 designat

96 1949 195 2001 oporteat.
225 1940 298 1998 Neque
308 1941 335 1984 ita
347 1942 390 1984 vnlt
398 1940 471 1999 exequi
482 1947 503 1983 nt
516 1940 541 1983 ob
552 1941 677 1984 allectionem
690 1941 775 1999 aliquam
786 1942 883 1984 voluntati

96 2027 145 2071 opus
156 2013 219 2070 ipsum
230 2020 383 2069 repraesentare
396 2019 488 2069 nequeat.
518 2009 572 2054 Nam
589 2011 638 2055 liaeo
654 2011 720 2056 omnia
735 2012 793 2057 simul
805 2012 823 2055 ei
836 2027 883 2070 sup-

96 2089 172 2138 petunt,
189 2082 249 2134 velle,
263 2083 338 2132 laeere,
356 2076 435 2124 truie-nm
446 2095 544 2137 gerterare
557 2081 626 2133 lilium,
641 2096 748 2139 procreare
758 2097 792 2125 res
802 2097 881 2125 onrttrs.

96 2147 261 2204 Quattdoquitlem
282 2150 313 2190 elei
329 2156 399 2190 natura
419 2156 440 2189 et
460 2147 555 2190 maiestas
575 2148 628 2190 ontui
649 2156 680 2190 est
695 2149 750 2190 Artii
770 2151 882 2205 disputandi

96 2217 221 2258 subtililitate
232 2223 252 2256 et
265 2216 350 2257 bumana
361 2215 475 2257 conditione
488 2216 587 2270 superior.
617 2214 685 2267 Dens,
701 2217 793 2271 inquam,
809 2217 883 2258 intelli-

96 2284 182 2339 gentiam
196 2297 274 2325 omnem
286 2291 406 2340 exsuperat,
422 2298 460 2325 nee
471 2283 571 2325 affectioni
585 2283 637 2325 cedit
649 2284 695 2335 nlli,
712 2285 747 2326 seul
761 2297 821 2340 supra
834 2284 883 2326 affe-

96 2353 182 2397 ationem
199 2367 277 2396 omnem
293 2367 317 2396 ae
332 2352 464 2411 suspieionem
481 2352 563 2395 eminet.

153 2423 209 2478 Aetii
220 2421 285 2482 Caput
299 2422 350 2467 XV.
381 2422 403 2467 Si
414 2424 481 2481 genita
492 2423 572 2466 suboles
584 2431 655 2466 natura
667 2424 692 2466 ab
703 2431 833 2480 generantem
846 2423 883 2467 im-

96 2493 195 2536 mutabilis
211 2500 253 2544 est,
275 2494 327 2549 qnoel
342 2495 452 2548 ingenitum
468 2500 500 2536 est
515 2494 627 2536 substantia
644 2494 739 2550 quinetiam
754 2493 883 2537 immutabilis

96 2568 139 2610 est,
161 2574 200 2601 nou
221 2560 303 2601 arbitrio
324 2562 453 2616 cuiusquam,
476 2563 511 2603 set
525 2560 585 2602 insita
605 2564 689 2617 quadam
709 2562 833 2604 substantiae
853 2564 883 2604 ti-

95 2627 179 2682 gnitate.

153 2692 235 2737 Conlut.
247 2692 297 2736 XV.
328 2693 439 2752 Quousque
458 2695 538 2738 tandem
551 2696 619 2737 eadem
634 2695 692 2739 uobis
704 2696 823 2750 inculcabit,
844 2711 882 2740 neo

95 2764 120 2808 ab
131 2763 156 2809 iis
166 2779 216 2823 qnae
227 2772 284 2808 antea
296 2764 397 2822 proposita
409 2772 455 2809 suut
466 2764 566 2809 diversum
579 2764 663 2809 afferet?
692 2764 746 2810 Nam
760 2781 810 2824 qnae
825 2766 881 2811 initio

95 2884 171 2915 librorum
184 2884 264 2924 seriptum
280 2885 306 2916 est.
331 2882 417 2915 Cernentes
433 2884 479 2916 uertit
501 2885 538 2917 edit.
551 2885 604 2918 Pelen.

95 2928 138 2960 eitra
153 2927 274 2965 afflictionem.
293 2939 348 2971 neque
362 2927 431 2960 affectui
444 2928 478 2961 ob·
526 2931 541 2962 l.
553 2928 589 2964 ἐστι
600 2932 644 2962 obest
654 2941 711 2973 snpra.

96 2972 163 3006 noxius.
187 2974 229 3006 Olim
241 2975 318 3014 pulonem
330 2971 395 3015 uuum-a.
524 2975 540 3007 2.
554 2977 618 3008 eorem
632 2974 652 3011 τὸ
669 2987 689 3009 ee
703 2977 814 3016 superioribus.
837 2977 882 3010 tturt

119 3017 135 3049 9.
149 3016 271 3061 βουλευόμενος
282 3019 328 3050 codd.
340 3027 377 3050 mss.
389 3020 459 3058 uterque.
501 3021 543 3051 euim
558 3020 582 3052 bie
597 3022 646 3062 anino
661 3019 690 3056 aba
704 3017 806 3065 ἀγέννητον,
830 3018 882 3057 uiola

121 3062 147 3094 tn.
159 3061 192 3106 τῆς
202 3063 248 3095 eotttt.
261 3071 298 3095 mss.
314 3065 329 3095 ct
339 3063 364 3096 eo.
374 3063 425 3104 priate.
448 3061 479 3098 καὶ
501 3064 538 3099 κτλ.
