1988 3392
242 242 335 277 raanan
347 242 390 276 Lm.
400 243 429 277 tn.
439 244 494 277 rom.
503 245 525 277 n.
538 243 606 277 naun.
616 242 714 275 nxxvnr.
827 232 870 274 429

87 325 115 372 itti
127 322 219 382 corpori,
241 324 261 368 in
278 340 316 383 qno
329 324 378 369 dens
394 324 529 380 habitaverat,
552 340 588 384 per
599 337 696 369 summam
709 322 836 380 ignominiam
847 322 872 366 ii·

88 395 179 441 luderet?
199 410 238 452 quo
250 396 327 452 quidem
345 410 372 439 ex
389 411 473 453 eorpore
488 404 579 454 suscepta
595 395 649 439 adei
662 394 725 437 verbo
740 393 824 437 bominis
840 398 872 437 est

87 472 158 509 natura
173 471 285 506 eontracta.
316 463 372 507 Unde
386 472 406 507 et
418 473 487 517 saneta
503 466 536 507 itta
550 473 570 508 et
581 466 696 522 incorrupta
712 477 759 506 earo
776 464 871 505 fabricata

88 541 129 586 est,
150 540 171 575 et
180 547 224 574 eum
236 533 344 576 salvatoris
361 534 464 576 divinitate
480 534 593 577 coniuncta.
625 532 795 590 Quemadmodum
810 547 871 587 ange·

87 604 118 645 tus
130 600 212 643 Gabriel
228 601 268 643 illie
283 608 366 644 testatus
380 611 417 644 est.
450 607 546 657 Sputum,
569 603 643 657 inquit,
666 604 968 654 dommisuperveniendum.

88 674 107 711 in
119 677 147 717 te,
168 677 188 709 el
197 672 259 709 aarum
273 672 365 710 altissimi
376 672 498 711 obumbrabit
509 679 538 711 te:
560 674 638 724 adeoque
653 673 735 724 ecquod
746 678 873 711 nasceturee

89 746 107 777 te
119 744 217 784 sonetum,
241 738 339 777 vorabitur
356 740 419 778 Filius
433 741 470 778 dei.
508 737 641 792 Quamobrem
658 752 696 792 qno
715 738 794 777 tandem
814 744 872 792 paeto

89 818 133 846 enm
145 809 200 854 tanta
210 802 283 860 talique
295 804 373 859 virgine
384 801 452 846 Maria
463 804 551 861 copulari
560 818 621 847 ansus
631 805 699 846 esset?
722 803 812 859 Ecquem
822 816 872 845 vero

88 873 174 915 fructum
182 885 206 915 ea
219 871 310 929 quaestio
321 872 378 915 nobis
390 873 467 926 attulit,
484 872 612 916 utruma'iiius
623 873 786 915 consuetudinem
798 872 872 914 babue-

88 943 129 987 rit?
157 940 228 987 Utrum
243 957 292 987 rero
306 943 384 987 tandem
396 943 459 1000 magis
474 942 587 1001 eligendum
599 950 643 996 est,
665 943 703 985 deo
713 942 825 986 istiusmodi
837 957 872 986 ne-

88 1014 142 1070 gotia
152 1014 289 1067 committere,
305 1029 330 1056 an
341 1015 365 1056 ad
378 1013 477 1056 deteriora
490 1014 589 1057 uiolenter
598 1014 720 1070 irrumpere?
750 1011 809 1068 Quod
819 1013 871 1055 onim

88 1097 184 1139 nusquam
195 1083 215 1125 iu
227 1083 290 1126 saeris
302 1083 365 1125 literis
381 1083 475 1140 seriptum
489 1090 558 1138 extet,
581 1083 619 1125 nisi
633 1082 775 1125 crediderimus
786 1081 872 1124 Mariam

89 1166 133 1194 enm
144 1152 188 1194 viro
199 1158 268 1208 postea
279 1153 422 1205 consuerisse,
443 1166 480 1194 nos
495 1152 554 1194 vitam
565 1158 668 1194 aeternam
681 1151 763 1193 minime
776 1165 873 1193 consedu-

89 1227 157 1272 turos,
180 1221 215 1262 sed
232 1220 306 1262 iudieio
327 1220 499 1272 condemnandos,
523 1220 597 1262 nemini
612 1234 657 1262 esse
675 1226 742 1276 potest
758 1220 872 1262 obsenrnm.

90 1286 194 1342 Quaenam
212 1301 262 1331 vero
279 1289 358 1343 scriptis
371 1303 469 1345 expressa
484 1290 545 1331 sont?
566 1289 736 1344 atiqnehonesta.
768 1286 872 1342 Quaenam

90 1356 166 1410 porro?
180 1355 240 1396 insta.
267 1353 324 1409 Quae
336 1356 429 1411 inquam?
444 1356 536 1408 honesta,
553 1364 576 1395 ut
582 1357 702 1396 querentibus
713 1358 816 1395 eorrea'la'arz¹
824 1368 922 1409 gru-npn.
930 1371 945 1404 a,
955 1370 978 1396 m.

90 1425 193 1475 tabpossr't.
225 1422 254 1462 Aa
266 1422 357 1463 homines
376 1423 496 1464 necessariis
512 1422 586 1464 reiiotis
603 1423 628 1464 iis
640 1436 690 1477 quae
706 1437 749 1463 enm
764 1423 809 1463 fidei
820 1422 873 1464 veri·
881 1403 922 1431 Μ’
931 1404 945 1438 ⁴¹
954 1404 968 1430 θ’

90 1497 131 1532 tate
141 1504 164 1532 ae
175 1488 206 1531 dei
217 1490 364 1547 praedieatione
375 1491 481 1533 ooniuneta
491 1497 538 1533 sunt
548 1490 660 1547 perniciosa
670 1489 709 1532 sibi
719 1505 819 1546 quaeque,
829 1481 873 1532 'nn-

91 1560 317 1620 deounquepotuerint,
339 1561 455 1619 excogitare
472 1560 606 1614 contendunt,
629 1559 679 1604 ben!
711 1560 762 1618 qnod
775 1559 873 1618 veleogi-

91 1638 134 1675 tare
149 1632 254 1675 molestum
270 1639 313 1685 est,
330 1646 373 1674 enrn
390 1632 444 1675 nulla
459 1632 565 1690 praeeiqne
580 1632 607 1675 sit
621 1631 641 1674 in
657 1631 755 1690 scriptura
770 1630 853 1680 mentio.

149 1699 229 1743 Etenim
240 1700 258 1743 si
270 1701 366 1744 eiusmodi
377 1702 468 1758 quiddam
482 1701 515 1744 illa
525 1707 712 1754 commemorasset,
734 1702 824 1757 proferto
839 1715 874 1743 ve·
882 1717 977 1764 cap-xv„

90 1769 169 1812 ritatem
182 1770 245 1826 ipsam
260 1770 303 1812 sine
321 1770 361 1813 ulla
375 1770 541 1827 tergiversatione
557 1771 702 1828 profiteremur.
732 1769 767 1812 An
780 1771 832 1812 enim
843 1769 874 1812 in-

90 1838 187 1881 honestae
198 1846 245 1881 sunt
257 1839 352 1895 nuptiae?
371 1846 405 1881 aut
417 1841 512 1896 profanus
524 1846 555 1881 est
565 1847 634 1890 torus,
656 1847 724 1880 ernon
732 1842 799 1892 potius
809 1843 874 1880 amma·
882 1855 977 1891 namqu,

90 1909 181 1948 celotes?
210 1907 244 1949 An
259 1907 344 1963 denique
362 1907 484 1949 adulteratae
500 1915 547 1950 sunt
564 1908 658 1963 nuptiae?
688 1906 811 1963 Quamquam
827 1922 874 1963 pro-

16 1973 20 1979 '
90 1974 161 2030 phetae
173 1988 197 2016 ae
208 1975 313 2031 pontifices
324 1974 348 2015 ab
359 1975 398 2015 ittis
410 1975 521 2028 abstinent,
537 1983 559 2016 nt
572 1974 682 2016 maioribus
694 1975 828 2017 functionibus
839 1990 873 2017 oe-

91 2049 195 2097 enpentur.
226 2041 306 2082 Etenim
318 2040 415 2097 Moyses,
432 2049 560 2097 posteaquam
572 2043 667 2097 propbeta
680 2056 725 2083 esse
736 2044 814 2098 eoepit,
831 2044 874 2084 nul-

91 2107 130 2150 lam
142 2108 224 2166 amptius
236 2123 279 2151 eum
292 2121 356 2150 uxore
371 2108 534 2151 consuetudinem
551 2108 629 2162 babuit,
650 2122 714 2164 neque
726 2108 801 2151 tineros
814 2110 835 2151 in
849 2123 873 2152 eo

93 2183 147 2221 statu
158 2178 258 2236 suseepit,
275 2177 346 2236 qnippe
359 2177 391 2235 qui
403 2191 447 2220 eum
460 2177 540 2221 domino
551 2178 621 2221 maiori
632 2177 686 2221 vitae
697 2192 746 2221 snae
759 2186 815 2236 parte
827 2192 873 2221 ver-

92 2257 178 2292 saretur.
210 2249 270 2294 Ausi
281 2248 353 2308 nuptiis
368 2264 440 2293 vaeare
452 2249 559 2304 voluisset,
579 2252 708 2305 quadraginta
723 2258 787 2292 noctes
798 2265 822 2292 ae
830 2252 977 2306 dissuentem.

21 2326 23 2328 ’
93 2322 113 2361 iu
127 2328 190 2361 monte
206 2323 254 2361 Sino
270 2333 401 2377 perseverare
418 2321 528 2377 potuisset?
557 2319 660 2363 Potuisset
675 2321 806 2378 quadraginta
821 2328 873 2364 totos

93 2402 157 2431 annos
171 2389 190 2431 in
202 2389 308 2431 solitudine
321 2389 346 2431 ad
359 2389 471 2432 divinarum
486 2403 508 2431 se
522 2402 589 2432 rernm
606 2390 796 2432 administrationem
808 2389 875 2432 inten-

93 2457 155 2500 dere?
184 2455 303 2500 Sacerdotio
318 2459 405 2500 vacare?
424 2472 519 2512 enarrare
536 2458 567 2501 dei
583 2459 694 2514 mysteria?
712 2474 756 2501 oum
770 2460 807 2502 deo
818 2459 873 2502 deni-

93 2540 131 2581 que
146 2534 241 2583 perpetuo
256 2526 340 2581 eoiloqni
356 2528 467 2582 nuptiarum
480 2526 587 2568 obstrietus
605 2541 667 2569 onere
683 2528 792 2583 potuisset?
821 2527 874 2571 Nam

94 2595 112 2635 si
123 2595 147 2635 de
158 2594 215 2636 nobis
229 2593 331 2649 apostolus
343 2601 411 2650 aperte
423 2594 549 2650 pronuntiat,
570 2597 604 2634 Ad
616 2603 699 2649 tempas,
721 2604 742 2636 ut
752 2605 819 2637 rorent
829 2612 874 2637 oro·
884 2614 970 2652 neuras.

94 2665 153 2713 troni,
176 2668 249 2716 quanto
262 2661 314 2701 istud
327 2661 391 2715 ipsum
403 2662 427 2702 de
440 2662 541 2717 prophetis
555 2661 627 2717 potiori
638 2662 682 2703 iure
693 2663 784 2704 dicetur?
814 2665 875 2719 Atqui

93 2725 161 2771 Maria
177 2727 301 2785 prophetissa
316 2727 360 2769 fnit.
390 2730 493 2781 Ingressus
508 2737 537 2769 est
550 2732 610 2777 eur'rn,
634 2729 711 2785 inquit,
731 2733 971 2785 adpropbetz's-rrsarqa,

95 2812 146 2848 som,
162 2806 182 2839 et
193 2801 212 2839 iu
225 2805 279 2838 utero
289 2800 385 2851 concepit,
402 2806 423 2837 et
430 2800 505 2852 peperit
510 2799 587 2852 filium:
610 2805 630 2838 et
640 2801 691 2839 dreit
702 2802 789 2840 domebus
800 2803 826 2841 ad
837 2815 873 2849 me,

96 2914 149 2960 qnid?
161 2916 210 2950 insta.
235 2913 293 2956 Quid?
310 2914 403 2949 reverenda
414 2922 432 2949 et
440 2914 474 2950 ho·
521 2915 560 2949 cir.
572 2916 621 2949 XVI.
638 2935 661 2943 -··
694 2918 708 2953 l.
729 2920 754 2960 Os.
770 2919 836 2952 Lobeeb.
853 2920 876 2952 od

95 2969 148 2995 nesta.
172 2964 210 3004 Quo
224 2962 281 2995 demus
293 2963 344 2996 etiarn
355 2966 389 2996 cett.
496 2964 580 3004 Pbryaieb.
590 2973 629 3005 pap.
641 2961 681 2998 245.

119 3007 135 3042 4,
148 3009 204 3053 δῶμεν
215 3010 250 3043 aod.
261 3010 338 3051 uaeutp„
350 3013 364 3043 et
373 3010 396 3041 uo
407 3012 475 3043 correxit
520 3010 536 3042 2.
549 3005 631 3053 ἀπέχεται
642 3012 676 3043 eod.
687 3012 754 3052 tttreda‘p.

97 3053 184 3088 Carnarius
202 3057 219 3088 a'a
237 3057 306 3088 versione
318 3056 381 3089 Latino.
399 3056 425 3090 δῶ
444 3054 474 3098 μὲν
519 3055 536 3088 3.
549 3057 624 3095 sosptem
637 3052 668 3090 zain
679 3057 705 3101 τῷ
721 3058 820 3100 συνομιλεῖν.
844 3059 875 3093 Pe·

96 3101 130 3133 eod.
143 3101 174 3134 ten.
186 3104 201 3133 et
211 3102 250 3134 editt
261 3103 301 3134 libri.
496 3103 550 3135 tortus
560 3102 617 3135 moluit
625 3100 656 3137 καὶ
666 3100 686 3137 τὸ
699 3103 796 3148 συνομιλῶν.
