1988 3392
258 252 353 288 rinnau
365 253 408 288 cru.
416 255 447 289 m.
458 255 514 290 rom.
526 256 547 290 ιι.
560 254 628 289 unua.
638 253 727 288 cxxvii.
843 242 886 288 387

98 337 123 383 ab
138 335 173 380 illo
184 344 277 396 suscepta
293 352 318 381 eo
332 352 344 381 a
355 351 387 380 me
398 337 496 396 disputata
512 345 570 392 sunt,
592 353 617 381 ne
630 336 662 380 cui
675 336 754 381 veniret
764 336 784 379 in
797 343 885 380 mentem

98 423 169 469 proco
184 408 235 465 quod
249 409 357 465 perfectam
370 422 451 450 carnem
462 408 548 451 induerit
561 423 584 452 ea
596 410 639 465 ipsa
651 421 729 465 quoque
741 422 791 464 quae
804 408 829 450 ad
841 422 886 450 car-

98 493 144 522 nem
159 478 260 534 pertinent
277 477 363 519 absurda
381 477 549 534 abhorrentiaque
566 479 699 535 praestitisse.
735 476 803 518 Nemo
822 478 884 529 euim,

99 548 131 604 qui
143 546 221 602 quidem
235 545 330 600 religiose
341 546 366 588 de
377 546 411 588 illa
423 546 495 588 sentiat
502 538 515 603 ,Ἰ
533 547 557 588 de
568 562 593 589 eo
606 545 703 589 eiusmodi
715 545 806 600 quiddam
819 545 885 586 animo

99 614 211 670 concipiat,
232 621 266 655 aut
277 613 345 655 verbis
357 614 463 670 exprimat.
495 612 553 668 Quod
564 615 581 655 si
594 629 652 656 nemo
665 621 696 656 est
707 614 741 669 qui
753 612 826 654 rationi
838 627 886 654 con-

99 682 161 724 traria
172 688 193 721 et
204 681 290 722 absurda
303 680 336 721 illa
352 680 419 722 carnis
435 681 497 722 officia
511 682 635 736 praestitisse
651 682 706 723 illum
722 681 838 730 existimet,
860 693 886 720 ne

99 748 212 804 ecquidem
224 761 296 803 quaea
309 755 375 790 mente
389 748 542 805 proficiscuntur
556 748 632 791 absona
647 756 667 790 ει
680 748 808 791 abhorrentia
820 748 887 804 perfe-

99 817 152 861 cisse
168 816 265 875 putandus
280 823 318 860 est.
350 815 392 860 lam
409 831 458 860 vero
474 816 505 859 dci
522 817 604 860 verbum
617 818 706 876 perfecte
721 817 821 861 hominem
839 830 885 860 esse

100 891 171 932 factum
189 902 248 931 nemo
265 903 305 930 non
322 887 423 945 iutelligit.
455 885 506 931 Cum
522 896 586 931 autem
603 890 711 946 perfectum
729 889 824 943 dicimus,
845 903 887 931 uon

100 960 149 1001 duos
163 958 237 1000 idcirco
250 955 343 1001 Christos
353 957 475 1009 asserimus,
492 958 525 1000 vel
536 958 585 999 duos
599 973 658 1013 reges
669 959 699 1000 dei
712 959 774 1011 lilios,
791 960 827 1001 sed
837 973 887 1001 euu-

100 1029 144 1070 dem
155 1028 221 1078 deum,
238 1034 258 1069 et
270 1028 354 1068 eundem
365 1026 478 1079 homiuem3
495 1041 535 1068 non
547 1027 591 1068 ideo
603 1027 655 1082 quod
665 1027 759 1069 habitarit
767 1028 787 1069 iu
797 1028 885 1080 homine,

100 1096 135 1138 sed
146 1095 197 1150 quod
208 1094 251 1150 ipse
263 1101 317 1135 totus
330 1094 390 1135 homo
399 1094 425 1135 sit
437 1095 508 1136 factus.
539 1094 612 1149 Neque
626 1110 686 1150 porro
698 1109 774 1137 merum
786 1096 841 1137 illuni
852 1096 888 1136 ho-

100 1163 173 1204 miuem
190 1161 331 1217 progressione
347 1162 430 1216 quadam
449 1162 473 1203 ad
485 1161 595 1203 divinitatis
614 1163 747 1204 conditionem
763 1163 887 1219 processisse

100 1229 213 1281 oredimus,
237 1230 272 1270 sed
284 1229 341 1270 deum
353 1243 363 1270 e
375 1229 432 1270 coelo
444 1229 544 1285 delapsum
555 1244 592 1285 pro
603 1228 713 1272 divinitatis
725 1244 774 1272 suae
788 1230 885 1285 potentia,

100 1312 156 1341 suam
170 1297 209 1340 sibi
219 1297 306 1340 hominis
314 1297 416 1339 affluxisse
428 1304 527 1339 naturam.
559 1296 582 1339 ld
595 1299 646 1355 quod
658 1299 769 1356 scripturae
781 1299 815 1341 illa
825 1298 889 1341 verba

101 1369 214 1423 declarant,
238 1369 318 1411 ferham
328 1383 374 1410 earo
385 1369 458 1424 suctum
471 1376 507 1410 est.
539 1365 596 1424 Quae
607 1368 682 1412 idcirco
695 1370 722 1412 ita
733 1377 830 1427 concepta
841 1376 992 1414 suntuna-nn.

101 1454 127 1482 ne
142 1439 238 1497 quispiam
254 1439 292 1482 sihi
307 1440 358 1480 forte
373 1439 503 1495 persuaderet
521 1438 604 1495 primum
623 1440 722 1482 hominem
739 1440 844 1492 extitisse,
867 1439 888 1482 iu

102 1517 186 1564 euinque
204 1515 274 1564 postea
288 1507 386 1549 infudisse
402 1521 425 1549 se
442 1505 553 1549 Christum.
584 1506 616 1550 oh
631 1508 650 1549 id
666 1508 749 1550 verbum
765 1509 829 1565 primo
843 1508 888 1550 loco

101 1583 251 1619 sacrosanctum
269 1576 395 1631 evangelium
412 1576 488 1630 posuit,
510 1575 581 1617 deinde
597 1575 642 1631 quid
656 1577 680 1617 de
692 1591 753 1618 carne
763 1579 890 1633 profiteretur

101 1643 198 1686 subiecit:
224 1645 315 1692 Verbum,
337 1643 411 1698 inquit,
431 1658 478 1683 coro
487 1645 561 1696 suenum
573 1651 609 1683 est.
640 1642 688 1685 Non
705 1644 756 1685 dixit
771 1642 826 1685 Caro
844 1658 890 1686 ver-

101 1712 147 1753 bum
161 1718 192 1753 est
203 1712 267 1762 facta,
284 1725 322 1766 quo
333 1710 424 1751 nimirum
437 1711 520 1751 verbum
531 1710 621 1766 inprimis
635 1711 752 1753 ostenderet
761 1712 891 1753 descendisse

102 1781 127 1821 de
142 1780 210 1831 coelo,
234 1779 311 1835 sihique
325 1792 405 1820 carnem
424 1792 505 1820 esaoro
522 1779 607 1835 virginis
622 1786 679 1820 utero
695 1781 806 1832 formasse,
831 1788 890 1837 atque

103 1864 182 1901 omnem
197 1848 218 1892 in
232 1863 278 1892 sese
295 1850 383 1907 perfecte
399 1856 489 1892 naturam
505 1848 590 1892 hominis
603 1849 737 1908 expressisse.
769 1847 821 1893 Cum
837 1850 891 1893 euim

103 1920 131 1962 ita
142 1919 240 1976 loquitur,
258 1921 338 1961 certon
351 1935 397 1961 curo
412 1921 537 1975 factumest,
560 1936 599 1962 uon
611 1921 658 1963 illud
668 1920 754 1973 indicat,
777 1921 859 1964 verbum
870 1920 891 1963 in

104 2003 185 2031 carnem
196 1988 259 2031 fuisse
270 2002 401 2040 conversum,
423 1996 457 2029 aut
467 1990 488 2030 in
499 2002 543 2031 carn
555 1990 636 2030 omuino
646 1990 764 2043 transiisse,
787 1991 830 2032 sive
841 1990 892 2032 divi-

104 2058 186 2098 nitatem
197 2057 218 2098 iu
230 2070 309 2098 carnem
320 2070 365 2098 esse
376 2063 480 2108 mutatam,
496 2071 565 2098 verum
579 2071 623 2098 curn
635 2057 739 2098 divinitate
749 2058 833 2100 verbum
844 2073 891 2114 pro-

104 2125 167 2180 priam
183 2123 268 2166 hominis
282 2124 415 2179 assumpsisse
431 2132 530 2165 naturam

163 2191 411 2248 Quinetiamprocedebut,
432 2191 508 2247 iuquit,
524 2195 579 2233 lesus
591 2199 653 2232 aetate
662 2206 685 2232 uc
694 2195 795 2245 suptentm
828 2193 891 2249 Atqui
923 2200 965 2244 Gap

106 2260 122 2302 si
136 2260 221 2303 humana
237 2267 304 2303 ιιιειιιε
320 2267 410 2312 careret,
432 2261 542 2317 procedere
559 2258 593 2316 qui
608 2260 683 2317 potuitf
707 2268 728 2302 ut
743 2275 754 2303 a
770 2261 827 2303 nohis
845 2246 991 2328 ειιιεΙῖΙξΰΧξῃέ2

106 2331 225 2390 disputatum
237 2338 275 2374 est.
307 2329 346 2375 Cui
358 2338 378 2374 et
390 2337 470 2373 sanctus
483 2331 514 2373 dei
528 2330 624 2388 propheta
636 2329 709 2374 Esaias
721 2331 852 2389 adstipulatur
862 2332 893 2375 his

107 2402 188 2444 verhis:
204 2404 255 2443 Ecce
265 2404 361 2455 entelliget
369 2417 436 2442 servus
446 2416 498 2442 meus
506 2404 599 2451 dilectus,
616 2405 636 2442 in
647 2417 684 2456 quo
695 2404 823 2456 mihiplucui.
854 2401 893 2445 Uhi
903 2415 990 2453 Esaiam

107 2485 148 2523 vox
161 2471 195 2512 illa
211 2473 334 2523 intetcgrenrtt
347 2471 371 2513 ad
385 2472 492 2526 perfectam
509 2470 594 2512 hominis
611 2478 702 2512 naturam
719 2472 815 2513 refertur.
845 2470 894 2514 Non

107 2539 160 2579 enim
173 2539 286 2593 intelligere
301 2539 403 2593 quisquam
416 2545 494 2594 potest,
516 2539 554 2579 nisi
572 2545 638 2579 mente
651 2539 678 2579 sit
690 2538 803 2594 praeditus,
825 2554 862 2581 nec
873 2541 894 2581 iu

108 2605 211 2647 divinitate
227 2612 292 2661 potest
308 2606 361 2646 istud
377 2606 463 2661 impleri.
495 2605 594 2660 Quoniam
609 2619 646 2646 uec
662 2607 795 2661 intelligentia
808 2606 893 2662 indiget,

108 2688 158 2729 quae
169 2673 213 2728 ipsa
223 2687 258 2730 per
267 2687 313 2715 sese
322 2673 348 2714 sit
356 2673 499 2730 intelligentia3
516 2687 579 2729 neque
590 2673 688 2729 sapientia
699 2689 749 2730 opus
759 2675 827 2726 hahet,
844 2689 895 2730 quae

109 2749 140 2785 est
150 2743 194 2801 ipsa
206 2740 311 2799 sapientia.
342 2739 400 2784 Unde
416 2742 539 2799 intelligendi
550 2741 667 2784 vocabulum
681 2743 704 2784 ad
719 2743 823 2786 humanam
839 2758 895 2785 meu·

109 2819 148 2855 tem
160 2813 276 2856 necessario
287 2811 381 2871 pertinet.
410 2810 520 2856 Praeterea
533 2813 579 2856 volo
591 2812 638 2855 illud
652 2813 699 2855 mihi
712 2814 778 2867 dicas,
801 2814 895 2871 quemad-

109 2884 188 2926 modum
199 2883 276 2927 esurire
287 2882 381 2941 potuerit.
411 2881 465 2925 Nam
477 2883 495 2925 si
505 2883 553 2926 nihil
564 2890 644 2940 praeter
655 2898 736 2926 caruem
750 2885 829 2936 hahuit,
846 2898 895 2940 quo-

110 2954 168 2995 modo
181 2953 240 2995 lamis
250 2952 352 2994 recordari
362 2952 438 3009 potuit?
458 2961 492 2994 aut
503 2953 520 2994 si
534 2968 561 2994 ex
574 2952 639 2994 auimo
652 2953 696 2994 sola
707 2961 808 2995 constaret
819 2961 840 2995 et
851 2968 896 2995 cor·

110 3033 172 3075 pore,
193 3022 222 3062 ita
232 3028 254 3063 ut
265 3021 359 3063 facultate
371 3020 405 3061 illa
420 3028 498 3063 careret
507 3021 583 3071 anima,
606 3034 656 3075 quae
667 3022 745 3077 ratione
755 3021 844 3077 praedita
855 3029 894 3073 est,

110 3086 148 3128 hoc
163 3095 195 3129 est
205 3089 284 3144 propria
299 3096 364 3130 mente
375 3087 460 3129 hominis
473 3095 494 3130 ει
508 3088 638 3143 intelligentia
650 3090 698 3143 (quo
714 3084 794 3130 nomine
811 3104 851 3131 non
863 3091 896 3131 de-

705 3170 732 3211 25
745 3168 758 3194 *
