<?xml version="1.0" encoding="UTF-8"?>
<!DOCTYPE html PUBLIC "-//W3C//DTD XHTML 1.0 Transitional//EN"
    "http://www.w3.org/TR/xhtml1/DTD/xhtml1-transitional.dtd">
<html xmlns="http://www.w3.org/1999/xhtml" xml:lang="en" lang="en">
 <head>
  <title>
</title>
<meta http-equiv="Content-Type" content="text/html;charset=utf-8" />
  <meta name='ocr-system' content='tesseract 3.04.00' />
  <meta name='ocr-capabilities' content='ocr_page ocr_carea ocr_par ocr_line ocrx_word'/>
</head>
<body>
  <div class='ocr_page' id='page_1' title='image "./MN41650ucmf_1/MN41650ucmf_1_0295.png"; bbox 0 0 1988 3392; ppageno 0'>
   <div class='ocr_carea' id='block_1_1' title="bbox 249 232 865 296">
    <p class='ocr_par' dir='ltr' id='par_1_1' title="bbox 249 232 865 296">
     <span class='ocr_line' id='line_1_1' title="bbox 249 232 865 296; baseline 0 -22"><span class='ocrx_word' id='word_1_1' title='bbox 249 239 342 274; x_wconf 77' lang='lat' dir='ltr'><strong>Pdellll</strong></span> <span class='ocrx_word' id='word_1_2' title='bbox 353 239 395 273; x_wconf 88' lang='lat' dir='ltr'><strong>LlB.</strong></span> <span class='ocrx_word' id='word_1_3' title='bbox 404 240 434 274; x_wconf 90' lang='lat' dir='ltr'><strong>Ill.</strong></span> <span class='ocrx_word' id='word_1_4' title='bbox 445 240 501 275; x_wconf 84' lang='lat' dir='ltr'><strong>ToM.</strong></span> <span class='ocrx_word' id='word_1_5' title='bbox 508 241 522 274; x_wconf 88' lang='lat' dir='ltr'><strong>l.</strong></span> <span class='ocrx_word' id='word_1_6' title='bbox 534 240 602 275; x_wconf 77' lang='lat' dir='ltr'><strong>Hane.</strong></span> <span class='ocrx_word' id='word_1_7' title='bbox 614 239 696 296; x_wconf 78' lang='lat' dir='ltr'><strong>LXXVl.</strong></span> <span class='ocrx_word' id='word_1_8' title='bbox 823 232 865 274; x_wconf 82' lang='lat'><strong>273</strong></span> 
     </span>
    </p>
   </div>
   <div class='ocr_carea' id='block_1_2' title="bbox 82 320 866 446">
    <p class='ocr_par' dir='ltr' id='par_1_2' title="bbox 82 320 866 446">
     <span class='ocr_line' id='line_1_2' title="bbox 83 320 866 379; baseline -0.003 -14"><span class='ocrx_word' id='word_1_9' title='bbox 83 336 160 366; x_wconf 89' lang='lat' dir='ltr'><strong>omnem</strong></span> <span class='ocrx_word' id='word_1_10' title='bbox 172 335 197 364; x_wconf 92' lang='lat' dir='ltr'><strong>ac</strong></span> <span class='ocrx_word' id='word_1_11' title='bbox 207 320 304 363; x_wconf 90' lang='lat' dir='ltr'><strong>rationem</strong></span> <span class='ocrx_word' id='word_1_12' title='bbox 318 320 473 377; x_wconf 73' lang='lat' dir='ltr'><strong>corruptibilium</strong></span> <span class='ocrx_word' id='word_1_13' title='bbox 485 321 603 379; x_wconf 89' lang='lat' dir='ltr'><strong>praesertim</strong></span> <span class='ocrx_word' id='word_1_14' title='bbox 615 320 717 363; x_wconf 88' lang='lat' dir='ltr'><strong>bominum</strong></span> <span class='ocrx_word' id='word_1_15' title='bbox 729 328 822 376; x_wconf 87' lang='lat' dir='ltr'><strong>superat,</strong></span> <span class='ocrx_word' id='word_1_16' title='bbox 844 328 866 363; x_wconf 93' lang='lat' dir='ltr'><strong>ut</strong></span> 
     </span>
     <span class='ocr_line' id='line_1_3' title="bbox 82 389 785 446; baseline -0.007 -11"><span class='ocrx_word' id='word_1_17' title='bbox 82 391 115 435; x_wconf 92' lang='lat' dir='ltr'><strong>vel</strong></span> <span class='ocrx_word' id='word_1_18' title='bbox 129 389 204 432; x_wconf 89' lang='lat' dir='ltr'><strong>invitus</strong></span> <span class='ocrx_word' id='word_1_19' title='bbox 218 389 261 446; x_wconf 91' lang='lat' dir='ltr'><strong>ipse</strong></span> <span class='ocrx_word' id='word_1_20' title='bbox 277 390 382 432; x_wconf 85' lang='lat' dir='ltr'><strong>confitetur</strong></span> <span class='ocrx_word' id='word_1_21' title='bbox 396 390 480 442; x_wconf 82' lang='lat' dir='ltr'><strong>Aetius,</strong></span> <span class='ocrx_word' id='word_1_22' title='bbox 497 390 592 433; x_wconf 71' lang='lat' dir='ltr'><strong>stultitiae</strong></span> <span class='ocrx_word' id='word_1_23' title='bbox 607 404 647 432; x_wconf 92' lang='lat' dir='ltr'><strong>non</strong></span> <span class='ocrx_word' id='word_1_24' title='bbox 663 389 785 431; x_wconf 85' lang='lat' dir='ltr'><strong>adscribunt.</strong></span> 
     </span>
    </p>
   </div>
   <div class='ocr_carea' id='block_1_3' title="bbox 82 522 912 2927">
    <p class='ocr_par' dir='ltr' id='par_1_3' title="bbox 82 522 867 843">
     <span class='ocr_line' id='line_1_4' title="bbox 138 522 866 581; baseline -0.001 -15"><span class='ocrx_word' id='word_1_25' title='bbox 138 524 193 566; x_wconf 83' lang='lat' dir='ltr'><strong>Aetli</strong></span> <span class='ocrx_word' id='word_1_26' title='bbox 206 522 272 580; x_wconf 83' lang='lat' dir='ltr'><strong>Caput</strong></span> <span class='ocrx_word' id='word_1_27' title='bbox 281 522 344 566; x_wconf 90' lang='grc' dir='ltr'>ΧΙΧ.</span> <span class='ocrx_word' id='word_1_28' title='bbox 376 523 399 567; x_wconf 85' lang='lat' dir='ltr'><strong>si</strong></span> <span class='ocrx_word' id='word_1_29' title='bbox 410 525 494 580; x_wconf 86' lang='lat' dir='ltr'><strong>ingeniti</strong></span> <span class='ocrx_word' id='word_1_30' title='bbox 509 540 551 567; x_wconf 76' lang='lat' dir='ltr'><strong>von</strong></span> <span class='ocrx_word' id='word_1_31' title='bbox 566 526 698 581; x_wconf 81' lang='lat' dir='ltr'><strong>privationem</strong></span> <span class='ocrx_word' id='word_1_32' title='bbox 710 525 731 566; x_wconf 95' lang='lat' dir='ltr'><strong>in</strong></span> <span class='ocrx_word' id='word_1_33' title='bbox 742 525 779 566; x_wconf 90' lang='lat' dir='ltr'><strong>deo</strong></span> <span class='ocrx_word' id='word_1_34' title='bbox 790 524 866 580; x_wconf 80' lang='lat' dir='ltr'><strong>signiti-</strong></span> 
     </span>
     <span class='ocr_line' id='line_1_5' title="bbox 83 591 867 649; baseline -0.003 -14"><span class='ocrx_word' id='word_1_35' title='bbox 83 600 126 645; x_wconf 90' lang='lat' dir='ltr'><strong>cat,</strong></span> <span class='ocrx_word' id='word_1_36' title='bbox 143 591 230 648; x_wconf 78' lang='lat' dir='ltr'><strong>nihilque</strong></span> <span class='ocrx_word' id='word_1_37' title='bbox 242 592 300 648; x_wconf 88' lang='lat' dir='ltr'><strong>plane</strong></span> <span class='ocrx_word' id='word_1_38' title='bbox 312 593 339 634; x_wconf 88' lang='lat' dir='ltr'><strong>sit</strong></span> <span class='ocrx_word' id='word_1_39' title='bbox 348 591 469 648; x_wconf 88' lang='lat' dir='ltr'><strong>ingenitum,</strong></span> <span class='ocrx_word' id='word_1_40' title='bbox 491 607 587 649; x_wconf 79' lang='lat' dir='ltr'><strong>quaenam</strong></span> <span class='ocrx_word' id='word_1_41' title='bbox 599 594 651 635; x_wconf 91' lang='lat' dir='ltr'><strong>ratio</strong></span> <span class='ocrx_word' id='word_1_42' title='bbox 665 594 690 635; x_wconf 91' lang='lat' dir='ltr'><strong>ab</strong></span> <span class='ocrx_word' id='word_1_43' title='bbox 704 607 740 645; x_wconf 90' lang='lat' dir='ltr'><strong>eo,</strong></span> <span class='ocrx_word' id='word_1_44' title='bbox 762 593 813 648; x_wconf 93' lang='lat' dir='ltr'><strong>quod</strong></span> <span class='ocrx_word' id='word_1_45' title='bbox 826 607 867 633; x_wconf 92' lang='lat' dir='ltr'><strong>non</strong></span> 
     </span>
     <span class='ocr_line' id='line_1_6' title="bbox 82 659 866 719; baseline -0.004 -15"><span class='ocrx_word' id='word_1_46' title='bbox 82 668 124 713; x_wconf 87' lang='lat' dir='ltr'><strong>est,</strong></span> <span class='ocrx_word' id='word_1_47' title='bbox 144 660 193 702; x_wconf 87' lang='lat' dir='ltr'><strong>nihil</strong></span> <span class='ocrx_word' id='word_1_48' title='bbox 208 660 272 717; x_wconf 86' lang='lat' dir='ltr'><strong>possit</strong></span> <span class='ocrx_word' id='word_1_49' title='bbox 289 662 383 703; x_wconf 77' lang='lat' dir='ltr'><strong>anferre?</strong></span> <span class='ocrx_word' id='word_1_50' title='bbox 412 659 449 704; x_wconf 89' lang='lat' dir='ltr'><strong>Sin</strong></span> <span class='ocrx_word' id='word_1_51' title='bbox 466 662 557 704; x_wconf 85' lang='lat' dir='ltr'><strong>existens</strong></span> <span class='ocrx_word' id='word_1_52' title='bbox 573 661 671 719; x_wconf 89' lang='lat' dir='ltr'><strong>quicpiam</strong></span> <span class='ocrx_word' id='word_1_53' title='bbox 685 669 755 714; x_wconf 90' lang='lat' dir='ltr'><strong>sonat,</strong></span> <span class='ocrx_word' id='word_1_54' title='bbox 779 660 823 717; x_wconf 90' lang='lat' dir='ltr'><strong>quis</strong></span> <span class='ocrx_word' id='word_1_55' title='bbox 842 660 866 701; x_wconf 90' lang='lat' dir='ltr'><strong>ab</strong></span> 
     </span>
     <span class='ocr_line' id='line_1_7' title="bbox 83 729 867 788; baseline -0.001 -16"><span class='ocrx_word' id='word_1_56' title='bbox 83 743 120 782; x_wconf 92' lang='lat' dir='ltr'><strong>eo,</strong></span> <span class='ocrx_word' id='word_1_57' title='bbox 136 729 188 785; x_wconf 93' lang='lat' dir='ltr'><strong>quod</strong></span> <span class='ocrx_word' id='word_1_58' title='bbox 204 736 236 771; x_wconf 91' lang='lat' dir='ltr'><strong>est</strong></span> <span class='ocrx_word' id='word_1_59' title='bbox 249 730 333 787; x_wconf 89' lang='lat' dir='ltr'><strong>idipsum</strong></span> <span class='ocrx_word' id='word_1_60' title='bbox 349 730 400 787; x_wconf 92' lang='lat' dir='ltr'><strong>quod</strong></span> <span class='ocrx_word' id='word_1_61' title='bbox 416 739 459 784; x_wconf 88' lang='lat' dir='ltr'><strong>est,</strong></span> <span class='ocrx_word' id='word_1_62' title='bbox 482 731 520 773; x_wconf 90' lang='lat' dir='ltr'><strong>boc</strong></span> <span class='ocrx_word' id='word_1_63' title='bbox 539 738 570 777; x_wconf 87' lang='lat' dir='ltr'><strong>est</strong></span> <span class='ocrx_word' id='word_1_64' title='bbox 584 730 647 788; x_wconf 88' lang='lat' dir='ltr'><strong>ipsum</strong></span> <span class='ocrx_word' id='word_1_65' title='bbox 663 746 674 773; x_wconf 90' lang='lat' dir='ltr'><strong>a</strong></span> <span class='ocrx_word' id='word_1_66' title='bbox 690 729 811 787; x_wconf 88' lang='lat' dir='ltr'><strong>semetipso,</strong></span> <span class='ocrx_word' id='word_1_67' title='bbox 834 742 867 771; x_wconf 91' lang='lat' dir='ltr'><strong>se-</strong></span> 
     </span>
     <span class='ocr_line' id='line_1_8' title="bbox 83 799 167 843; baseline -0.024 0"><span class='ocrx_word' id='word_1_68' title='bbox 83 799 167 843; x_wconf 80' lang='lat' dir='ltr'><strong>cernat?</strong></span> 
     </span>
    </p>

    <p class='ocr_par' dir='ltr' id='par_1_4' title="bbox 82 867 912 2085">
     <span class='ocr_line' id='line_1_9' title="bbox 141 867 866 929; baseline -0.001 -16"><span class='ocrx_word' id='word_1_69' title='bbox 141 868 223 914; x_wconf 88' lang='lat' dir='ltr'><strong>Conlut.</strong></span> <span class='ocrx_word' id='word_1_70' title='bbox 240 867 302 912; x_wconf 92' lang='lat' dir='ltr'><strong>XlX.</strong></span> <span class='ocrx_word' id='word_1_71' title='bbox 334 868 351 912; x_wconf 96' lang='lat' dir='ltr'><strong>l.</strong></span> <span class='ocrx_word' id='word_1_72' title='bbox 369 868 426 926; x_wconf 78' lang='lat' dir='ltr'><strong>Quae</strong></span> <span class='ocrx_word' id='word_1_73' title='bbox 442 871 540 929; x_wconf 81' lang='lat' dir='ltr'><strong>privantia</strong></span> <span class='ocrx_word' id='word_1_74' title='bbox 557 871 666 914; x_wconf 86' lang='lat' dir='ltr'><strong>dialecticis</strong></span> <span class='ocrx_word' id='word_1_75' title='bbox 684 872 823 923; x_wconf 88' lang='lat' dir='ltr'><strong>nominantur,</strong></span> <span class='ocrx_word' id='word_1_76' title='bbox 845 871 866 913; x_wconf 92' lang='lat' dir='ltr'><strong>in</strong></span> 
     </span>
     <span class='ocr_line' id='line_1_10' title="bbox 83 938 889 997; baseline -0.001 -14"><span class='ocrx_word' id='word_1_77' title='bbox 83 939 169 983; x_wconf 89' lang='lat' dir='ltr'><strong>medinm</strong></span> <span class='ocrx_word' id='word_1_78' title='bbox 178 938 236 981; x_wconf 92' lang='lat' dir='ltr'><strong>nobis</strong></span> <span class='ocrx_word' id='word_1_79' title='bbox 249 940 308 982; x_wconf 83' lang='lat' dir='ltr'><strong>affert</strong></span> <span class='ocrx_word' id='word_1_80' title='bbox 321 939 406 992; x_wconf 71' lang='lat' dir='ltr'><strong>Attius,</strong></span> <span class='ocrx_word' id='word_1_81' title='bbox 427 948 448 982; x_wconf 93' lang='lat' dir='ltr'><strong>et</strong></span> <span class='ocrx_word' id='word_1_82' title='bbox 460 941 484 983; x_wconf 91' lang='lat' dir='ltr'><strong>ad</strong></span> <span class='ocrx_word' id='word_1_83' title='bbox 495 941 527 984; x_wconf 90' lang='lat' dir='ltr'><strong>dei</strong></span> <span class='ocrx_word' id='word_1_84' title='bbox 537 940 642 983; x_wconf 88' lang='lat' dir='ltr'><strong>scientiam</strong></span> <span class='ocrx_word' id='word_1_85' title='bbox 652 948 711 997; x_wconf 91' lang='lat' dir='ltr'><strong>atque</strong></span> <span class='ocrx_word' id='word_1_86' title='bbox 722 940 867 996; x_wconf 78' lang='lat' dir='ltr'><strong>intelligentiae</strong></span> <span class='ocrx_word' id='word_1_87' title='bbox 888 965 889 969; x_wconf 66' lang='lat'><em>=</em></span> 
     </span>
     <span class='ocr_line' id='line_1_11' title="bbox 84 1007 912 1067; baseline 0 -16"><span class='ocrx_word' id='word_1_88' title='bbox 84 1011 168 1051; x_wconf 86' lang='lat' dir='ltr'><strong>lrnctnm</strong></span> <span class='ocrx_word' id='word_1_89' title='bbox 187 1009 271 1064; x_wconf 86' lang='lat' dir='ltr'><strong>aliquem</strong></span> <span class='ocrx_word' id='word_1_90' title='bbox 292 1009 401 1051; x_wconf 78' lang='lat' dir='ltr'><strong>transferre</strong></span> <span class='ocrx_word' id='word_1_91' title='bbox 420 1017 510 1051; x_wconf 89' lang='lat' dir='ltr'><strong>conatur.</strong></span> <span class='ocrx_word' id='word_1_92' title='bbox 548 1007 588 1052; x_wconf 89' lang='lat' dir='ltr'><strong>Sed</strong></span> <span class='ocrx_word' id='word_1_93' title='bbox 605 1009 653 1051; x_wconf 91' lang='lat' dir='ltr'><strong>illud</strong></span> <span class='ocrx_word' id='word_1_94' title='bbox 670 1010 760 1067; x_wconf 89' lang='lat' dir='ltr'><strong>inprimis</strong></span> <span class='ocrx_word' id='word_1_95' title='bbox 778 1009 865 1065; x_wconf 84' lang='lat' dir='ltr'><strong>ignorat,</strong></span> <span class='ocrx_word' id='word_1_96' title='bbox 910 1063 912 1066; x_wconf 10' lang='grc' dir='ltr'>ᾖ</span> 
     </span>
     <span class='ocr_line' id='line_1_12' title="bbox 83 1077 868 1135; baseline 0 -16"><span class='ocrx_word' id='word_1_97' title='bbox 83 1078 154 1135; x_wconf 89' lang='lat' dir='ltr'><strong>quibus</strong></span> <span class='ocrx_word' id='word_1_98' title='bbox 171 1078 232 1120; x_wconf 85' lang='lat' dir='ltr'><strong>rebus</strong></span> <span class='ocrx_word' id='word_1_99' title='bbox 251 1077 387 1135; x_wconf 82' lang='lat' dir='ltr'><strong>significandis</strong></span> <span class='ocrx_word' id='word_1_100' title='bbox 406 1079 524 1134; x_wconf 87' lang='lat' dir='ltr'><strong>privationis</strong></span> <span class='ocrx_word' id='word_1_101' title='bbox 538 1078 656 1120; x_wconf 88' lang='lat' dir='ltr'><strong>vocabulum</strong></span> <span class='ocrx_word' id='word_1_102' title='bbox 673 1078 817 1135; x_wconf 91' lang='lat' dir='ltr'><strong>apbilosopbis</strong></span> <span class='ocrx_word' id='word_1_103' title='bbox 830 1078 868 1119; x_wconf 90' lang='lat' dir='ltr'><strong>im-</strong></span> 
     </span>
     <span class='ocr_line' id='line_1_13' title="bbox 82 1142 869 1204; baseline -0.001 -15"><span class='ocrx_word' id='word_1_104' title='bbox 82 1147 168 1204; x_wconf 89' lang='lat' dir='ltr'><strong>positum</strong></span> <span class='ocrx_word' id='word_1_105' title='bbox 185 1147 219 1189; x_wconf 93' lang='lat' dir='ltr'><strong>sit.</strong></span> <span class='ocrx_word' id='word_1_106' title='bbox 249 1142 322 1202; x_wconf 86' lang='lat' dir='ltr'><strong>Neque</strong></span> <span class='ocrx_word' id='word_1_107' title='bbox 338 1147 390 1189; x_wconf 84' lang='lat' dir='ltr'><strong>eninr</strong></span> <span class='ocrx_word' id='word_1_108' title='bbox 406 1147 518 1203; x_wconf 87' lang='lat' dir='ltr'><strong>privatione</strong></span> <span class='ocrx_word' id='word_1_109' title='bbox 534 1148 606 1190; x_wconf 84' lang='lat' dir='ltr'><strong>affecta</strong></span> <span class='ocrx_word' id='word_1_110' title='bbox 621 1148 733 1204; x_wconf 91' lang='lat' dir='ltr'><strong>promiscue</strong></span> <span class='ocrx_word' id='word_1_111' title='bbox 746 1146 785 1189; x_wconf 91' lang='lat' dir='ltr'><strong>dici</strong></span> <span class='ocrx_word' id='word_1_112' title='bbox 801 1147 869 1189; x_wconf 90' lang='lat' dir='ltr'><strong>omnia</strong></span> 
     </span>
     <span class='ocr_line' id='line_1_14' title="bbox 84 1214 868 1271; baseline 0.001 -15"><span class='ocrx_word' id='word_1_113' title='bbox 84 1215 232 1257; x_wconf 88' lang='lat' dir='ltr'><strong>dialecticorum</strong></span> <span class='ocrx_word' id='word_1_114' title='bbox 246 1214 327 1270; x_wconf 85' lang='lat' dir='ltr'><strong>regulae</strong></span> <span class='ocrx_word' id='word_1_115' title='bbox 341 1215 453 1271; x_wconf 92' lang='lat' dir='ltr'><strong>patiuntur,</strong></span> <span class='ocrx_word' id='word_1_116' title='bbox 476 1217 511 1258; x_wconf 90' lang='lat' dir='ltr'><strong>sed</strong></span> <span class='ocrx_word' id='word_1_117' title='bbox 523 1229 547 1257; x_wconf 92' lang='lat' dir='ltr'><strong>ea</strong></span> <span class='ocrx_word' id='word_1_118' title='bbox 559 1215 623 1257; x_wconf 91' lang='lat' dir='ltr'><strong>solum</strong></span> <span class='ocrx_word' id='word_1_119' title='bbox 639 1230 689 1271; x_wconf 93' lang='lat' dir='ltr'><strong>quae</strong></span> <span class='ocrx_word' id='word_1_120' title='bbox 701 1223 772 1258; x_wconf 89' lang='lat' dir='ltr'><strong>natura</strong></span> <span class='ocrx_word' id='word_1_121' title='bbox 783 1230 820 1258; x_wconf 89' lang='lat' dir='ltr'><strong>sna</strong></span> <span class='ocrx_word' id='word_1_122' title='bbox 832 1215 868 1257; x_wconf 91' lang='lat' dir='ltr'><strong>ali-</strong></span> 
     </span>
     <span class='ocr_line' id='line_1_15' title="bbox 83 1282 867 1339; baseline 0 -15"><span class='ocrx_word' id='word_1_123' title='bbox 83 1297 122 1339; x_wconf 90' lang='lat' dir='ltr'><strong>qna</strong></span> <span class='ocrx_word' id='word_1_124' title='bbox 132 1297 156 1325; x_wconf 84' lang='lat' dir='ltr'><strong>re</strong></span> <span class='ocrx_word' id='word_1_125' title='bbox 170 1283 259 1339; x_wconf 91' lang='lat' dir='ltr'><strong>praedita</strong></span> <span class='ocrx_word' id='word_1_126' title='bbox 276 1290 331 1325; x_wconf 90' lang='lat' dir='ltr'><strong>sunt.</strong></span> <span class='ocrx_word' id='word_1_127' title='bbox 362 1282 418 1325; x_wconf 82' lang='lat' dir='ltr'><strong>llaec</strong></span> <span class='ocrx_word' id='word_1_128' title='bbox 431 1284 482 1326; x_wconf 89' lang='lat' dir='ltr'><strong>enim</strong></span> <span class='ocrx_word' id='word_1_129' title='bbox 495 1299 538 1326; x_wconf 87' lang='lat' dir='ltr'><strong>cum</strong></span> <span class='ocrx_word' id='word_1_130' title='bbox 552 1290 636 1326; x_wconf 91' lang='lat' dir='ltr'><strong>naturae</strong></span> <span class='ocrx_word' id='word_1_131' title='bbox 652 1298 699 1326; x_wconf 88' lang='lat' dir='ltr'><strong>suae</strong></span> <span class='ocrx_word' id='word_1_132' title='bbox 712 1285 835 1326; x_wconf 87' lang='lat' dir='ltr'><strong>contrarium</strong></span> <span class='ocrx_word' id='word_1_133' title='bbox 846 1283 867 1324; x_wconf 94' lang='lat' dir='ltr'><strong>in</strong></span> 
     </span>
     <span class='ocr_line' id='line_1_16' title="bbox 83 1351 866 1407; baseline -0.001 -15"><span class='ocrx_word' id='word_1_134' title='bbox 83 1358 156 1392; x_wconf 86' lang='lat' dir='ltr'><strong>statum</strong></span> <span class='ocrx_word' id='word_1_135' title='bbox 167 1351 273 1406; x_wconf 89' lang='lat' dir='ltr'><strong>aliqnando</strong></span> <span class='ocrx_word' id='word_1_136' title='bbox 283 1351 410 1406; x_wconf 84' lang='lat' dir='ltr'><strong>redigantur,</strong></span> <span class='ocrx_word' id='word_1_137' title='bbox 426 1359 467 1393; x_wconf 92' lang='lat' dir='ltr'><strong>tum</strong></span> <span class='ocrx_word' id='word_1_138' title='bbox 482 1353 559 1393; x_wconf 89' lang='lat' dir='ltr'><strong>demum</strong></span> <span class='ocrx_word' id='word_1_139' title='bbox 573 1352 648 1407; x_wconf 90' lang='lat' dir='ltr'><strong>privari</strong></span> <span class='ocrx_word' id='word_1_140' title='bbox 663 1353 766 1404; x_wconf 85' lang='lat' dir='ltr'><strong>dicuntur;</strong></span> <span class='ocrx_word' id='word_1_141' title='bbox 783 1365 866 1406; x_wconf 82' lang='lat' dir='ltr'><strong>quorum</strong></span> 
     </span>
     <span class='ocr_line' id='line_1_17' title="bbox 83 1418 868 1474; baseline -0.003 -14"><span class='ocrx_word' id='word_1_142' title='bbox 83 1431 133 1461; x_wconf 89' lang='lat' dir='ltr'><strong>vero</strong></span> <span class='ocrx_word' id='word_1_143' title='bbox 142 1418 238 1459; x_wconf 88' lang='lat' dir='ltr'><strong>naturalis</strong></span> <span class='ocrx_word' id='word_1_144' title='bbox 249 1418 283 1459; x_wconf 87' lang='lat' dir='ltr'><strong>illa</strong></span> <span class='ocrx_word' id='word_1_145' title='bbox 294 1418 381 1459; x_wconf 89' lang='lat' dir='ltr'><strong>conditio</strong></span> <span class='ocrx_word' id='word_1_146' title='bbox 391 1419 463 1460; x_wconf 88' lang='lat' dir='ltr'><strong>mutari</strong></span> <span class='ocrx_word' id='word_1_147' title='bbox 475 1434 515 1460; x_wconf 90' lang='lat' dir='ltr'><strong>non</strong></span> <span class='ocrx_word' id='word_1_148' title='bbox 526 1426 604 1474; x_wconf 87' lang='lat' dir='ltr'><strong>potest,</strong></span> <span class='ocrx_word' id='word_1_149' title='bbox 621 1419 644 1459; x_wconf 89' lang='lat' dir='ltr'><strong>ad</strong></span> <span class='ocrx_word' id='word_1_150' title='bbox 657 1433 681 1459; x_wconf 91' lang='lat' dir='ltr'><strong>ea</strong></span> <span class='ocrx_word' id='word_1_151' title='bbox 690 1434 733 1459; x_wconf 83' lang='lat' dir='ltr'><strong>vox</strong></span> <span class='ocrx_word' id='word_1_152' title='bbox 742 1420 781 1459; x_wconf 89' lang='lat' dir='ltr'><strong>ista</strong></span> <span class='ocrx_word' id='word_1_153' title='bbox 793 1432 868 1473; x_wconf 87' lang='lat' dir='ltr'><strong>nequa-</strong></span> 
     </span>
     <span class='ocr_line' id='line_1_18' title="bbox 84 1483 867 1543; baseline -0.001 -16"><span class='ocrx_word' id='word_1_154' title='bbox 84 1500 143 1542; x_wconf 89' lang='lat' dir='ltr'><strong>quam</strong></span> <span class='ocrx_word' id='word_1_155' title='bbox 154 1485 255 1528; x_wconf 89' lang='lat' dir='ltr'><strong>convenit.</strong></span> <span class='ocrx_word' id='word_1_156' title='bbox 287 1483 317 1527; x_wconf 85' lang='lat' dir='ltr'><strong>lta</strong></span> <span class='ocrx_word' id='word_1_157' title='bbox 330 1485 413 1542; x_wconf 85' lang='lat' dir='ltr'><strong>lapidem</strong></span> <span class='ocrx_word' id='word_1_158' title='bbox 426 1501 485 1529; x_wconf 90' lang='lat' dir='ltr'><strong>nemo</strong></span> <span class='ocrx_word' id='word_1_159' title='bbox 495 1500 576 1529; x_wconf 88' lang='lat' dir='ltr'><strong>caecum</strong></span> <span class='ocrx_word' id='word_1_160' title='bbox 588 1485 725 1543; x_wconf 90' lang='lat' dir='ltr'><strong>appellaverit.</strong></span> <span class='ocrx_word' id='word_1_161' title='bbox 757 1485 802 1528; x_wconf 89' lang='lat' dir='ltr'><strong>Hoc</strong></span> <span class='ocrx_word' id='word_1_162' title='bbox 814 1485 867 1527; x_wconf 90' lang='lat' dir='ltr'><strong>enim</strong></span> 
     </span>
     <span class='ocr_line' id='line_1_19' title="bbox 84 1553 868 1611; baseline -0.001 -15"><span class='ocrx_word' id='word_1_163' title='bbox 84 1554 202 1597; x_wconf 89' lang='lat' dir='ltr'><strong>vocabulum</strong></span> <span class='ocrx_word' id='word_1_164' title='bbox 219 1554 238 1595; x_wconf 90' lang='lat' dir='ltr'><strong>ei</strong></span> <span class='ocrx_word' id='word_1_165' title='bbox 251 1553 288 1596; x_wconf 93' lang='lat' dir='ltr'><strong>soli</strong></span> <span class='ocrx_word' id='word_1_166' title='bbox 306 1554 399 1596; x_wconf 88' lang='lat' dir='ltr'><strong>tribuitur</strong></span> <span class='ocrx_word' id='word_1_167' title='bbox 414 1556 447 1611; x_wconf 90' lang='lat' dir='ltr'><strong>qui</strong></span> <span class='ocrx_word' id='word_1_168' title='bbox 460 1570 518 1611; x_wconf 87' lang='lat' dir='ltr'><strong>qucnr</strong></span> <span class='ocrx_word' id='word_1_169' title='bbox 532 1570 544 1596; x_wconf 93' lang='lat' dir='ltr'><strong>a</strong></span> <span class='ocrx_word' id='word_1_170' title='bbox 557 1562 628 1597; x_wconf 90' lang='lat' dir='ltr'><strong>natura</strong></span> <span class='ocrx_word' id='word_1_171' title='bbox 644 1556 727 1597; x_wconf 92' lang='lat' dir='ltr'><strong>sortitus</strong></span> <span class='ocrx_word' id='word_1_172' title='bbox 742 1562 774 1597; x_wconf 90' lang='lat' dir='ltr'><strong>est</strong></span> <span class='ocrx_word' id='word_1_173' title='bbox 788 1554 868 1596; x_wconf 92' lang='lat' dir='ltr'><strong>videndi</strong></span> 
     </span>
     <span class='ocr_line' id='line_1_20' title="bbox 85 1623 867 1683; baseline -0.003 -15"><span class='ocrx_word' id='word_1_174' title='bbox 85 1637 166 1668; x_wconf 88' lang='lat' dir='ltr'><strong>sensnm</strong></span> <span class='ocrx_word' id='word_1_175' title='bbox 187 1623 288 1677; x_wconf 89' lang='lat' dir='ltr'><strong>amiserit,</strong></span> <span class='ocrx_word' id='word_1_176' title='bbox 312 1623 340 1667; x_wconf 93' lang='lat' dir='ltr'><strong>nti</strong></span> <span class='ocrx_word' id='word_1_177' title='bbox 363 1624 469 1678; x_wconf 89' lang='lat' dir='ltr'><strong>volucres,</strong></span> <span class='ocrx_word' id='word_1_178' title='bbox 492 1624 596 1679; x_wconf 87' lang='lat' dir='ltr'><strong>homines,</strong></span> <span class='ocrx_word' id='word_1_179' title='bbox 620 1625 718 1683; x_wconf 88' lang='lat' dir='ltr'><strong>pecudes,</strong></span> <span class='ocrx_word' id='word_1_180' title='bbox 743 1638 793 1682; x_wconf 88' lang='lat' dir='ltr'><strong>qnae</strong></span> <span class='ocrx_word' id='word_1_181' title='bbox 813 1623 867 1678; x_wconf 90' lang='lat' dir='ltr'><strong>visu,</strong></span> 
     </span>
     <span class='ocr_line' id='line_1_21' title="bbox 86 1694 867 1754; baseline 0.001 -17"><span class='ocrx_word' id='word_1_182' title='bbox 86 1709 144 1753; x_wconf 89' lang='lat' dir='ltr'><strong>quem</strong></span> <span class='ocrx_word' id='word_1_183' title='bbox 160 1694 233 1738; x_wconf 88' lang='lat' dir='ltr'><strong>babent</strong></span> <span class='ocrx_word' id='word_1_184' title='bbox 244 1709 256 1737; x_wconf 89' lang='lat' dir='ltr'><strong>a</strong></span> <span class='ocrx_word' id='word_1_185' title='bbox 268 1702 351 1749; x_wconf 91' lang='lat' dir='ltr'><strong>natura,</strong></span> <span class='ocrx_word' id='word_1_186' title='bbox 373 1695 454 1753; x_wconf 90' lang='lat' dir='ltr'><strong>spoliata</strong></span> <span class='ocrx_word' id='word_1_187' title='bbox 472 1695 570 1754; x_wconf 90' lang='lat' dir='ltr'><strong>privativa</strong></span> <span class='ocrx_word' id='word_1_188' title='bbox 588 1710 638 1739; x_wconf 78' lang='lat' dir='ltr'><strong>vote</strong></span> <span class='ocrx_word' id='word_1_189' title='bbox 657 1711 717 1740; x_wconf 85' lang='lat' dir='ltr'><strong>caeca</strong></span> <span class='ocrx_word' id='word_1_190' title='bbox 731 1695 867 1739; x_wconf 85' lang='lat' dir='ltr'><strong>nominantur.</strong></span> 
     </span>
     <span class='ocr_line' id='line_1_22' title="bbox 87 1764 869 1824; baseline -0.003 -14"><span class='ocrx_word' id='word_1_191' title='bbox 87 1764 123 1810; x_wconf 89' lang='lat' dir='ltr'><strong>Sic</strong></span> <span class='ocrx_word' id='word_1_192' title='bbox 138 1773 159 1809; x_wconf 90' lang='lat' dir='ltr'><strong>et</strong></span> <span class='ocrx_word' id='word_1_193' title='bbox 172 1765 300 1819; x_wconf 89' lang='lat' dir='ltr'><strong>iracundiae,</strong></span> <span class='ocrx_word' id='word_1_194' title='bbox 320 1765 354 1808; x_wconf 92' lang='lat' dir='ltr'><strong>vel</strong></span> <span class='ocrx_word' id='word_1_195' title='bbox 369 1766 467 1819; x_wconf 87' lang='lat' dir='ltr'><strong>malitiae,</strong></span> <span class='ocrx_word' id='word_1_196' title='bbox 488 1766 521 1809; x_wconf 91' lang='lat' dir='ltr'><strong>vel</strong></span> <span class='ocrx_word' id='word_1_197' title='bbox 535 1766 623 1809; x_wconf 87' lang='lat' dir='ltr'><strong>invidiae</strong></span> <span class='ocrx_word' id='word_1_198' title='bbox 639 1766 723 1824; x_wconf 84' lang='lat' dir='ltr'><strong>lapidem</strong></span> <span class='ocrx_word' id='word_1_199' title='bbox 741 1780 800 1808; x_wconf 90' lang='lat' dir='ltr'><strong>nemo</strong></span> <span class='ocrx_word' id='word_1_200' title='bbox 816 1766 869 1808; x_wconf 89' lang='lat' dir='ltr'><strong>dicat</strong></span> 
     </span>
     <span class='ocr_line' id='line_1_23' title="bbox 86 1833 869 1893; baseline 0 -16"><span class='ocrx_word' id='word_1_201' title='bbox 86 1842 201 1893; x_wconf 86' lang='lat' dir='ltr'><strong>expertem,</strong></span> <span class='ocrx_word' id='word_1_202' title='bbox 226 1833 318 1891; x_wconf 88' lang='lat' dir='ltr'><strong>qnoniam</strong></span> <span class='ocrx_word' id='word_1_203' title='bbox 333 1836 358 1877; x_wconf 90' lang='lat' dir='ltr'><strong>ad</strong></span> <span class='ocrx_word' id='word_1_204' title='bbox 377 1836 425 1878; x_wconf 94' lang='lat' dir='ltr'><strong>baec</strong></span> <span class='ocrx_word' id='word_1_205' title='bbox 444 1842 515 1878; x_wconf 90' lang='lat' dir='ltr'><strong>natura</strong></span> <span class='ocrx_word' id='word_1_206' title='bbox 528 1836 609 1878; x_wconf 89' lang='lat' dir='ltr'><strong>minime</strong></span> <span class='ocrx_word' id='word_1_207' title='bbox 624 1843 749 1893; x_wconf 88' lang='lat' dir='ltr'><strong>comparatus</strong></span> <span class='ocrx_word' id='word_1_208' title='bbox 765 1843 804 1878; x_wconf 89' lang='lat' dir='ltr'><strong>est.</strong></span> <span class='ocrx_word' id='word_1_209' title='bbox 835 1834 869 1877; x_wconf 78' lang='lat' dir='ltr'><strong>Ad</strong></span> 
     </span>
     <span class='ocr_line' id='line_1_24' title="bbox 86 1904 870 1965; baseline -0.003 -18"><span class='ocrx_word' id='word_1_210' title='bbox 86 1904 186 1947; x_wconf 90' lang='lat' dir='ltr'><strong>bominem</strong></span> <span class='ocrx_word' id='word_1_211' title='bbox 198 1918 260 1958; x_wconf 92' lang='lat' dir='ltr'><strong>vero,</strong></span> <span class='ocrx_word' id='word_1_212' title='bbox 280 1905 324 1965; x_wconf 89' lang='lat' dir='ltr'><strong>sive</strong></span> <span class='ocrx_word' id='word_1_213' title='bbox 338 1905 445 1961; x_wconf 83' lang='lat' dir='ltr'><strong>pecudem,</strong></span> <span class='ocrx_word' id='word_1_214' title='bbox 467 1919 517 1961; x_wconf 90' lang='lat' dir='ltr'><strong>qnae</strong></span> <span class='ocrx_word' id='word_1_215' title='bbox 528 1905 644 1948; x_wconf 80' lang='lat' dir='ltr'><strong>iracundiae</strong></span> <span class='ocrx_word' id='word_1_216' title='bbox 655 1906 734 1963; x_wconf 86' lang='lat' dir='ltr'><strong>capacia</strong></span> <span class='ocrx_word' id='word_1_217' title='bbox 745 1911 803 1958; x_wconf 90' lang='lat' dir='ltr'><strong>suut,</strong></span> <span class='ocrx_word' id='word_1_218' title='bbox 824 1918 870 1946; x_wconf 90' lang='lat' dir='ltr'><strong>cum</strong></span> 
     </span>
     <span class='ocr_line' id='line_1_25' title="bbox 86 1973 869 2031; baseline 0 -14"><span class='ocrx_word' id='word_1_219' title='bbox 86 1987 110 2017; x_wconf 88' lang='lat' dir='ltr'><strong>ea</strong></span> <span class='ocrx_word' id='word_1_220' title='bbox 122 1973 229 2026; x_wconf 87' lang='lat' dir='ltr'><strong>carebunt,</strong></span> <span class='ocrx_word' id='word_1_221' title='bbox 253 1973 351 2029; x_wconf 87' lang='lat' dir='ltr'><strong>privantia</strong></span> <span class='ocrx_word' id='word_1_222' title='bbox 364 1974 398 2016; x_wconf 90' lang='lat' dir='ltr'><strong>illa</strong></span> <span class='ocrx_word' id='word_1_223' title='bbox 414 1974 495 2016; x_wconf 89' lang='lat' dir='ltr'><strong>nomina</strong></span> <span class='ocrx_word' id='word_1_224' title='bbox 511 1975 616 2017; x_wconf 85' lang='lat' dir='ltr'><strong>transferri</strong></span> <span class='ocrx_word' id='word_1_225' title='bbox 632 1981 739 2031; x_wconf 87' lang='lat' dir='ltr'><strong>poterunt,</strong></span> <span class='ocrx_word' id='word_1_226' title='bbox 762 1975 869 2017; x_wconf 86' lang='lat' dir='ltr'><strong>adcelera</strong></span> 
     </span>
     <span class='ocr_line' id='line_1_26' title="bbox 82 2033 886 2085; baseline -0.007 0"><span class='ocrx_word' id='word_1_227' title='bbox 82 2047 127 2085; x_wconf 80' lang='lat' dir='ltr'><strong>&#39;non</strong></span> <span class='ocrx_word' id='word_1_228' title='bbox 142 2042 198 2084; x_wconf 87' lang='lat' dir='ltr'><strong>item.</strong></span> <span class='ocrx_word' id='word_1_229' title='bbox 614 2078 617 2082; x_wconf 76' lang='grc'>,</span> <span class='ocrx_word' id='word_1_230' title='bbox 717 2078 718 2081; x_wconf 73' lang='grc'>,</span> <span class='ocrx_word' id='word_1_231' title='bbox 884 2033 886 2035; x_wconf 65' lang='grc'><strong>’</strong></span> 
     </span>
    </p>

    <p class='ocr_par' dir='ltr' id='par_1_5' title="bbox 87 2108 906 2927">
     <span class='ocr_line' id='line_1_27' title="bbox 145 2108 870 2167; baseline 0.001 -15"><span class='ocrx_word' id='word_1_232' title='bbox 145 2108 173 2152; x_wconf 91' lang='lat' dir='ltr'><strong>ll.</strong></span> <span class='ocrx_word' id='word_1_233' title='bbox 203 2108 281 2152; x_wconf 82' lang='lat' dir='ltr'><strong>Eodem</strong></span> <span class='ocrx_word' id='word_1_234' title='bbox 297 2109 356 2151; x_wconf 89' lang='lat' dir='ltr'><strong>modo</strong></span> <span class='ocrx_word' id='word_1_235' title='bbox 367 2117 388 2152; x_wconf 94' lang='grc' dir='ltr'><strong>ει</strong></span> <span class='ocrx_word' id='word_1_236' title='bbox 399 2109 419 2151; x_wconf 84' lang='grc' dir='ltr'><strong>ἰῑι</strong></span> <span class='ocrx_word' id='word_1_237' title='bbox 430 2110 467 2152; x_wconf 91' lang='lat' dir='ltr'><strong>deo</strong></span> <span class='ocrx_word' id='word_1_238' title='bbox 482 2110 535 2152; x_wconf 91' lang='lat' dir='ltr'><strong>istud</strong></span> <span class='ocrx_word' id='word_1_239' title='bbox 547 2110 683 2166; x_wconf 89' lang='lat' dir='ltr'><strong>accipiendum</strong></span> <span class='ocrx_word' id='word_1_240' title='bbox 697 2118 736 2152; x_wconf 90' lang='grc' dir='ltr'><strong>εει.</strong></span> <span class='ocrx_word' id='word_1_241' title='bbox 766 2111 835 2167; x_wconf 83' lang='lat' dir='ltr'><strong>Atque</strong></span> <span class='ocrx_word' id='word_1_242' title='bbox 847 2119 870 2153; x_wconf 88' lang='lat' dir='ltr'><strong>nt</strong></span> 
     </span>
     <span class='ocr_line' id='line_1_28' title="bbox 88 2177 870 2230; baseline -0.001 -10"><span class='ocrx_word' id='word_1_243' title='bbox 88 2178 112 2220; x_wconf 89' lang='lat' dir='ltr'><strong>ad</strong></span> <span class='ocrx_word' id='word_1_244' title='bbox 123 2177 204 2220; x_wconf 72' lang='lat' dir='ltr'><strong>Aetium</strong></span> <span class='ocrx_word' id='word_1_245' title='bbox 217 2187 285 2220; x_wconf 90' lang='lat' dir='ltr'><strong>nostra</strong></span> <span class='ocrx_word' id='word_1_246' title='bbox 298 2184 427 2219; x_wconf 86' lang='lat' dir='ltr'><strong>convertatur</strong></span> <span class='ocrx_word' id='word_1_247' title='bbox 442 2178 518 2230; x_wconf 90' lang='lat' dir='ltr'><strong>oratic,</strong></span> <span class='ocrx_word' id='word_1_248' title='bbox 538 2178 586 2219; x_wconf 87' lang='lat' dir='ltr'><strong>libet</strong></span> <span class='ocrx_word' id='word_1_249' title='bbox 597 2177 649 2219; x_wconf 90' lang='lat' dir='ltr'><strong>hune</strong></span> <span class='ocrx_word' id='word_1_250' title='bbox 659 2178 680 2218; x_wconf 96' lang='lat' dir='ltr'><strong>in</strong></span> <span class='ocrx_word' id='word_1_251' title='bbox 692 2178 772 2219; x_wconf 90' lang='lat' dir='ltr'><strong>modum</strong></span> <span class='ocrx_word' id='word_1_252' title='bbox 782 2180 870 2220; x_wconf 92' lang='lat' dir='ltr'><strong>interro-</strong></span> 
     </span>
     <span class='ocr_line' id='line_1_29' title="bbox 87 2243 906 2300; baseline 0.004 -14"><span class='ocrx_word' id='word_1_253' title='bbox 87 2258 144 2300; x_wconf 82' lang='lat' dir='ltr'><strong>gare.</strong></span> <span class='ocrx_word' id='word_1_254' title='bbox 174 2244 213 2287; x_wconf 86' lang='lat' dir='ltr'><strong>Dic</strong></span> <span class='ocrx_word' id='word_1_255' title='bbox 225 2246 298 2296; x_wconf 90' lang='lat' dir='ltr'><strong>sodes,</strong></span> <span class='ocrx_word' id='word_1_256' title='bbox 319 2245 379 2296; x_wconf 74' lang='lat' dir='ltr'><strong>Aeci,</strong></span> <span class='ocrx_word' id='word_1_257' title='bbox 395 2243 513 2287; x_wconf 88' lang='lat' dir='ltr'><strong>Utrumnam</strong></span> <span class='ocrx_word' id='word_1_258' title='bbox 524 2245 579 2286; x_wconf 89' lang='lat' dir='ltr'><strong>illum</strong></span> <span class='ocrx_word' id='word_1_259' title='bbox 590 2259 635 2286; x_wconf 87' lang='lat' dir='ltr'><strong>cnm</strong></span> <span class='ocrx_word' id='word_1_260' title='bbox 647 2244 720 2286; x_wconf 87' lang='lat' dir='ltr'><strong>ceteris</strong></span> <span class='ocrx_word' id='word_1_261' title='bbox 733 2245 824 2287; x_wconf 89' lang='lat' dir='ltr'><strong>omnibus</strong></span> <span class='ocrx_word' id='word_1_262' title='bbox 837 2246 869 2300; x_wconf 89' lang='lat' dir='ltr'><strong>qni</strong></span> <span class='ocrx_word' id='word_1_263' title='bbox 905 2286 906 2289; x_wconf 73' lang='grc'>,</span> 
     </span>
     <span class='ocr_line' id='line_1_30' title="bbox 88 2312 871 2370; baseline 0.001 -16"><span class='ocrx_word' id='word_1_264' title='bbox 88 2312 157 2355; x_wconf 90' lang='lat' dir='ltr'><strong>eadem</strong></span> <span class='ocrx_word' id='word_1_265' title='bbox 168 2326 179 2354; x_wconf 92' lang='lat' dir='ltr'><strong>e</strong></span> <span class='ocrx_word' id='word_1_266' title='bbox 191 2312 301 2355; x_wconf 88' lang='lat' dir='ltr'><strong>substantia</strong></span> <span class='ocrx_word' id='word_1_267' title='bbox 312 2327 352 2355; x_wconf 92' lang='lat' dir='ltr'><strong>nou</strong></span> <span class='ocrx_word' id='word_1_268' title='bbox 365 2319 411 2355; x_wconf 92' lang='lat' dir='ltr'><strong>sunt</strong></span> <span class='ocrx_word' id='word_1_269' title='bbox 424 2312 534 2369; x_wconf 87' lang='lat' dir='ltr'><strong>comparari</strong></span> <span class='ocrx_word' id='word_1_270' title='bbox 545 2318 603 2369; x_wconf 89' lang='lat' dir='ltr'><strong>putas</strong></span> <span class='ocrx_word' id='word_1_271' title='bbox 615 2326 687 2370; x_wconf 89' lang='lat' dir='ltr'><strong>posse,</strong></span> <span class='ocrx_word' id='word_1_272' title='bbox 704 2326 729 2354; x_wconf 91' lang='lat' dir='ltr'><strong>an</strong></span> <span class='ocrx_word' id='word_1_273' title='bbox 742 2327 786 2354; x_wconf 90' lang='lat' dir='ltr'><strong>cum</strong></span> <span class='ocrx_word' id='word_1_274' title='bbox 797 2313 822 2354; x_wconf 92' lang='lat' dir='ltr'><strong>iis</strong></span> <span class='ocrx_word' id='word_1_275' title='bbox 835 2327 871 2355; x_wconf 90' lang='lat' dir='ltr'><strong>an-</strong></span> 
     </span>
     <span class='ocr_line' id='line_1_31' title="bbox 88 2379 871 2438; baseline 0 -14"><span class='ocrx_word' id='word_1_276' title='bbox 88 2396 194 2425; x_wconf 88' lang='lat' dir='ltr'><strong>numerare</strong></span> <span class='ocrx_word' id='word_1_277' title='bbox 210 2397 251 2424; x_wconf 84' lang='lat' dir='ltr'><strong>non</strong></span> <span class='ocrx_word' id='word_1_278' title='bbox 262 2381 354 2424; x_wconf 80' lang='lat' dir='ltr'><strong>dubites?</strong></span> <span class='ocrx_word' id='word_1_279' title='bbox 384 2379 407 2424; x_wconf 87' lang='lat' dir='ltr'><strong>Si</strong></span> <span class='ocrx_word' id='word_1_280' title='bbox 420 2382 439 2423; x_wconf 89' lang='lat' dir='ltr'><strong>in</strong></span> <span class='ocrx_word' id='word_1_281' title='bbox 453 2381 536 2424; x_wconf 87' lang='lat' dir='ltr'><strong>aliorum</strong></span> <span class='ocrx_word' id='word_1_282' title='bbox 552 2389 630 2424; x_wconf 89' lang='lat' dir='ltr'><strong>coetum</strong></span> <span class='ocrx_word' id='word_1_283' title='bbox 641 2395 785 2438; x_wconf 87' lang='lat' dir='ltr'><strong>numerumque</strong></span> <span class='ocrx_word' id='word_1_284' title='bbox 796 2384 871 2425; x_wconf 88' lang='lat' dir='ltr'><strong>retule-</strong></span> 
     </span>
     <span class='ocr_line' id='line_1_32' title="bbox 87 2449 871 2511; baseline 0.003 -17"><span class='ocrx_word' id='word_1_285' title='bbox 87 2450 117 2495; x_wconf 92' lang='lat' dir='ltr'><strong>ris</strong></span> <span class='ocrx_word' id='word_1_286' title='bbox 127 2449 160 2509; x_wconf 92' lang='lat' dir='ltr'><strong>qni</strong></span> <span class='ocrx_word' id='word_1_287' title='bbox 172 2465 213 2494; x_wconf 90' lang='lat' dir='ltr'><strong>non</strong></span> <span class='ocrx_word' id='word_1_288' title='bbox 224 2465 251 2494; x_wconf 85' lang='lat' dir='ltr'><strong>ex</strong></span> <span class='ocrx_word' id='word_1_289' title='bbox 263 2450 326 2510; x_wconf 89' lang='lat' dir='ltr'><strong>ipsius</strong></span> <span class='ocrx_word' id='word_1_290' title='bbox 342 2450 452 2494; x_wconf 89' lang='lat' dir='ltr'><strong>substantia</strong></span> <span class='ocrx_word' id='word_1_291' title='bbox 467 2458 526 2505; x_wconf 91' lang='lat' dir='ltr'><strong>sunt,</strong></span> <span class='ocrx_word' id='word_1_292' title='bbox 548 2450 605 2494; x_wconf 86' lang='lat' dir='ltr'><strong>sede</strong></span> <span class='ocrx_word' id='word_1_293' title='bbox 617 2449 679 2494; x_wconf 90' lang='lat' dir='ltr'><strong>nihilo</strong></span> <span class='ocrx_word' id='word_1_294' title='bbox 693 2465 729 2509; x_wconf 90' lang='lat' dir='ltr'><strong>per</strong></span> <span class='ocrx_word' id='word_1_295' title='bbox 745 2466 790 2496; x_wconf 90' lang='lat' dir='ltr'><strong>cnm</strong></span> <span class='ocrx_word' id='word_1_296' title='bbox 801 2452 834 2511; x_wconf 94' lang='lat' dir='ltr'><strong>qui</strong></span> <span class='ocrx_word' id='word_1_297' title='bbox 846 2452 871 2496; x_wconf 88' lang='lat' dir='ltr'><strong>ab</strong></span> 
     </span>
     <span class='ocr_line' id='line_1_33' title="bbox 88 2521 872 2581; baseline 0 -15"><span class='ocrx_word' id='word_1_298' title='bbox 88 2522 174 2581; x_wconf 86' lang='lat' dir='ltr'><strong>ipsomet</strong></span> <span class='ocrx_word' id='word_1_299' title='bbox 187 2522 295 2566; x_wconf 83' lang='lat' dir='ltr'><strong>secundnm</strong></span> <span class='ocrx_word' id='word_1_300' title='bbox 310 2522 440 2566; x_wconf 89' lang='lat' dir='ltr'><strong>substantiam</strong></span> <span class='ocrx_word' id='word_1_301' title='bbox 456 2530 512 2566; x_wconf 89' lang='lat' dir='ltr'><strong>ortus</strong></span> <span class='ocrx_word' id='word_1_302' title='bbox 529 2529 560 2565; x_wconf 91' lang='grc' dir='ltr'><strong>εει</strong></span> <span class='ocrx_word' id='word_1_303' title='bbox 576 2521 649 2565; x_wconf 88' lang='lat' dir='ltr'><strong>abillo</strong></span> <span class='ocrx_word' id='word_1_304' title='bbox 664 2522 764 2579; x_wconf 82' lang='lat' dir='ltr'><strong>procreati</strong></span> <span class='ocrx_word' id='word_1_305' title='bbox 780 2530 838 2577; x_wconf 89' lang='lat' dir='ltr'><strong>sunt,</strong></span> <span class='ocrx_word' id='word_1_306' title='bbox 859 2538 872 2566; x_wconf 93' lang='lat' dir='ltr'><strong>a</strong></span> 
     </span>
     <span class='ocr_line' id='line_1_34' title="bbox 89 2591 872 2650; baseline 0.001 -15"><span class='ocrx_word' id='word_1_307' title='bbox 89 2593 160 2650; x_wconf 91' lang='lat' dir='ltr'><strong>quibus</strong></span> <span class='ocrx_word' id='word_1_308' title='bbox 171 2593 226 2636; x_wconf 89' lang='lat' dir='ltr'><strong>solus</strong></span> <span class='ocrx_word' id='word_1_309' title='bbox 239 2593 358 2635; x_wconf 86' lang='lat' dir='ltr'><strong>eximendus</strong></span> <span class='ocrx_word' id='word_1_310' title='bbox 367 2600 398 2636; x_wconf 87' lang='lat' dir='ltr'><strong>est</strong></span> <span class='ocrx_word' id='word_1_311' title='bbox 408 2593 461 2636; x_wconf 85' lang='lat' dir='ltr'><strong>lilius</strong></span> <span class='ocrx_word' id='word_1_312' title='bbox 473 2607 518 2635; x_wconf 91' lang='lat' dir='ltr'><strong>enm</strong></span> <span class='ocrx_word' id='word_1_313' title='bbox 531 2591 601 2650; x_wconf 90' lang='lat' dir='ltr'><strong>spiritu</strong></span> <span class='ocrx_word' id='word_1_314' title='bbox 613 2599 696 2645; x_wconf 90' lang='lat' dir='ltr'><strong>sancto,</strong></span> <span class='ocrx_word' id='word_1_315' title='bbox 712 2593 746 2649; x_wconf 92' lang='lat' dir='ltr'><strong>qui</strong></span> <span class='ocrx_word' id='word_1_316' title='bbox 756 2606 785 2636; x_wconf 84' lang='lat' dir='ltr'><strong>ex</strong></span> <span class='ocrx_word' id='word_1_317' title='bbox 795 2593 872 2636; x_wconf 91' lang='lat' dir='ltr'><strong>incom-</strong></span> 
     </span>
     <span class='ocr_line' id='line_1_35' title="bbox 90 2661 872 2720; baseline 0 -15"><span class='ocrx_word' id='word_1_318' title='bbox 90 2661 184 2720; x_wconf 86' lang='lat' dir='ltr'><strong>parabilis</strong></span> <span class='ocrx_word' id='word_1_319' title='bbox 197 2662 258 2720; x_wconf 92' lang='lat' dir='ltr'><strong>patris</strong></span> <span class='ocrx_word' id='word_1_320' title='bbox 269 2669 289 2705; x_wconf 89' lang='lat' dir='ltr'><strong>et</strong></span> <span class='ocrx_word' id='word_1_321' title='bbox 300 2661 397 2716; x_wconf 82' lang='lat' dir='ltr'><strong>unigeniti</strong></span> <span class='ocrx_word' id='word_1_322' title='bbox 414 2663 457 2705; x_wconf 90' lang='lat' dir='ltr'><strong>eius</strong></span> <span class='ocrx_word' id='word_1_323' title='bbox 474 2663 507 2704; x_wconf 86' lang='lat' dir='ltr'><strong>lilii</strong></span> <span class='ocrx_word' id='word_1_324' title='bbox 518 2662 627 2705; x_wconf 88' lang='lat' dir='ltr'><strong>substantia</strong></span> <span class='ocrx_word' id='word_1_325' title='bbox 639 2663 749 2717; x_wconf 86' lang='lat' dir='ltr'><strong>processit:</strong></span> <span class='ocrx_word' id='word_1_326' title='bbox 771 2663 788 2704; x_wconf 89' lang='lat' dir='ltr'><strong>si</strong></span> <span class='ocrx_word' id='word_1_327' title='bbox 803 2664 827 2705; x_wconf 92' lang='lat' dir='ltr'><strong>ad</strong></span> <span class='ocrx_word' id='word_1_328' title='bbox 838 2677 872 2705; x_wconf 89' lang='lat' dir='ltr'><strong>ce-</strong></span> 
     </span>
     <span class='ocr_line' id='line_1_36' title="bbox 90 2730 871 2789; baseline 0 -15"><span class='ocrx_word' id='word_1_329' title='bbox 90 2738 191 2786; x_wconf 89' lang='lat' dir='ltr'><strong>terorum,</strong></span> <span class='ocrx_word' id='word_1_330' title='bbox 207 2733 298 2789; x_wconf 90' lang='lat' dir='ltr'><strong>inquam,</strong></span> <span class='ocrx_word' id='word_1_331' title='bbox 314 2731 447 2774; x_wconf 90' lang='lat' dir='ltr'><strong>conditionem</strong></span> <span class='ocrx_word' id='word_1_332' title='bbox 459 2731 568 2784; x_wconf 83' lang='lat' dir='ltr'><strong>abieceris,</strong></span> <span class='ocrx_word' id='word_1_333' title='bbox 585 2730 634 2773; x_wconf 91' lang='lat' dir='ltr'><strong>nibil</strong></span> <span class='ocrx_word' id='word_1_334' title='bbox 645 2731 691 2773; x_wconf 88' lang='lat' dir='ltr'><strong>fidei</strong></span> <span class='ocrx_word' id='word_1_335' title='bbox 702 2731 827 2788; x_wconf 80' lang='lat' dir='ltr'><strong>professione</strong></span> <span class='ocrx_word' id='word_1_336' title='bbox 838 2739 871 2774; x_wconf 90' lang='lat' dir='ltr'><strong>tna</strong></span> 
     </span>
     <span class='ocr_line' id='line_1_37' title="bbox 91 2797 873 2858; baseline 0 -15"><span class='ocrx_word' id='word_1_337' title='bbox 91 2814 137 2844; x_wconf 88' lang='lat' dir='ltr'><strong>esse</strong></span> <span class='ocrx_word' id='word_1_338' title='bbox 147 2808 212 2858; x_wconf 88' lang='lat' dir='ltr'><strong>potest</strong></span> <span class='ocrx_word' id='word_1_339' title='bbox 222 2800 334 2844; x_wconf 89' lang='lat' dir='ltr'><strong>absurdius.</strong></span> <span class='ocrx_word' id='word_1_340' title='bbox 366 2797 407 2854; x_wconf 78' lang='lat' dir='ltr'><strong>Qui</strong></span> <span class='ocrx_word' id='word_1_341' title='bbox 417 2800 469 2842; x_wconf 87' lang='lat' dir='ltr'><strong>enim</strong></span> <span class='ocrx_word' id='word_1_342' title='bbox 481 2815 531 2842; x_wconf 91' lang='lat' dir='ltr'><strong>unus</strong></span> <span class='ocrx_word' id='word_1_343' title='bbox 543 2815 570 2842; x_wconf 79' lang='lat' dir='ltr'><strong>ex</strong></span> <span class='ocrx_word' id='word_1_344' title='bbox 580 2799 671 2842; x_wconf 89' lang='lat' dir='ltr'><strong>omnibus</strong></span> <span class='ocrx_word' id='word_1_345' title='bbox 684 2800 734 2853; x_wconf 91' lang='lat' dir='ltr'><strong>erit,</strong></span> <span class='ocrx_word' id='word_1_346' title='bbox 751 2814 763 2842; x_wconf 91' lang='lat' dir='ltr'><strong>a</strong></span> <span class='ocrx_word' id='word_1_347' title='bbox 775 2816 814 2857; x_wconf 92' lang='lat' dir='ltr'><strong>quo</strong></span> <span class='ocrx_word' id='word_1_348' title='bbox 826 2808 873 2843; x_wconf 88' lang='lat' dir='ltr'><strong>sunt</strong></span> 
     </span>
     <span class='ocr_line' id='line_1_38' title="bbox 92 2866 873 2927; baseline -0.001 -15"><span class='ocrx_word' id='word_1_349' title='bbox 92 2883 103 2912; x_wconf 91' lang='lat' dir='ltr'><strong>e</strong></span> <span class='ocrx_word' id='word_1_350' title='bbox 115 2870 177 2912; x_wconf 91' lang='lat' dir='ltr'><strong>nihilo</strong></span> <span class='ocrx_word' id='word_1_351' title='bbox 187 2877 258 2912; x_wconf 86' lang='lat' dir='ltr'><strong>cuncta</strong></span> <span class='ocrx_word' id='word_1_352' title='bbox 269 2869 377 2927; x_wconf 80' lang='lat' dir='ltr'><strong>producta?</strong></span> <span class='ocrx_word' id='word_1_353' title='bbox 405 2866 461 2912; x_wconf 87' lang='lat' dir='ltr'><strong>Fieri</strong></span> <span class='ocrx_word' id='word_1_354' title='bbox 472 2869 520 2912; x_wconf 89' lang='lat' dir='ltr'><strong>illud</strong></span> <span class='ocrx_word' id='word_1_355' title='bbox 530 2870 596 2925; x_wconf 92' lang='lat' dir='ltr'><strong>utique</strong></span> <span class='ocrx_word' id='word_1_356' title='bbox 609 2883 649 2911; x_wconf 92' lang='lat' dir='ltr'><strong>non</strong></span> <span class='ocrx_word' id='word_1_357' title='bbox 659 2875 737 2925; x_wconf 87' lang='lat' dir='ltr'><strong>potest;</strong></span> <span class='ocrx_word' id='word_1_358' title='bbox 754 2883 819 2925; x_wconf 89' lang='lat' dir='ltr'><strong>neque</strong></span> <span class='ocrx_word' id='word_1_359' title='bbox 830 2876 873 2911; x_wconf 85' lang='lat' dir='ltr'><strong>tute</strong></span> 
     </span>
    </p>
   </div>
   <div class='ocr_carea' id='block_1_4' title="bbox 92 3002 874 3195">
    <p class='ocr_par' dir='ltr' id='par_1_6' title="bbox 92 3002 874 3195">
     <span class='ocr_line' id='line_1_39' title="bbox 92 3002 874 3050; baseline -0.003 -10"><span class='ocrx_word' id='word_1_360' title='bbox 92 3007 179 3047; x_wconf 78' lang='lat' dir='ltr'><strong>Potentes,</strong></span> <span class='ocrx_word' id='word_1_361' title='bbox 196 3010 225 3040; x_wconf 79' lang='lat' dir='ltr'><strong>ant</strong></span> <span class='ocrx_word' id='word_1_362' title='bbox 238 3004 370 3050; x_wconf 69' lang='lat' dir='ltr'><strong>dveptbpq&#39;cetuc</strong></span> <span class='ocrx_word' id='word_1_363' title='bbox 381 3015 411 3046; x_wconf 82' lang='lat' dir='ltr'><strong>pro</strong></span> <span class='ocrx_word' id='word_1_364' title='bbox 423 3002 472 3048; x_wconf 65' lang='lat' dir='ltr'><strong>e’pc‘b·</strong></span> <span class='ocrx_word' id='word_1_365' title='bbox 518 3006 533 3040; x_wconf 84' lang='lat' dir='ltr'><strong>i.</strong></span> <span class='ocrx_word' id='word_1_366' title='bbox 546 3004 597 3041; x_wconf 69' lang='grc' dir='ltr'>αὑτοῦ</span> <span class='ocrx_word' id='word_1_367' title='bbox 613 3008 669 3038; x_wconf 82' lang='lat' dir='ltr'><strong>vitium</strong></span> <span class='ocrx_word' id='word_1_368' title='bbox 681 3010 703 3040; x_wconf 86' lang='lat' dir='ltr'><strong>est</strong></span> <span class='ocrx_word' id='word_1_369' title='bbox 715 3008 739 3039; x_wconf 80' lang='lat' dir='ltr'><strong>ed.</strong></span> <span class='ocrx_word' id='word_1_370' title='bbox 751 3006 807 3040; x_wconf 75' lang='lat' dir='ltr'><strong>Petne.</strong></span> <span class='ocrx_word' id='word_1_371' title='bbox 819 3007 874 3038; x_wconf 73' lang='lat' dir='ltr'><strong>cotan.</strong></span> 
     </span>
     <span class='ocr_line' id='line_1_40' title="bbox 93 3048 542 3095; baseline -0.004 -10"><span class='ocrx_word' id='word_1_372' title='bbox 93 3048 177 3095; x_wconf 77' lang='grc' dir='ltr'><strong>μήσειας,</strong></span> <span class='ocrx_word' id='word_1_373' title='bbox 190 3052 232 3092; x_wconf 79' lang='lat' dir='ltr'><strong>qnod</strong></span> <span class='ocrx_word' id='word_1_374' title='bbox 242 3053 279 3092; x_wconf 81' lang='lat' dir='ltr'><strong>peri</strong></span> <span class='ocrx_word' id='word_1_375' title='bbox 290 3053 324 3084; x_wconf 75' lang='lat' dir='ltr'><strong>fare</strong></span> <span class='ocrx_word' id='word_1_376' title='bbox 337 3053 392 3084; x_wconf 79' lang='lat' dir='ltr'><strong>licebit.</strong></span> <span class='ocrx_word' id='word_1_377' title='bbox 414 3076 416 3080; x_wconf 57' lang='lat'><strong>.</strong></span> <span class='ocrx_word' id='word_1_378' title='bbox 494 3055 542 3092; x_wconf 81' lang='lat' dir='ltr'><strong>repet.</strong></span> 
     </span>
     <span class='ocr_line' id='line_1_41' title="bbox 514 3094 771 3139; baseline -0.008 -10"><span class='ocrx_word' id='word_1_379' title='bbox 514 3097 535 3129; x_wconf 75' lang='lat' dir='ltr'><strong>a.</strong></span> <span class='ocrx_word' id='word_1_380' title='bbox 550 3094 649 3139; x_wconf 69' lang='grc' dir='ltr'><strong>γεγέννηται</strong></span> <span class='ocrx_word' id='word_1_381' title='bbox 659 3098 694 3129; x_wconf 82' lang='lat' dir='ltr'><strong>eod.</strong></span> <span class='ocrx_word' id='word_1_382' title='bbox 706 3096 771 3136; x_wconf 62' lang='lat' dir='ltr'><strong>abacto.</strong></span> 
     </span>
     <span class='ocr_line' id='line_1_42' title="bbox 128 3149 736 3195; baseline 0 -17"><span class='ocrx_word' id='word_1_383' title='bbox 128 3150 188 3186; x_wconf 74' lang='lat' dir='ltr'><strong>corpus</strong></span> <span class='ocrx_word' id='word_1_384' title='bbox 196 3149 289 3179; x_wconf 78' lang='lat' dir='ltr'><strong>Haereeeol.</strong></span> <span class='ocrx_word' id='word_1_385' title='bbox 297 3150 318 3179; x_wconf 88' lang='lat'><strong>11.</strong></span> <span class='ocrx_word' id='word_1_386' title='bbox 327 3151 341 3178; x_wconf 83' lang='lat'><strong>3.</strong></span> <span class='ocrx_word' id='word_1_387' title='bbox 710 3155 736 3195; x_wconf 67' lang='lat'><strong>18</strong></span> 
     </span>
    </p>
   </div>
   <div class='ocr_carea' id='block_1_5' title="bbox 0 0 1010 3392">
    <p class='ocr_par' dir='ltr' id='par_1_7' title="bbox 0 0 1010 3392">
     <span class='ocr_line' id='line_1_43' title="bbox 0 0 1010 3392; baseline 0 0"><span class='ocrx_word' id='word_1_388' title='bbox 0 0 1010 3392; x_wconf 95' lang='lat' dir='ltr'><strong> </strong></span> 
     </span>
    </p>
   </div>
  </div>
 </body>
</html>
