1988 3392
266 232 357 265 rantur
370 232 411 264 oro.
420 233 449 265 nr.
462 232 545 265 rouo.
558 231 709 264 nnunuxxx.
835 221 876 263 471

92 325 155 370 paene
168 311 285 369 scripturam
302 325 337 354 ore
356 312 496 369 pronuntiant,
519 312 603 369 impigre
620 325 644 353 ac
657 317 739 352 strenue
752 318 786 351 ant
801 300 878 351 orando

92 387 126 424 aut
137 379 224 436 psalmos
243 381 375 423 emodulanda
391 381 521 438 pervigilant,
543 382 638 423 solennes
650 380 674 421 de
688 394 743 421 more
756 386 877 432 conventus,

92 465 115 492 ao
131 449 237 505 qrrotaunis
253 449 373 492 roristitotos
390 450 475 502 obeunt,
498 456 561 492 statas
577 451 647 501 boras,
672 456 691 490 et
708 448 791 489 alternis
806 448 877 505 spatiis

91 517 185 560 continuo
201 518 311 575 descriptas
326 519 426 576 perpetuis
442 519 536 560 addeum
553 520 657 561 fundendis
674 517 779 575 precibus,
801 531 877 558 summa

91 601 135 628 enm
145 585 256 630 abiectione
266 589 326 630 animi
338 603 361 630 ac
371 587 477 630 laboriosis
488 587 594 642 gemitibus
606 588 728 642 transigunt,
744 600 790 627 cunr
799 586 877 628 interea

91 655 189 713 propriis,
206 656 299 709 ulidixi,
321 656 424 708 manibus,
447 657 539 698 adiuncta
550 654 633 712 spiritali
645 655 804 707 exercitatione,
828 668 878 711 opus

90 725 206 777 instituant,
229 740 253 767 ne
264 734 297 768 aut
310 725 374 782 inopia
386 725 489 776 laborent,
512 732 544 767 aut
556 725 576 767 in
589 726 684 767 haruanas
695 725 833 767 sinnrlationes
846 724 877 764 in-

91 794 168 844 cidant,
191 794 233 846 sie,
255 803 276 835 nt
289 795 354 850 irnpiis
367 794 429 835 libere
447 794 552 835 veritatem
565 794 630 849 eloqui
643 809 682 835 non
693 794 789 845 audeant,
811 805 876 848 neque

90 861 113 904 ab
124 875 193 904 eorum
210 862 310 904 honrinuoi
328 862 360 918 qui
378 877 413 918 per
428 863 483 904 nefas
495 877 518 904 ae
532 876 640 918 pauperum
653 861 744 904 iniurianr
762 859 877 917 locupletati

90 937 135 972 sunt
147 931 266 985 contagione
279 946 302 972 ae
315 931 398 973 inaculis
414 930 515 972 vindicare
531 945 577 972 sese
591 931 681 987 possint,
702 944 739 972 neo
751 931 830 971 illornnr
842 930 876 970 de-

90 999 149 1055 niqne
161 999 242 1041 cibariis
256 1014 336 1051 carere,
357 999 407 1055 quod
420 999 478 1041 iustis
494 998 594 1041 laboribus
606 999 740 1055 quotidianum
752 998 789 1040 sibi
801 998 875 1040 rictum

89 1081 205 1124 comparare
221 1075 333 1123 nequeant,
356 1069 391 1110 scd
408 1067 433 1109 ob
447 1067 532 1124 inopiam
548 1082 576 1109 ex
591 1069 632 1109 otio
644 1075 664 1109 et
677 1067 749 1109 inertia
766 1068 876 1109 derivatam

89 1136 112 1178 ad
129 1136 231 1178 beatorum
248 1151 326 1179 niensas
342 1138 451 1192 confugero
468 1143 572 1192 cogantur.

147 1203 212 1260 Quam
222 1205 248 1247 ob
260 1219 300 1246 reni
313 1205 400 1247 dirinnnr
414 1219 450 1247 nos
461 1206 562 1247 oraculum
578 1206 647 1257 docet,
670 1208 700 1246 Ne
713 1208 836 1259 concarprscos
847 1208 875 1245 cia
892 1212 932 1256 cap.
944 1212 965 1246 v.

89 1276 223 1324 bardintuna,-
245 1277 378 1315 treatment
392 1277 480 1315 mendaci
490 1278 528 1315 nilo
541 1277 640 1315 conuincti
653 1282 705 1315 sont.
739 1272 791 1316 Turn
803 1256 979 1315 alioiuffll'll’³⁴

88 1343 133 1384 loco
145 1343 242 1384 einsnrodi
252 1344 320 1398 quales
334 1343 418 1400 appositi
430 1343 503 1384 toci-int
515 1343 602 1385 rieissint
613 1344 761 1399 praeparandos
772 1343 873 1394 admonet,

89 1413 144 1464 Quod
154 1414 297 1452 sternutantis
310 1427 342 1461 es,
365 1413 517 1452 illt'ascibosne
530 1414 660 1465 concupiscas.
692 1409 768 1466 Qoain
781 1424 874 1468 reprae-
895 1428 957 1457 nana

88 1480 162 1521 claranr
176 1481 231 1537 pueri
247 1480 275 1521 illi
290 1479 392 1536 Babylone
408 1480 491 1535 gloriam
509 1467 576 1536 adepti
591 1487 638 1521 stant
652 1481 685 1536 qni
701 1480 803 1536 repudiata
821 1480 875 1535 regis

88 1562 157 1590 mensa
170 1548 277 1604 exquisitis
288 1548 346 1591 buius
355 1548 418 1604 epulis
429 1548 527 1604 legumina
539 1548 675 1605 praetulerunt
686 1563 709 1590 ao
720 1549 799 1591 divitias
809 1548 876 1605 splen-

87 1617 194 1673 doremque
209 1625 378 1675 contempserunt.
409 1615 455 1659 Neo
466 1618 524 1659 aliter
535 1614 632 1674 Moyses,
648 1617 681 1673 qui
693 1617 764 1658 vexari
775 1617 873 1674 affligique
890 1628 939 1658 uxot.
947 1630 963 1658 a.

87 1700 130 1727 eum
142 1686 214 1742 populo
225 1686 256 1728 dei
267 1701 324 1742 quarn
337 1685 468 1742 Aegyptiacis
480 1686 579 1728 thesauris
590 1687 665 1743 perfrui
680 1686 757 1727 maluit.
779 1685 819 1741 Qui
830 1663 978 1740 ᾳιιί-Η””””””

87 1755 131 1796 dem
144 1755 189 1796 duro
200 1754 242 1796 suis
254 1756 297 1811 ipse
309 1756 399 1797 rnarnbus
412 1769 461 1810 opos
472 1762 568 1806 exercet,
583 1755 679 1811 propbeta
691 1757 754 1797 lactus
768 1762 807 1796 est.
838 1753 875 1797 llle

88 1823 140 1865 eninr
153 1824 196 1879 ipse
214 1823 286 1865 nobilis
302 1832 343 1866 eta
358 1823 396 1865 lilia
412 1823 465 1879 regis
475 1823 592 1879 adoptatus,
614 1832 636 1865 ot
647 1839 671 1865 ne
683 1825 759 1866 otiosos
776 1838 826 1880 pane
839 1838 875 1866 ve·

87 1898 188 1942 sceretur,
212 1892 272 1949 opilio
289 1893 410 1934 constitutus
428 1900 465 1934 est.
497 1891 551 1934 ldenr
568 1900 588 1934 et
603 1900 660 1949 pater
675 1900 744 1934 noster
759 1891 820 1934 Iacob
836 1907 874 1935 uos

89 1961 168 2011 docuit,
190 1975 234 2002 curn
246 1960 351 2003 Labanuua
363 1961 479 2016 alloquens,
500 1964 597 2011 Domiti,
618 1961 694 2017 inquit,
715 1964 778 2015 operis
790 1964 871 2016 alequid,
891 1974 961 2004 cenae.

86 2033 187 2083 propraetor
199 2037 222 2070 nt
232 2033 301 2070 cr'ctmn
318 2044 405 2070 meream.
437 2027 495 2071 Unde
508 2037 527 2070 et
540 2044 551 2070 a
564 2044 635 2071 socero
649 2030 716 2072 ovium
728 2030 796 2072 itidem
807 2030 874 2087 gregi-

88 2098 124 2140 bus
142 2098 263 2154 praeficitur.
295 2096 351 2152 Quae
364 2096 439 2139 idcirco
453 2099 504 2139 lacta
518 2105 563 2139 sunt
574 2098 653 2151 onrnia,
671 2113 695 2140 ne
705 2099 769 2141 sancti
783 2098 873 2141 bornines

87 2180 157 2223 panem
176 2166 234 2209 otiosi
252 2168 388 2218 ¹comederent.
423 2166 528 2222 Apostolis
545 2181 594 2208 vero
616 2181 627 2208 a
647 2167 726 2209 donnino
746 2174 874 2224 praeceptum

87 2236 139 2277 istud
153 2243 184 2277 est
200 2243 221 2277 ut
234 2235 296 2278 diriui
312 2235 368 2277 verbi
385 2235 532 2292 praedicatione
550 2236 638 2278 contenti
651 2243 731 2290 esseut,
753 2251 779 2277 ne
790 2250 818 2278 ex
829 2236 874 2278 aliis

87 2303 135 2345 alias
150 2304 170 2346 iu
183 2305 242 2346 urbes
254 2319 278 2346 ae
290 2305 333 2346 loca
348 2303 475 2360 praedicandi
487 2318 557 2346 caussa
568 2306 676 2361 migrantes
688 2306 749 2347 variis
761 2305 821 2347 rebus
834 2306 873 2347 dis-

89 2372 225 2415 traherentur.
256 2376 332 2426 Dt'gocs
350 2382 379 2413 est
394 2376 442 2413 curin
457 2376 557 2426 operarias
573 2377 658 2415 mercede
668 2388 717 2424 sato,¹
741 2382 774 2426 et,
795 2374 873 2428 Sufficit
897 2386 956 2416 Manu.

88 2445 176 2496 operario
192 2444 302 2482 olrincntcm
321 2456 382 2482 surim.
421 2439 486 2496 Quam
506 2442 588 2483 eandem
606 2442 631 2484 ob
649 2457 739 2484 caussam
758 2443 871 2498 pastoribus
880 2422 921 2483 oll'
926 2423 967 2491 ulla

89 2525 124 2566 pro
140 2510 250 2551 incredibili
268 2511 355 2566 ipsorum
374 2510 393 2551 in
410 2510 544 2565 gubernandis
564 2511 641 2566 populis
663 2506 792 2568 occupatione
812 2490 976 2569 atquel'Tm’s‘

88 2578 224 2621 ecclesiastica
237 2578 377 2634 procuratione
390 2578 579 2634 aduiinistraudique
594 2580 662 2622 labore
674 2587 770 2637 perpetuo
785 2581 873 2624 divinum

88 2648 126 2689 ltoc
137 2647 237 2689 oraculum
249 2647 320 2688 edicit:
345 2650 391 2699 (luis
404 2662 484 2701 gregem
493 2651 568 2701 pascit,
579 2656 610 2688 el
622 2651 676 2690 t'lltics
689 2652 739 2690 lacte
749 2666 787 2691 non
797 2653 967 2700 alitur?1.cor.a‚a.

90 2719 136 2768 (luis
145 2719 317 2770 plunlotctireum,
334 2718 405 2756 cretos
414 2718 482 2770 fracta
494 2719 641 2757 rronocrcr'tnr?
671 2716 761 2770 Deinde,
783 2722 870 2773 Operum,

88 2784 164 2840 inquit,
185 2787 401 2836 natantemogrttolcm
414 2793 458 2825 onte
472 2800 535 2825 omncs
545 2800 583 2838 pur
595 2788 711 2839 cstftuctus
723 2790 790 2837 edere5
813 2796 872 2830 utne

89 2854 240 2909 presbyteratu,
264 2853 295 2894 vel
312 2854 426 2909 episcopum
439 2853 553 2908 quotidiano
566 2853 611 2895 cibo
622 2855 743 2910 indigentem
755 2855 870 2898 constituat.

89 2918 122 2962 (lb
133 2922 152 2962 it
163 2922 245 2977 populos
257 2921 382 2971 adhortatur,
399 2929 482 2976 atquae
496 2922 519 2963 ad
532 2922 613 2963 alendos
625 2925 740 2965 sacerdotes
756 2925 872 2967 necessaria

89 2995 135 3030 sont
148 2990 261 3031 iustissimis
274 2989 315 3031 suis
332 2989 432 3031 laboribus
447 2990 536 3045 quaesita
549 2991 686 3047 suppeditent,
710 2992 818 3035 offerendis
831 2993 872 3050 pri-

112 3079 150 3111 Ωιι.
164 3080 184 3114 V.
203 3099 225 3106 -
254 3081 268 3117 l,
287 3078 336 3125 λόγον
351 3082 469 3116 rescribendum
479 3091 511 3116 esse
518 3083 563 3132 *nteit
574 3083 655 3119 Potentes.
