1988 3392
184 241 277 276 PANARII
289 242 333 275 tta.
341 242 370 275 lll.
383 242 438 276 TOM.
446 244 468 276 tt.
479 243 558 276 EXPOS.
573 242 617 276 Flu.
630 241 726 276 GATHOL.
806 232 848 274 507

67 329 156 384 petrant,
178 329 198 363 et
210 322 242 378 qui
254 322 326 379 stupidi
340 322 478 378 desperatique
493 330 546 366 suut.
578 321 668 378 Quorum
687 321 764 378 singula
781 335 850 379 perse-

67 393 98 452 qui
111 399 131 433 et
143 390 243 434 horrenda
255 391 345 433 facinora
358 405 515 433 commemorare
531 404 704 448 supervacaneum
715 397 736 431 et
747 390 849 446 indignum

66 460 144 521 putaviq
165 466 221 502 tauta
233 466 265 502 est
278 459 362 501 istorum
378 458 478 501 bominum
493 460 592 516 nequitiae
607 459 766 516 flagitiorumque
780 474 849 502 corru-

67 531 126 590 ptela.
157 526 210 570 Nam
220 529 240 570 in
251 527 319 571 bledla
331 542 409 571 rursum
421 535 459 570 sex
471 543 516 572 esse
527 530 618 573 teruntur
626 537 695 574 sectae
706 543 717 569 a
729 528 848 572 seinvicem

67 601 164 644 diversae.
196 596 218 640 ln
229 594 337 655 Aethiopia
348 612 398 641 vero
410 612 433 639 ac
443 596 540 650 Perside,
559 597 653 652 Parthia,
669 597 789 650 Elamitidc,
810 595 849 640 Ca·

67 670 121 727 spia,
145 665 265 719 Germania,
290 665 392 710 Sarmatia
412 668 462 723 apud
483 666 579 720 DauuoS,
604 667 702 720 Zicebos,
724 666 848 719 Amazonas,

66 738 145 788 Lazos,
162 734 244 788 Iberos,
261 734 417 793 Bosphmanos,
435 734 509 789 Gelos,
526 735 601 790 Seras,
618 738 706 793 aliasque
718 744 800 792 gentes,
821 736 850 777 le-

66 821 111 863 gum
122 819 146 846 ac
157 811 256 846 sectarum
269 812 289 845 et
300 805 411 846 haereseon
423 819 446 845 ae
458 805 558 847 variorum
575 805 710 847 institutorum
726 805 803 846 infinita
815 819 850 860 ge-

67 888 115 917 nera
126 879 180 915 suut.
211 871 305 928 Exempli
317 886 388 914 caussa
401 873 451 928 apud
464 871 526 915 Seras
538 874 576 915 viri
589 873 670 928 capillos
681 874 808 929 intorquent,
825 887 849 914 ac

68 941 119 984 donni
136 940 238 993 resident,
261 941 367 996 unguentis
384 940 465 982 delibuti
481 956 504 983 ac
522 941 613 983 muliebri
629 942 684 983 cultu
700 942 847 996 lenocinioque,

67 1025 105 1066 quo
117 1009 213 1051 uxoribus
226 1009 329 1066 placeant,
346 1008 437 1065 expoliti.
468 1007 486 1049 lt
499 1010 600 1050 contrario
611 1009 696 1050 feminae
707 1016 765 1050 tonso
776 1010 848 1064 capite,
865 1051 867 1054 ,

67 1093 90 1120 ae
105 1077 158 1119 virili
175 1076 254 1132 cingulo
269 1076 396 1133 praecinctae
414 1076 556 1131 agriculturam
573 1084 679 1118 exercent.
710 1077 769 1132 Apud
787 1075 850 1118 Gelos

67 1159 162 1203 perversa
172 1145 263 1197 ratione,
287 1144 320 1200 qui
336 1144 388 1186 mala
401 1151 516 1200 perpetrant
527 1144 551 1185 ab
562 1145 610 1201 ipsis
622 1145 699 1200 legibus
712 1145 851 1186 commendau-

66 1223 106 1257 tur.
137 1211 178 1256 lam
192 1214 242 1271 apud
256 1212 348 1256 Graecos
364 1227 422 1269 quam
435 1213 495 1255 multa
507 1213 603 1270 mysteria
615 1213 780 1270 ceremoniasque
792 1213 849 1255 suut!

68 1282 183 1326 Cuiusmodi
195 1289 242 1325 sunt
254 1281 357 1338 Megarica
370 1282 474 1324 mulierum
487 1296 556 1334 sacra,
573 1282 744 1339 Thesmophoria3
766 1296 850 1339 quorum
905 1319 907 1321 ,

67 1353 116 1395 ritus
127 1367 139 1394 a
149 1365 172 1394 sc
184 1359 251 1395 mutuo
262 1351 382 1409 discrepant.
414 1350 467 1394 'l'um
478 1351 593 1404 Eleusinia,
610 1353 691 1408 quaein
702 1351 798 1394 honorem
810 1349 850 1394 Ce-

67 1422 119 1465 reris
129 1436 153 1464 ae
165 1420 298 1479 Proserpinae
314 1421 453 1474 celebrantur,
477 1428 497 1463 et
513 1435 563 1477 quae
579 1421 620 1464 illic
631 1421 653 1463 in
663 1422 798 1479 penetralibus
815 1421 850 1463 ob-

68 1506 141 1535 seoena
156 1491 252 1535 committi
263 1492 340 1544 solent,
362 1492 418 1534 velut
433 1506 477 1533 cnm
492 1490 585 1533 mulieres
599 1491 734 1543 denudantur,
755 1499 777 1533 ut
789 1491 851 1533 houe-

68 1561 237 1604 stissimedieam.
269 1559 348 1617 Quibus
359 1561 456 1603 accedunt
468 1568 573 1618 tympana,
595 1560 646 1613 liba,
668 1560 776 1613 rhombus,
799 1560 851 1603 cala·

69 1630 127 1683 thus,
148 1630 271 1682 labefacta,
293 1630 415 1687 cymbalum,
438 1630 509 1672 ciunus
521 1629 541 1671 iu
552 1630 622 1686 poculo
633 1637 762 1687 temperatus.
793 1629 851 1671 Adde

4 1686 8 1693 .
70 1707 89 1741 et
100 1697 184 1756 Pythia,
201 1699 282 1756 quaein
295 1699 391 1741 bonorem
401 1698 533 1751 Archemori,
550 1706 569 1740 et
581 1697 675 1752 lstbmia,
692 1713 743 1755 quae
755 1698 776 1740 iu
788 1697 852 1741 Atha-

70 1769 141 1810 mantis
154 1775 174 1809 et
185 1767 303 1811 Melicertae
314 1768 363 1810 lnus
380 1768 413 1809 lilii
426 1767 541 1809 memoriam
554 1767 675 1810 indicuntur.
707 1767 760 1810 Tum
772 1768 851 1823 eosqui

69 1834 158 1879 Phallum
169 1837 323 1891 circumferunt,
339 1850 428 1893 quaeque
438 1834 532 1892 Priapeia
541 1850 598 1878 sacra
609 1836 721 1892 turpissima
731 1850 754 1878 ac
766 1836 852 1893 flagitio-

70 1905 148 1948 sissima
165 1907 300 1963 frequentant.
331 1905 364 1948 Ad
379 1905 428 1948 haec
443 1904 514 1947 Rheae
530 1905 617 1948 cultores
633 1906 700 1958 viros,
722 1906 755 1962 qui
769 1913 851 1948 teneros

69 1989 135 2017 mares
149 1982 257 2028 exsecant,
280 1983 300 2016 et
312 1975 377 2018 virilia
391 1974 480 2016 funditus
496 1982 609 2030 amputant,
630 1975 679 2016 adeo
696 1981 717 2015 ut
732 1988 797 2030 neque
812 1974 852 2016 viri

69 2044 152 2100 amplius
164 2058 210 2086 csse
222 2043 311 2100 possint,
332 2058 396 2099 neque
409 2043 503 2084 mulieres
520 2042 581 2084 sinta
595 2050 664 2085 natura
683 2043 737 2085 facti.
769 2042 821 2086 Sunt
832 2051 852 2084 et

69 2112 101 2153 alii
114 2111 244 2169 Dionysiam,
261 2112 294 2168 qui
306 2110 402 2155 Curetum
414 2111 477 2153 sacris
489 2119 509 2153 et
520 2112 609 2153 carnium
620 2111 713 2153 divisioni
725 2111 805 2153 initiare
818 2126 852 2159 so-
897 2102 899 2104 ¹

69 2179 123 2232 lent,
140 2181 231 2222 coronati
243 2180 381 2237 serpentibus,
402 2187 498 2231 ovantes,
520 2186 540 2220 et
551 2183 592 2220 Ouo
603 2195 640 2220 ouo
652 2181 797 2231 vociferantes,
814 2180 852 2221 boc

70 2255 100 2289 cst
111 2247 176 2291 Evam
188 2249 252 2300 illam,
276 2264 333 2304 quam
348 2261 432 2305 serpeus
447 2249 537 2304 decepit,
558 2248 687 2300 invocantes,
708 2248 751 2289 sive
765 2247 852 2304 aspirata

69 2329 119 2357 voce
133 2325 247 2373 serpentem
263 2316 363 2359 Hebraica
378 2317 445 2372 lingua
462 2318 486 2358 ad
502 2317 591 2358 fraudem
608 2330 664 2358 suam
681 2324 701 2358 et
715 2331 804 2358 errorem
816 2331 852 2358 vo-

70 2392 146 2427 cantes.
176 2384 230 2427 Nam
240 2384 285 2426 Eva
299 2386 316 2427 si
327 2385 383 2426 tenui
399 2385 470 2441 spiritu
485 2384 624 2439 pronuntietur
641 2385 732 2426 feminam
744 2384 851 2439 significat,

70 2451 100 2493 sin
115 2452 228 2509 aspiretur‚
244 2451 333 2495 Hebraei
349 2452 386 2494 hoc
401 2452 498 2494 vocabulo
513 2455 566 2492 Heca
580 2460 694 2507 serpentem
709 2452 831 2507 intelligunt.

125 2519 153 2562 Et
162 2520 213 2575 'quid
230 2519 302 2562 attinet
318 2520 375 2576 plura
390 2520 471 2561 dicere?
501 2519 590 2575 Tempus
606 2533 638 2560 me
652 2520 729 2561 deficiet
745 2519 762 2560 si
775 2520 852 2561 infinita
869 2530 912 2574 cap.
922 2530 956 2562 XI.

69 2584 103 2627 illa
114 2587 215 2629 bominum
229 2587 344 2629 discrimina
356 2588 377 2629 in
389 2595 491 2643 utramque
506 2594 594 2643 partem,
616 2587 654 2628 hoc
669 2595 700 2629 est
718 2586 813 2629 virtutem
829 2602 853 2629 ac

70 2676 106 2710 edit.
116 2681 168 2720 princ.
191 2675 298 2723 Μαλικέρτου
309 2680 366 2712 attium
380 2681 402 2712 est
413 2679 449 2713 edit.
473 2680 510 2713 ertit.
521 2680 576 2712 Pctoc.

70 2723 125 2758 Petou.
138 2726 192 2758 Coton.
202 2728 250 2766 repet.
497 2726 523 2760 11.
536 2724 583 2769 tutat
595 2726 641 2759 codd.
653 2736 690 2760 mss.
702 2729 772 2768 uterque.

92 2767 109 2802 9.
119 2766 164 2804 Ἰνοῦ
176 2772 210 2803 cod.
222 2770 288 2811 anemo.
497 2771 522 2805 12.
534 2768 620 2814 κουρήτας
634 2774 669 2805 eod.
679 2773 723 2815 lem,
740 2782 776 2805 cnut
786 2782 853 2805 rasurae

93 2812 208 2851 10.Petout'as
222 2818 312 2857 suspectus
324 2820 346 2851 est
360 2816 450 2860 φαλλίζου-
472 2819 554 2860 oesttpt'is,
571 2822 586 2851 et
602 2818 639 2851 edit.
653 2821 705 2860 prtoc.
728 2816 802 2863 κᾶρυτας
817 2820 852 2852 coel.

71 2869 109 2902 σαι,
120 2860 346 2905 contemnentem.
359 2864 450 2909 φαλλαγω-
472 2866 537 2907 amau.
739 2890 743 2892 -

70 2907 140 2950 potam,
156 2911 182 2942 oet
194 2909 333 2956 βασσαρίζουσαι.
355 2912 395 2943 mett
406 2912 450 2944 olde-
497 2911 523 2945 13.
536 2909 626 2955 κρεουομὶα
636 2913 671 2945 cod.
683 2913 749 2954 Rbedtp.

71 2953 117 2987 butue
143 2958 241 2990 retinendum
264 2966 296 2990 esse
318 2956 451 3001 φαλλαρίζουσαι
497 2955 523 2992 tt.
536 2959 561 2999 Cf.
572 2959 599 2990 Fr.
611 2959 670 2991 Franci
684 2958 777 3001 [Selacosa]
790 2958 852 2999 Consul.

71 2997 125 3041 (uerbo
141 3000 319 3047 ῇο1οαφαλλάριον,
340 3003 379 3035 lte.
394 3002 450 3035 minor
472 3005 567 3037 Animadvv.
578 3005 614 3036 Aut.
628 3005 702 3037 Gereoetti
711 3013 749 3044 pop.
761 3002 783 3037 82
790 3013 812 3045 sq.

70 3042 147 3088 phallus,
164 3044 320 3093 ὒποκορυστικῶς),
331 3050 355 3080 ott
366 3049 423 3090 tupiter
432 3051 449 3081 tu
496 3049 522 3083 15.
533 3045 552 3084 od
561 3043 612 3092 ρνοῆ
623 3051 696 3082 mendose
703 3054 788 3083 excretum
796 3051 853 3093 tepttcr

70 3091 105 3126 cod.
121 3093 153 3128 len.
170 3097 185 3126 ct
205 3096 230 3128 ed.
245 3097 297 3136 pecc.
326 3093 450 3141 φαλαρίζουσαι
470 3096 537 3130 incdit.
549 3096 603 3132 Petuv.
617 3096 729 3139 Galumrepet.
