1988 3392
114 197 155 240 138
402 206 609 252 εινοειανινιιινιι

112 280 166 343 όμᾶς
181 285 292 347 ἒπιγνῶμεν
308 288 373 342 ίδίους
388 285 457 341 όντας,
477 287 512 332 καί
523 283 550 344 μη
560 283 682 347 αίλλοτρίοας.
711 284 801 333 Δόναται
813 285 852 347 γιίρ
861 288 908 336 καί

114 355 242 413 δμοιοοόσιον
251 357 302 405 εἶναι
312 360 364 418 πρός
371 357 444 415 χρυσόν
453 357 532 413 χαλκός,
547 356 599 417 πρός
609 357 698 417 δι’ργυρον
707 361 830 416 κασσίτερος,
845 358 898 415 πρός

114 430 197 484 σίδηρον
210 425 332 485 όμόλιβδος.
360 425 408 470 Ἀλλ’
423 426 462 470 οὐκ
477 425 576 483 αίπατησει
590 426 645 483 ἡμᾶς
660 426 674 484 ἡ
687 424 762 482 έόμιδν
774 428 897 482 ἐπιτετηδευ-

115 497 164 550 μένη
178 497 213 539 καί
228 497 367 552 τετορνευμένη
385 498 532 549 μυθοπλαστία.
568 497 597 538 Εί
609 497 645 549 μέν
657 495 695 553 γοίρ
708 513 765 545 τινας
779 494 898 550 βουλόμενοι

114 561 217 617 αἰπατησοιι
229 566 326 620 βούλεσθε
343 563 455 616 προφάσεις
469 565 562 616 ψευδεῖς,
582 564 670 619 λέγοντες
682 562 724 614 ότι,
745 559 776 605 Οό
787 561 825 618 χρη
835 564 898 619 λέγειν

113 630 137 673 τδ
149 628 269 684 δμοοόσιον,
289 632 322 671 ἵνα
340 628 367 684 μη
382 627 510 684 ’συναλτφην
520 627 636 684 ποιήσωμεν
648 628 683 672 τόν
696 627 741 672 υίόν
752 627 804 686 πρός
815 630 898 686 πατέρα,

31 715 66 747 μς.
73 708 106 739 εει.
115 696 130 755 ἢ
140 696 162 743 τό
175 703 253 755 πνεῦμα
262 696 313 756 πρός
326 696 362 743 τόν
377 696 423 743 υίδν
434 698 468 742 καί
479 698 566 756 πατέρα,
584 697 618 742 καί
628 698 650 743 ἐν
661 697 726 761 τούτῳ
739 700 829 744 διέπεσεν
841 695 899 757 ὑμῶν

117 768 129 816 o‘
144 771 315 827 ἐπιτετηδευμένας
331 768 396 828 λόγος.
428 767 459 814 Οιί
470 768 508 828 γδρ
525 771 607 826 είπομεν
621 768 744 826 δμαοόσιον,
766 768 807 815 ἀλλ’
824 768 898 826 όμοοό·

116 854 169 893 σιον,
184 842 218 883 ἵνα
226 840 289 894 μηδὲν
299 844 336 883 τοῦ
349 838 426 896 πατρός
436 840 599 896 παρηλλαγμένον
610 837 772 897 όμολογήσστμεν,
788 839 837 883 ἄλλοί
848 838 899 884 θεόν

115 907 177 958 όνταις
188 909 210 951 ἐκ
220 912 273 951 θεοῦ
285 909 439 965 γεγεννημένον,
454 909 489 950 καὶ
500 907 540 952 οὐκ
550 907 669 962 ἀλλαχόθεν,
685 908 733 950 οὐδὲ
743 909 764 959 ἕξ
778 907 816 951 οὐκ
827 905 898 961 όντων,

115 974 164 1018 όιλλαί
179 975 256 1031 πατρός
271 974 396 1029 προελθόντα
406 973 496 1031 όχρόνοις
507 977 542 1018 καί
552 974 644 1031 όιναίργως
656 977 691 1018 καὶ
706 973 853 1031 αίνετιδιηγὴτοτς
868 991 900 1031 γε·

114 1043 244 1100 γεννημένον,
259 1040 292 1085 αίεί
304 1042 353 1085 όντα
364 1041 415 1098 πρός
426 1041 460 1085 τόν
473 1043 554 1098 πατέρα,
569 1044 604 1085 καί
615 1043 715 1097 μηδέποτε
728 1045 852 1086 διαλείποντα
863 1046 899 1086 τοῦ

115 1108 176 1164 εἶναι,
197 1109 410 1170 ἆλλδγεγιννημένον,
431 1107 457 1154 on}
470 1109 604 1166 συναίδελφον,
625 1108 650 1155 οιί
661 1110 785 1170 προπάτορα.
817 1109 844 1156 Τό
860 1109 898 1172 γοίρ

114 1179 178 1238 Ὁμοῦ
188 1181 226 1228 δόο
236 1182 271 1239 μέν
281 1179 412 1227 όποστοίσειίν
422 1182 463 1226 ἔστι
472 1179 605 1238 σημαντικόν,
621 1181 660 1227 οιίκ
675 1181 782 1241 οίλλοτρίαν
793 1187 818 1243 τῇ
830 1181 899 1239 φόσει·

116 1252 147 1296 διδ
160 1250 292 1306 όσιίνδεσμος
307 1256 343 1306 τῆς
358 1251 455 1305 αἰληθείας
470 1253 492 1295 ἔν
507 1253 572 1309 τούτῳ
585 1253 607 1295 ἐκ
620 1257 657 1295 τοῦ
669 1251 783 1306 πνεύματος
793 1257 829 1295 τοῦ
840 1251 900 1309 αἱγίον

116 1319 254 1378 ᾠκονόμηται,
274 1322 296 1363 έν
310 1318 393 1374 στόματι
409 1323 450 1362 τῶν
465 1323 525 1361 τοῦτο
542 1320 662 1373 ἐνθεμένων.
693 1322 735 1362 Καὶ
751 1318 803 1378 δρᾷς
815 1319 846 1362 ότι
860 1319 899 1363 οιίκ

115 1387 170 1430 ἔσται
186 1400 218 1429 σοι
234 1386 347 1441 πρόφασις,
367 1384 415 1429 οιίδὲ
428 1385 512 1429 δύνασαι
530 1385 582 1429 noto}
599 1391 635 1440 τῆς
651 1386 773 1443 όρθοδοξίας
786 1387 850 1443 λέγειν
864 1389 900 1430 καί

115 1452 197 1510 πτόρειν
212 1452 260 1503 τοδς
276 1453 331 1511 παραὶ
348 1458 385 1496 σοῦ
399 1451 436 1507 την
452 1451 516 1508 οίκοηυ
530 1458 567 1496 τοῦ
582 1455 774 1510 παραπεποιημένου
786 1468 823 1498 σου
838 1453 900 1512 λόγου

116 1523 300 1581 παραδεχομένους,
321 1521 352 1567 ότι
363 1519 398 1566 ἐόν
408 1539 438 1574 τις
446 1523 493 1584 είπη
506 1520 528 1567 τό
538 1519 659 1579 όμοοόσιον,
681 1520 812 1581 4συναλιφην
826 1519 901 1581 αίμολό-

115 1609 182 1654 γησεν.
199 1593 271 1639 Οὐκέτι
284 1592 322 1651 γδρ
334 1595 389 1639 ἔσται
399 1598 464 1639 τοῦτο.
484 1591 534 1638 'Ano
545 1593 583 1652 γδρ
595 1597 632 1638 του
642 1592 762 1651 Ὁμοοιίσιον
773 1595 899 1652 σημανθήσε·

117 1682 148 1707 ται
159 1664 209 1716 διίο,
228 1665 263 1707 καί
276 1664 317 1708 αἰπό
329 1669 366 1707 τοῦ
378 1662 488 1718 όμοουσίου
501 1663 640 1718 δηλωθήσεται
652 1662 690 1707 οιίιι
701 1663 805 1721 αἰλλότριον
820 1662 843 1707 τό
858 1665 901 1720 γέν-

116 1749 170 1786 νημα
181 1731 233 1788 πρός
242 1730 277 1774 τόν
288 1732 363 1787 πατέρα
373 1729 470 1787 ιίποίργον.
499 1731 532 1773 Σδ
540 1732 562 1773 δὲ
571 1731 730 1785 έπιπλασόμενος
741 1730 763 1774 τό
773 1730 902 1785 Ὁμοιοιίσιον

117 1798 152 1842 διαί
168 1799 203 1853 μέν
213 1804 251 1841 τοῦ
265 1797 364 1852 όνόματος
372 1803 408 1855 τῆς
419 1799 490 1847 οὐσίας
501 1797 621 1858 έλεγγθήση,
641 1796 675 1840 διαί
688 1799 710 1841 δὲ
720 1803 756 1852 τῆς
764 1799 901 1855 παρηλλαγμέ·

117 1884 153 1921 νης
170 1864 277 1923 ὁμολογίας
292 1865 444 1925 κατακριθήση,
467 1863 503 1921 οιίγ
518 1864 531 1908 δί
546 1867 608 1923 λέγεις
620 1869 714 1922 φρονῶν,
734 1864 772 1909 ἀλλ’
791 1865 804 1909 δί
819 1872 901 1922 φρονεῖς

117 1936 313 1995 παραπεποτημένας
322 1934 427 1981 διδάσκων.
452 1936 481 1980 Ei
491 1933 529 1995 γιίρ
540 1933 592 1988 ίίλως
603 1933 640 1981 oon
651 1936 704 1980 ἔστιν
714 1936 735 1989 ἐξ
747 1934 818 1990 αὐτοῦ,
831 1934 902 1992 όμοιος

118 2008 140 2052 δὲ
150 2006 205 2067 αὐτῷ
219 2009 270 2062 ἐστι,
285 2006 336 2051 πολιί
348 2005 463 2062 ἀφέστηκας
473 2011 509 2063 τῆς
518 2004 619 2062 τίληθείας.
648 2004 740 2058 Ὁποίτιις
749 2005 787 2064 γοίρ
798 2005 855 2059 ὅλαις
865 2005 902 2052 τόν

118 2077 278 2131 ἐκτυπούμενον,
294 2080 314 2119 εἰ’
321 2095 350 2126 τις
362 2076 388 2119 δίν
397 2077 454 2119 θέλοι
467 2075 647 2129 ὅδιακοσμησετεν,
664 2074 704 2118 οὐκ
715 2073 741 2117 δν
752 2077 796 2118 ἴσον
805 2080 833 2133 τῷ
846 2077 902 2119 ἔκτυ-

117 2146 212 2203 πουμένρτ
229 2143 386 2187 κατασκευάσειε.
417 2144 459 2185 Καὶ
474 2142 512 2199 γδρ
529 2144 564 2185 καὶ
580 2147 705 2196 κατασκευῆς
720 2140 743 2184 τό
757 2143 826 2197 ἔργον·
840 2141 863 2185 κδ
879 2142 901 2185 δέ

117 2211 241 2269 γεννώμενον
260 2213 282 2254 έκ
298 2216 335 2254 τοῦ
351 2227 406 2260 τινος
416 2210 481 2253 έκεῖνο
492 2208 544 2265 πρός
555 2208 578 2252 τό
592 2210 649 2266 γένος
659 2208 682 2251 τό
697 2208 770 2263 όμοιου
779 2209 812 2251 καί
824 2206 847 2251 τό
858 2211 902 2252 ἴσον

117 2285 153 2335 τῆς
164 2278 294 2337 γνηστότητος
309 2277 408 2330 ἀποσώζει
424 2275 482 2328 εἶδος.
513 2279 542 2321 Εἰ
551 2279 620 2321 τοίνυν
632 2275 671 2321 οόκ
682 2278 703 2330 ἐξ
713 2276 777 2321 norm)
789 2277 903 2335 γεγέννηται

119 2356 155 2395 τοῦ
165 2349 241 2409 πατρός
251 2347 264 2393 δ
274 2348 331 2404 υίδς,
346 2347 403 2401 ἐκτός
412 2348 434 2393 δὲ
443 2346 506 2393 αότοῧ
516 2350 554 2405 είη,
569 2345 699 2405 όμοιοοιίσιος
711 2343 797 2407 δέ’παρτί
808 2349 841 2393 σοί
851 2348 903 2394 κατιί

119 2420 177 2479 χόρια
187 2421 313 2477 λεχθήσεται,
328 2417 387 2464 οόδὲν
398 2417 453 2479 αὐτῷ
463 2411 562 2471 δέδωκας,
583 2417 623 2463 ἄλλ’
634 2420 727 2471 ε’ξέπεσας
736 2423 772 2474 τῆς
781 2417 828 2476 παρ’
840 2418 903 2464 αιίτοιί

120 2489 205 2546 χάριτος.
235 2488 259 2531 ‘0
270 2488 308 2545 γιίρ
319 2488 347 2543 μή
357 2493 420 2543 τιμῶν
430 2486 466 2530 τόν
479 2487 525 2531 υίόν
536 2486 564 2536 τίς
573 2492 622 2547 τιμᾷ
633 2486 668 2529 τδν
677 2488 763 2542 πατέρα,
778 2486 792 2541 ἡ
803 2485 854 2544 όργη
865 2492 903 2530 τοῦ

119 2561 173 2600 θεοῦ
186 2558 240 2610 μένει
256 2554 287 2599 ἐπ’
300 2554 371 2608 αὐτόν,
392 2554 472 2610 όόίγιος
487 2552 599 2603 υίπόστολός
614 2568 670 2608 φησι.
704 2555 746 2596 Καί
762 2553 833 2606 πάλιν,
849 2553 903 2610 Ἐγοί

120 2626 143 2668 ἐκ
153 2628 189 2667 τοῦ
203 2622 279 2680 πατρός
294 2624 388 2677 ἐξῆλθον,
408 2621 507 2676 καίῆαοτ,
529 2620 627 2677 όφησας,
647 2619 697 2679 Ἐγιδ
709 2623 769 2681 έυτρῖ
780 2622 841 2678 πατρί
854 2623 904 2665 οκαί

120 2691 209 2752 δπατηρ
226 2693 247 2737 ἒν
263 2692 318 2749 ἐμοί,
340 2688 439 2751 όλέγων,
463 2693 562 2745 Φίλιππε,
584 2688 707 2751 δέωρακιίς
722 2690 757 2750 ἐμὲ
775 2689 851 2751 έιίρακε
868 2689 904 2737 τδν

120 2766 202 2824 πατέρα.

143 2849 159 2884 2.
170 2847 221 2893 η’μῶν
230 2850 267 2882 odil.
280 2848 336 2882 Ρτλου.
348 2848 401 2881 Coton.
412 2851 462 2889 νιριί.
548 2846 564 2881 4.
577 2845 679 2891 συναλοιφὴν
690 2848 727 2881 edit.
739 2848 795 2880 Ρείου.

143 2896 160 2929 3.
173 2891 501 2938 ανταλιφήνεδ.μτι’πο.,περιίδοιεν,
547 2893 600 2926 5-1ιο
613 2896 677 2927 coniecit
687 2893 768 2926 Ραλαυίαο.
792 2893 837 2925 Libri
847 2893 904 2925 λαδττιί

121 2943 214 2973 constanter.
244 2940 269 2979 Of.
283 2935 398 2978 naer.57,4.
414 2939 453 2978 10„
472 2936 501 2977 62,
525 2934 654 2980 διακοσμήσειν.

121 2985 138 3017 3.
144 2986 160 3017 5.
167 2983 184 3017 6.
189 2984 212 3024 7.,
223 2982 252 3025 69,
260 2982 296 3023 33,
306 2981 335 3023 72,
343 2980 365 3022 1.,
370 2979 398 3022 λλ,
405 2981 439 3022 λλ,
444 2980 473 3022 76,
478 2979 502 3021 6,,
546 2980 563 3014 6.
575 2981 605 3016 καλ
616 2984 670 3015 omiss.
681 2983 699 3015 in
710 2982 734 3013 εδ.
746 2982 802 3015 Poeno.
816 2982 869 3016 cnon
879 2990 905 3014 τιι

121 3032 136 3061 ιι
149 3038 188 3069 γαρ,
201 3025 240 3062 940.
257 3032 272 3061 ιι
282 3024 321 3062 964.
346 3024 448 3074 συναλοιφὴν
464 3026 501 3060 odit.
523 3027 577 3068 potito.

123 3075 180 3113 Ριταυ.
