1988 3392
167 208 210 251 582
455 217 667 253 εοαοτιαοιοαιαιι

166 294 237 345 καθοίς
251 293 370 350 Ῑῒήδῦνατο
381 293 469 340 οἰκοῦσαι
481 301 518 352 τής
529 301 599 352 φωνῆς
612 295 687 351 αὐτοῦ,
703 294 731 347 οίς
739 297 820 353 ,ἔχω’ρει·
837 295 864 347 οἷς
875 296 897 340 έν
907 297 952 341 στό-

167 382 215 420 ματι
224 368 261 407 τοῦ
271 361 355 408 Ἡσαΐου
366 366 437 421 έλεγεν,
450 364 516 418 Ἰδοῦ,
531 365 612 420 συνήσει
624 364 636 409 6
647 372 695 417 παῖς
706 384 745 420 μου
757 363 769 409 6
779 363 882 423 ιλγαπητδς
891 370 951 410 τοῦτο

168 432 228 488 φωνή
239 432 325 491 πατρός·
346 435 383 486 καὶ,
398 432 426 484 τίς
444 432 553 490 όΔανιήλ,
576 432 671 478 1δΕἷδον
682 434 718 478 τόν
728 433 815 478 παλαιόν
832 432 951 490 19ήμερῦν·

169 507 229 545 τοῦτο
241 502 327 545 ὀπτασία
337 507 374 545 τοῦ
384 502 470 560 πατρός·
486 501 514 554 τίς
525 504 547 546 δὲ
557 505 578 547 έν
588 507 617 562 τῷ
626 502 721 564 προφήτῃ
731 502 798 556 πόλιν,
810 501 865 560 Ἐγολ
875 500 954 560 δράσεις

170 570 285 626 έπλήθυνα,
306 572 340 613 καὶ
352 572 372 614 έν
384 573 437 627 χερσί
452 577 564 629 προφητῶν
576 570 697 627 σίμοιοίθην·
712 576 771 615 τοῦτο
783 570 842 626 φωνή
853 574 911 615 υἱοῦ
927 571 954 624 ὥς

170 639 192 682 δὲ
202 641 223 682 έν
236 638 365 693 20Ἐζεκιήλ,
388 642 430 682 Καὶ
445 642 503 696 ἔλαβέ
517 657 541 695 με
552 645 631 695 πνεῦμα
642 646 704 693 θεοῦ,
719 642 755 684 καί
765 642 843 696 ἐξέβαλέ
854 657 878 695 με
889 641 917 690 εἰς
931 639 954 685 τό

170 710 249 751 πεδίον·
264 712 323 751 τοῦτο
334 709 381 764 περὶ
392 712 429 751 τοῦ
440 707 498 766 ολγίου
508 708 626 763 πνεύματος.
657 712 698 753 Καὶ
708 708 771 753 πολλοὶ
782 711 822 753 έστι
831 713 914 752 τοιαῦτα
923 711 953 753 λε’-

171 792 221 833 γειν,
241 770 271 818 οῦν
285 774 388 832 Μὀλίγων
403 775 445 819 ῦπό
459 779 533 834 μέρους
544 775 707 833 ὑπομνησθέντες
722 780 743 821 έν
754 780 875 837 παραδρομῇ
890 779 918 827 είς
931 777 953 821 τό

171 846 234 895 δεῖξαι
246 843 281 888 τόν
294 850 408 902 χαρακτῆρα
418 850 454 900 τής
465 847 568 901 ἐκκλησίας
579 845 604 889 τολ
615 845 653 889 δόο
665 846 745 902 ῥήματα
754 848 896 902 παρεθέμεθα,
918 864 954 901 μυ.

172 914 222 969 ρίων
231 911 296 956 όντων
304 916 338 957 καί
349 915 439 958 ἐπέκεινα
451 919 519 958 22τῶν
529 913 605 970 όμοίων
615 913 693 965 τοῦτοις
702 916 724 958 έν
732 920 777 964 ταῖς
785 918 852 965 θείαις
859 921 955 972 γραφαῖς,

172 986 259 1032 παλαιῦς
270 999 291 1025 τε
303 984 338 1026 καὶ
350 988 422 1038 καινῆς
434 983 546 1039 διαθήκης,
562 984 709 1040 ἐμφερομένων.
739 984 781 1026 Καὶ
794 982 826 1026 ότι
839 981 900 1034 αῦτός
911 981 955 1027 ²³6

172 1048 244 1105 κύριος
253 1052 325 1094 ἔπλασε
334 1049 356 1094 τό
368 1056 425 1106 σῶμα
435 1056 462 1110 τῷ
471 1050 540 1107 Ἀδιλμ,
555 1053 589 1095 καί
600 1052 715 1095 ἐνέπνευσεν
727 1050 813 1111 Μαὐτῷ
824 1050 888 1107 πνοήν
898 1056 956 1106 ζωῆς,
992 1045 993 1049 ¹

173 1121 241 1168 κτίσας
251 1119 306 1178 αῦτῷ
314 1118 383 1175 ψυχήν
392 1124 462 1172 ζῶσαν,
476 1122 511 1163 καλ
522 1119 554 1163 ότι
564 1120 625 1170 αῦτός
636 1121 711 1163 δέδωκε
719 1119 754 1163 τόν
763 1119 828 1175 νόμον
837 1124 865 1179 τῷ
875 1123 957 1180 Μωϋσῇ

174 1183 187 1229 6
196 1185 252 1239 θεός,
267 1187 341 1243 πατήρ,
354 1193 378 1217 ²⁵
385 1187 430 1238 υίός
442 1189 475 1230 καί
486 1187 544 1245 λοίγιον
553 1193 636 1242 πνεῦμα,
652 1190 687 1242 μία
696 1187 776 1242 θεότης,
791 1189 825 1230 καί
835 1188 865 1231 ι’ίτι
876 1190 898 1231 οἱ
907 1206 957 1242 προ-

173 1260 236 1308 φῆται
253 1253 294 1298 ῦπό
310 1261 346 1310 τής
360 1256 424 1311 αῦτής
440 1255 538 1311 θεότητος
554 1254 701 1310 οἷπεστόιλησαν,
722 1257 757 1299 καὶ
768 1255 800 1299 ότι
811 1254 872 1306 αῦτός
886 1254 958 1311 ήμῖνό

173 1321 224 1373 θεός
235 1322 247 1366 6
260 1322 367 1368 Ἰουδαίων
378 1342 398 1367 τε
409 1326 443 1367 καὶ
460 1329 586 1380 Χριστιανῶν
599 1323 628 1367 ολν
640 1322 700 1376 θεός,
719 1322 833 1375 Ἰουδαίους
844 1326 959 1375 26καλέσας

174 1393 203 1441 εἰς
219 1395 335 1445 δικαίωσιν,
357 1392 405 1443 τοῦς
422 1392 450 1448 μή
466 1392 603 1449 οίρνουμένονς
619 1391 656 1447 τήν
673 1397 711 1436 τοῦ
726 1395 799 1448 κυρίου
818 1391 875 1447 ήμῶν
889 1392 960 1447 Ἰησοῦ

176 1463 265 1517 Χριστοῦ
275 1465 395 1517 παρουσίαν,
410 1463 444 1504 καὶ
454 1461 532 1512 ποίντας
543 1461 611 1514 σοίζων
621 1459 669 1511 τοῦς
680 1460 731 1504 κατολ
740 1460 777 1516 τήν
787 1459 887 1516 ἀληθινήν
897 1459 960 1504 αὐτοῦ

175 1531 242 1572 πίστιν
253 1531 359 1588 βιοῦντας,
381 1532 416 1573 καί
433 1530 461 1584 μή
473 1529 609 1586 οίρνουμένους
624 1528 661 1584 τήν
672 1529 771 1584 ἀλήθειαν
785 1534 822 1572 τοῦ
833 1528 960 1587 κηρύγματος

175 1602 211 1651 τής
227 1597 324 1652 ιἰλήθειας
336 1601 370 1642 καλ
383 1598 509 1655 εῦαγγελικής
522 1598 585 1641 αῦτοῦ
600 1600 734 1648 διδασκαλίας.
760 1593 824 1640 Ἦλθε
835 1596 884 1655 γὰρ,
899 1592 962 1652 ήλθεν

177 1663 189 1708 6
200 1665 321 1722 μονογενής·
335 1669 370 1710 καί
382 1666 446 1716 οὕτως
458 1668 496 1721 ἔχει
506 1665 520 1720 ή
530 1665 594 1722 μήτηρ
606 1665 663 1721 ήμῶν
676 1664 721 1721 27ή
730 1668 834 1721 ἐκκλησία,
856 1664 937 1721 όλιμήν
950 1664 962 1709 6

177 1732 244 1784 εῦδιος
252 1740 288 1790 τής
299 1735 386 1791 εἰρήνης,
399 1733 414 1790 ή
423 1735 524 1792 εῦφρασία
533 1733 548 1790 ή
557 1736 647 1778 πνέουσα
658 1733 720 1778 28τόν
730 1734 809 1790 κόπρον
818 1739 854 1790 τῆς
864 1733 960 1789 ἆμπέλου,

177 1803 212 1845 καὶ
227 1801 302 1859 βότρυν
312 1805 403 1859 φέρουσα
413 1802 462 1859 ήμῖν
477 1808 513 1857 τής
524 1803 626 1860 εὐλογίας,
645 1804 681 1846 καὶ
692 1802 715 1847 τό
727 1806 835 1846 λυσίπονον
846 1800 894 1858 ήμῖν
905 1801 962 1858 πόμα

176 1869 224 1914 καθ’
235 1871 320 1926 έκολστην
329 1870 413 1929 ήμέραν,
428 1870 478 1926 αἷμα
490 1876 579 1928 Χριστοῦ
589 1872 713 1929 χαριζομένη,
728 1869 822 1929 όίκρατον,
837 1872 918 1927 αἰληθές.

228 2143 275 2188 Ὅτι
292 2143 426 2200 θθολληθινοῑς
440 2144 540 2201 ἐγεννήθη
557 2142 600 2188 ³⁰6
615 2143 703 2201 Χριστός
714 2143 755 2188 ιἰπό
771 2147 856 2201 Μαρίας
871 2149 907 2200 τής
923 2143 963 2189 ολει-

178 2215 293 2270 παρθένου,
308 2213 342 2257 διδ
355 2213 468 2268 πνεύματος
483 2212 553 2269 α’γίου,
576 2214 616 2256 οῦκ
631 2212 673 2257 οἲπό
689 2214 802 2268 σπέρματος
817 2212 901 2269 ἀνδρός,
922 2212 963 2256 ἀλλ’

178 2281 213 2325 ἄπ’
225 2283 288 2338 αῦτής
305 2287 341 2337 τῆς
357 2279 415 2338 ολγίας
430 2283 536 2338 παρθένου
547 2280 615 2337 λαβσίν
627 2280 651 2325 τό
662 2286 720 2336 σῶμα
731 2283 753 2325 έν
765 2279 860 2339 ολληθείρι,
881 2283 915 2324 καί
926 2279 964 2325 οῦκ

93 2369 167 2407 γημας,
180 2353 202 2394 ἐν
212 2350 303 2406 δοκήσει,
324 2350 514 2407 σαίρκαῦληθινοῖς,
535 2354 592 2404 σῶμα
602 2348 714 2405 ολληθινῶς,
736 2348 773 2392 σῦν
786 2348 905 2401 σ’στέοιςκαλ
919 2349 963 2394 νεῦ-

180 2438 223 2476 ροις
232 2421 267 2464 καί
278 2425 326 2464 πῦσι
341 2426 384 2470 τοῖς
395 2419 506 2476 ήμετέροις,
522 2419 584 2474 μηδὲν
597 2417 630 2472 ἀφ’
642 2418 700 2474 ήμῶν
711 2419 859 2475 διηλλαγμένος,
874 2417 888 2473 ἢ
900 2419 963 2473 μόνον

179 2487 202 2531 τό
214 2490 295 2540 ένδοξον
306 2494 342 2543 τῆς
352 2487 415 2531 αῦτοῦ
426 2486 531 2544 ἁγιότητος
541 2488 576 2530 καὶ
586 2485 685 2543 θεότητος
695 2488 730 2530 καὶ
742 2486 827 2537 σκεόους
841 2485 962 2543 ολγιωσόνης,

180 2558 215 2600 καὶ
226 2557 370 2615 ῦναμαρτήτως
382 2556 406 2600 ιδ
419 2557 485 2600 πολντα
497 2559 574 2605 τελείως
584 2557 644 2611 έχων,
665 2557 700 2599 καὶ
715 2554 803 2611 ἒσχηκσλς
814 2554 883 2611 ψυχήν
896 2561 918 2588 ³¹
927 2555 964 2610 τήν

181 2626 314 2681 ἀνθρωπίνην
331 2629 353 2670 έν
367 2626 463 2684 ἀληθείᾳ,
484 2629 534 2667 νοῦν
545 2622 580 2667 τόν
591 2622 723 2682 οίνθροίπινον
735 2626 757 2668 ἒν
768 2623 863 2683 ἄληθείμ,
884 2621 921 2680 οῦχ
935 2622 963 2675 οίς

180 2693 239 2751 ήμῶν
253 2696 436 2752 διαβεβαιουμένων
448 2693 484 2737 τόν
497 2698 547 2736 νοῦν
563 2690 613 2736 εἶναι
624 2692 744 2737 ῦπόστασιν·
766 2692 846 2737 Μκατολ
861 2692 926 2736 πάντα
942 2693 964 2736 δὲ

205 2789 231 2824 17.
244 2786 315 2824 ἐδύνατο
324 2791 369 2822 codd.
380 2800 417 2823 mss.
433 2785 509 2833 η’διίνατο
518 2789 561 2821 editi.
606 2787 633 2822 23.
646 2785 656 2822 6
666 2789 743 2821 articulus
752 2788 852 2821 desideratur
862 2789 880 2821 ιἰι
889 2788 925 2821 edit.
932 2788 963 2822 Ρι-

205 2835 231 2870 18.
244 2832 289 2871 εἶδεν
301 2837 337 2868 κοιλ
349 2838 404 2868 Ρολου,
585 2837 618 2866 λου.

205 2880 231 2915 19.
243 2883 277 2916 τῶν
289 2877 359 2924 ἡμερῶν
370 2883 409 2928 αλιλ,Ι
418 2883 473 2915 Ρολαυ.
607 2876 634 2913 24.
647 2877 664 2914 ἐν
674 2874 722 2925 miro?
733 2880 769 2912 ιδίλ.
782 2880 838 2912 Ριίαυ.

204 2927 231 2962 20.
243 2924 329 2970 Ἰεζεκιὴλ
338 2928 374 2966 edit.
387 2929 442 2961 Ριλον.
606 2925 634 2959 25.
646 2924 676 2960 καλ
687 2924 725 2965 υἱὸς
736 2926 773 2958 edit.
787 2926 841 2958 ΡοίαυΙ

205 2973 232 3008 21.
245 2971 300 3017 ὀλίγον
310 2974 356 3006 codd.
365 2983 402 3006 mss.
414 2977 428 3006 et
439 2975 476 3007 edit.
487 2973 538 3014 princ.
606 2970 633 3005 26.
640 2971 714 3011 καλέσας
723 2971 747 3009 εἰς
754 2969 862 3016 δικαιοσύνην
869 2972 906 3004 edit.
912 2973 964 3013 μοίοο.

205 3019 233 3055 22.
244 3023 283 3060 ταῖς
290 3021 345 3054 vitiose
359 3021 396 3053 edic.
408 3022 463 3054 Ροίαυ,
471 3021 526 3053 Colon-
536 3028 561 3051 re·
583 3029 602 3053 τε
612 3016 686 3057 καλέσας
702 3017 727 3057 εἰς
738 3014 845 3061 δικαιοσύνην
855 3019 892 3051 edit.
902 3019 965 3057 Ριίου.,

180 3071 213 3112 μοι,
583 3066 638 3098 invitis
646 3066 691 3098 libris
701 3067 736 3098 υιλλ.
760 3063 835 3106 καλέσας
847 3062 872 3104 εἰς
882 3062 964 3100 δικαίοσιν
