1988 3392
147 224 189 267 770
454 232 528 267 INDEX
540 232 626 267 RERUM.

147 312 223 347 Platonis
239 311 287 345 locus
299 323 320 346 ex
331 312 422 347 Phaedone
434 312 456 346 de
468 313 529 347 mortis
549 313 645 358 Prophetae
654 313 723 347 Daridis
731 324 809 353 excessus
816 315 869 360 qualis
879 314 931 348 inerit

170 368 320 403 definitione580.
572 373 644 403 408.—
666 370 708 404 item
720 377 739 405 et
748 370 795 405 Pe'tri
805 371 823 405 in
834 371 877 406 actis
888 370 930 405 ibid.

146 427 338 461 Pneumatomachorum
346 426 420 461 haeresis
429 429 458 462 54.
467 427 528 461 ordine
549 427 645 472 Prophetae
655 426 762 462 Antiochiam
771 429 863 473 migrantes
873 428 930 462 lamen

170 482 295 528 septuagesima
303 490 363 528 quarta
373 486 442 517 886.—
463 483 496 529 ipsi
506 496 527 518 ex
572 484 723 519 nuntiarunttoe.

170 539 236 573 Arianis
246 547 265 573 et
275 540 364 574 catholicis
375 541 444 574 conflati
454 544 493 574 887.
505 560 527 568 -
550 541 647 586 Prophetae
657 541 697 575 olirn
704 543 801 583 necessarii,
811 543 843 577 sed
850 549 891 588 post
900 542 930 576 ad-

170 599 192 633 de
202 610 243 634 cera
258 598 293 631 fide
309 604 327 631 et
336 597 397 643 spiritu
413 598 496 643 quaedam
507 609 528 632 ex
574 606 643 632 ventum
660 598 724 633 Christi
740 607 836 640 cessarunt,
855 598 930 645 quamvis

169 659 256 690 Ancorato
269 654 359 699 Epiphanii
370 662 452 699 excerpta
463 657 502 688 888.
574 666 609 688 non
624 655 713 689 necessarii
726 662 784 690 tamen
794 667 830 690 non
840 655 931 701 spernendi

145 712 253 746 Paenitentia
260 711 312 757 lapsis
319 711 425 752 conceditur,
437 710 527 756 exemplis·
574 711 621 756 qnod
630 711 721 758 multiplici
731 712 841 747 similitudine
852 712 930 746 deelara-

169 780 202 814 que
217 780 257 803 vere
273 768 398 813 poenitentium
411 768 430 802 id
444 769 544 814 probatur'
575 775 602 802 tur
614 770 654 802 696.

169 828 209 859 500.
224 845 245 852 -
273 825 334 870 quibus
350 825 406 859 verbis
423 825 441 858 in
457 825 527 860 cantico
551 824 684 871 Prophetarum,
695 826 814 871 apostolorum
825 833 843 860 et
855 838 929 871 evange-

169 882 258 928 eleganter
272 882 374 928 depingatur
390 884 429 916 501.
442 901 463 909 -
487 889 528 928 post
573 882 650 917 listarum
665 882 754 918 consensio
769 883 788 918 in
799 896 838 919 vera
851 883 885 918 fide
897 884 930 918 tri-

168 948 243 975 mortem
253 939 370 986 poenitentiae
380 940 435 975 nullus
445 946 472 975 est
479 940 528 976 locus
574 941 633 976 nitatis
644 944 685 976 486.

169 1002 209 1035 502.
551 1000 648 1047 Prophetae
659 1000 696 1035 veri
707 1013 717 1035 a
729 1000 773 1036 laiso
790 1000 879 1036 discrimen
890 1003 930 1036 404.

146 1057 273 1093 Paenitentiam
290 1068 325 1091 non
344 1069 394 1092 unam
414 1058 452 1093 dari
468 1067 529 1093 contra
552 1058 648 1105 Prophetae
664 1060 690 1093 sni
701 1066 799 1106 compotes,
820 1066 839 1094 et
853 1071 873 1094 ea
888 1070 931 1105 quae

170 1117 264 1159 Nouatum,
276 1115 379 1162 sedsaepius
388 1116 452 1160 iterari,
463 1124 481 1150 et
491 1128 528 1151 esse
573 1116 651 1151 dicerent
665 1117 779 1163 intelligentes
793 1117 882 1152 vaticinati
891 1123 931 1152 sunt

169 1173 266 1208 hominibus
280 1173 392 1208 necessariam
408 1177 448 1210 493,
460 1194 483 1201 -
506 1175 529 1208 de
574 1177 614 1208 403.

171 1244 190 1266 ea
201 1231 295 1276 explicatur
310 1231 386 1279 apostoli
395 1231 443 1266 locus
453 1235 493 1266 494.
505 1252 528 1259 -
551 1233 654 1278 Prophetiae
674 1245 704 1267 eur
721 1235 821 1279 loquantur'
832 1232 853 1267 de
871 1232 930 1267 futuro

171 1300 200 1323 cnr
220 1288 292 1323 ecclesia
308 1288 432 1335 poenitentiam
448 1289 528 1330 admittat
573 1301 605 1335 per
615 1297 681 1336 tempus
692 1290 802 1335 praeteritum
813 1290 841 1325 vel
851 1301 931 1336 praesens

169 1346 210 1381 ibid.
574 1350 625 1383 1063.

147 1404 212 1438 Poetae
224 1404 297 1449 gentiles
311 1404 361 1439 initio
378 1416 449 1449 operum
464 1405 527 1448 Musas,
551 1404 670 1450 Prophetissae
682 1405 758 1439 Priscilla
773 1413 791 1439 et
803 1404 906 1445 Maximilla,
920 1416 930 1438 a

171 1460 263 1495 Christiani
268 1471 327 1503 verum
334 1461 414 1495 invocant
422 1462 472 1496 deum
480 1466 496 1496 2.
504 1482 525 1488 -
573 1464 637 1496 Ioanne
647 1462 665 1495 in
672 1462 775 1507 Apomlypsi
781 1462 879 1507 praedictae
890 1463 931 1495 456.

170 1518 245 1553 omnium
253 1530 310 1552 rerum
316 1518 387 1553 scientia
393 1518 427 1553 soli
436 1519 469 1553 deo
477 1531 526 1553 com·
550 1519 635 1564 Propheta
650 1519 668 1552 in
684 1519 738 1553 reteri
748 1526 852 1553 testamento
869 1517 931 1552 dicitur

169 1575 215 1621 petit
227 1578 243 1610 2.
573 1576 632 1610 ridens
643 1577 684 1610 405.

147 1632 251 1679 Polyantlria
259 1632 347 1679 sepulcra,
366 1640 437 1678 quaeet
449 1632 477 1666 ubi
488 1639 527 1667 sunt
550 1633 617 1668 Prnuici
633 1633 702 1667 nomine
720 1633 761 1678 quid
777 1633 891 1678 intelligatur,
912 1639 930 1666 et

170 1692 210 1725 132.

147 1747 250 1781 Pontificum
263 1747 377 1781 Romanorum
389 1758 441 1793 usque
451 1747 474 1781 ad
483 1747 526 1780 nni-

170 1811 226 1838 cetum
237 1804 321 1837 successio
333 1807 372 1837 107.

147 1861 256 1907 Porphyrius,
268 1860 323 1895 etalii
331 1861 403 1905 gentiles
415 1860 527 1906 evangelistas

170 1917 316 1963 reprehenderunt
327 1920 367 1952 429.

147 1975 245 2018 Putamrnris
254 1976 271 2009 in
280 1976 370 2010 Eusebium
381 1975 465 2010 libertatis
474 1975 527 2021 plena

172 2045 206 2068 vox
218 2036 257 2067 723.

147 2091 244 2126 Potestates
255 2104 265 2126 n
276 2092 309 2127 deo
317 2092 427 2134 constitutae,
439 2100 457 2126 et
467 2094 484 2126 in
496 2103 528 2126 eo-

171 2151 210 2185 dem
220 2162 273 2196 regno
284 2151 370 2185 stabilitae
380 2151 409 2185 itui
423 2158 480 2184 tamen
491 2150 529 2195 regi

171 2217 233 2254 parent
245 2211 285 2242 294.

147 2266 280 2311 Praeceptnrum
298 2278 409 2312 quorumnam
431 2266 527 2302 observatio

171 2324 194 2357 sit
205 2324 299 2358 necessaria
308 2327 347 2358 507.

148 2381 246 2427 Presbyteri
256 2382 293 2416 fieri
303 2394 338 2415 non
348 2389 419 2428 possunt
426 2382 499 2424 uxorati,
512 2388 530 2415 et

171 2440 194 2473 de
205 2439 303 2474 clericorum
313 2439 396 2474 caelibatu
404 2439 480 2474 notanda
490 2442 529 2473 406.

173 2516 195 2522 -
212 2509 242 2531 cur
257 2497 334 2531 nonnulli
349 2497 444 2543 presbyteri
460 2497 530 2542 aliisque

174 2556 193 2588 in
204 2554 291 2588 ordinibus
303 2554 392 2588 constituti
403 2555 465 2588 liberos
476 2554 530 2588 susei-

174 2612 223 2657 piant
235 2623 255 2646 ex
267 2611 346 2645 uxoribus
357 2611 398 2645 ibid.

148 2668 241 2714 Presbyter
252 2680 286 2702 non
298 2675 324 2701 est
337 2680 367 2714 par
377 2668 458 2713 episcopo
471 2629 542 2716 eontral

172 2726 240 2760 Aetium
253 2728 293 2759 906.

139 2779 232 2829 'Principia
244 2783 278 2817 dno
295 2782 344 2816 simul
365 2794 401 2816 esse
413 2794 448 2817 non
459 2789 530 2828 possunt

174 2843 213 2875 300.

150 2896 235 2942 Principia
252 2907 289 2930 esse
304 2896 353 2942 plura
368 2909 402 2930 non
417 2903 491 2941 possunt
508 2907 530 2930 ne

173 2966 224 2988 uuum
235 2954 307 2988 alterum
318 2953 395 2988 destruat
406 2956 445 2988 392.

149 3012 224 3046 Prii-atio
235 3011 295 3057 quibus
306 3011 356 3046 rebus
367 3011 437 3058 proprie
447 3010 531 3046 tribuatur
553 3010 693 3045 Ptolemnitarum
702 3008 782 3050 haeresis,
793 3020 837 3054 qnae
847 3014 874 3043 est
884 3007 932 3042 Xlll.

173 3072 212 3103 800.
541 3081 543 3120 y

572 1691 654 1725 Prunicae
667 1689 797 1735 pulchritudinis
807 1702 841 1725 vox
853 1689 894 1735 quid
906 1689 931 1723 si-

572 1747 641 1792 gnificet
653 1750 680 1781 te.

550 1804 612 1839 Psalmi
628 1807 656 1837 63.
675 1804 722 1838 locus
740 1804 834 1849 explicatur
851 1806 891 1837 57³.
908 1823 931 1830 —

573 1861 615 1894 item
626 1861 688 1895 Psalmi
700 1864 739 1895 123.
752 1861 836 1906 expositio
848 1860 890 1895 ibid.

550 1918 644 1953 Ptolemaei
658 1931 706 1953 error
716 1918 778 1963 impius
790 1917 833 1952 cirta
847 1918 890 1962 legis
899 1929 932 1951 au-

574 1984 640 2010 ctorem
654 1979 692 2009 221.
704 1995 729 2002 -
752 1975 786 2009 eius
797 1975 880 2010 refutatio
892 1978 932 2010 222.

574 2042 591 2068 et
601 2046 647 2080 seqq.
656 2054 677 2060 -
694 2045 737 2079 quae
746 2033 828 2068 confinxit
838 2033 860 2068 de
870 2033 932 2079 triper-

573 2092 607 2126 tita
615 2092 656 2137 legis
664 2091 747 2126 diuisione
753 2091 855 2126 refelluntur
866 2095 904 2126 224.
910 2112 933 2119 -

574 2149 693 2184 aPtolemaeo
709 2150 731 2183 de
745 2150 784 2194 iege
794 2149 819 2183 sic
835 2150 931 2184 disseritur:

574 2208 601 2242 lex
619 2208 674 2242 omnis
689 2207 773 2241 trifariam
791 2207 882 2242 distributa
897 2214 931 2249 est,

574 2278 616 2312 quae
626 2267 700 2311 quinque
716 2265 764 2299 libris
776 2265 841 2311 Moysis
852 2265 932 2299 contine-

574 2331 602 2358 tur
614 2327 653 2357 217.
666 2344 686 2349 -
711 2335 766 2369 neque
776 2335 787 2357 a
795 2323 833 2357 solo
843 2323 877 2357 deo
888 2335 930 2369 pro-

575 2382 633 2422 fecta,
651 2381 682 2415 sed
697 2381 760 2426 partim
771 2393 781 2415 a
793 2381 854 2428 Moyse
870 2381 932 2427 partim

575 2439 685 2474 asenioribus
695 2438 735 2473 ibid.
746 2457 768 2466 -
779 2439 807 2473 lex
812 2438 885 2484 coniugii
891 2450 933 2484 per-

575 2504 628 2542 petuo
638 2495 724 2530 retinendi
734 2503 760 2530 est
769 2507 779 2529 a
789 2495 832 2541 deo,
845 2495 933 2541 repudium

575 2567 586 2588 a
597 2555 658 2599 Moyse
671 2555 711 2587 218.
723 2572 746 2579 —
768 2564 825 2586 rursus
836 2552 864 2586 len
874 2565 884 2586 a
894 2552 932 2587 solo

575 2611 608 2645 deo
619 2611 698 2656 profecta
708 2610 726 2644 iu
738 2610 770 2643 tria
784 2609 859 2643 membra
869 2608 932 2643 diridi-

573 2675 602 2702 tur
611 2670 651 2703 219.
661 2687 683 2694 -
705 2667 733 2701 lex
743 2666 820 2711 decalogi
830 2665 883 2711 qualis
890 2665 932 2700 ibid.

576 2745 598 2752 -
610 2724 651 2770 quid
662 2724 680 2758 in
691 2723 745 2758 veteri
761 2723 799 2768 lege
812 2723 887 2757 Christus
897 2722 932 2756 im-

576 2781 648 2828 pleverit
657 2781 698 2815 ibid.
710 2799 733 2807 -
755 2780 798 2825 legis
807 2786 874 2825 partem
884 2779 933 2826 typi·

577 2851 614 2873 caut
623 2850 644 2872 ac
656 2837 766 2883 symbolicam
779 2836 888 2885 Christusad
898 2835 934 2881 spi·

576 2896 642 2930 ritalem
648 2906 716 2929 sensum
722 2893 814 2937 transtulit,
825 2900 893 2928 tantum
898 2904 933 2927 non

575 2951 644 2986 sustulit
655 2954 695 2986 220.

576 3074 616 3114 post
626 3066 771 3102 Christianismum
781 3069 820 3101 214.
828 3085 850 3093 -
868 3065 890 3100 ab
901 3075 932 3099 an-
