<?xml version="1.0" encoding="UTF-8"?>
<!DOCTYPE html PUBLIC "-//W3C//DTD XHTML 1.0 Transitional//EN"
    "http://www.w3.org/TR/xhtml1/DTD/xhtml1-transitional.dtd">
<html xmlns="http://www.w3.org/1999/xhtml" xml:lang="en" lang="en">
 <head>
  <title>
</title>
<meta http-equiv="Content-Type" content="text/html;charset=utf-8" />
  <meta name='ocr-system' content='tesseract 3.04.00' />
  <meta name='ocr-capabilities' content='ocr_page ocr_carea ocr_par ocr_line ocrx_word'/>
</head>
<body>
  <div class='ocr_page' id='page_1' title='image "./MN41650ucmf_1/MN41650ucmf_1_0052.png"; bbox 0 0 1988 3392; ppageno 0'>
   <div class='ocr_carea' id='block_1_1' title="bbox 166 194 667 238">
    <p class='ocr_par' dir='ltr' id='par_1_1' title="bbox 166 194 667 238">
     <span class='ocr_line' id='line_1_1' title="bbox 166 194 667 238; baseline 0.002 -1"><span class='ocrx_word' id='word_1_1' title='bbox 166 194 194 237; x_wconf 82' lang='lat'><strong><em>30</em></strong></span> <span class='ocrx_word' id='word_1_2' title='bbox 457 204 539 238; x_wconf 77' lang='grc' dir='ltr'><strong><em>ειιτοτι</em></strong></span> <span class='ocrx_word' id='word_1_3' title='bbox 550 203 667 238; x_wconf 75' lang='grc' dir='ltr'><strong><em>ανιειιινιι</em></strong></span> 
     </span>
    </p>
   </div>
   <div class='ocr_carea' id='block_1_2' title="bbox 86 277 954 1292">
    <p class='ocr_par' dir='ltr' id='par_1_2' title="bbox 167 277 953 675">
     <span class='ocr_line' id='line_1_2' title="bbox 167 277 952 339; baseline 0 -15"><span class='ocrx_word' id='word_1_4' title='bbox 167 296 227 337; x_wconf 89' lang='grc' dir='ltr'><strong><em>σομεν</em></strong></span> <span class='ocrx_word' id='word_1_5' title='bbox 244 283 295 326; x_wconf 73' lang='grc' dir='ltr'><strong><em>4καὶ</em></strong></span> <span class='ocrx_word' id='word_1_6' title='bbox 313 281 455 338; x_wconf 73' lang='grc' dir='ltr'><strong><em>νηστεάσομενς</em></strong></span> <span class='ocrx_word' id='word_1_7' title='bbox 485 277 554 332; x_wconf 74' lang='grc' dir='ltr'><strong><em>Αὖθις</em></strong></span> <span class='ocrx_word' id='word_1_8' title='bbox 570 281 639 326; x_wconf 79' lang='grc' dir='ltr'><strong><em>αἰτῶν</em></strong></span> <span class='ocrx_word' id='word_1_9' title='bbox 655 280 764 332; x_wconf 86' lang='grc' dir='ltr'><strong><em>άκοάοντες</em></strong></span> <span class='ocrx_word' id='word_1_10' title='bbox 780 282 802 324; x_wconf 82' lang='grc' dir='ltr'><strong><em>έν</em></strong></span> <span class='ocrx_word' id='word_1_11' title='bbox 818 284 843 339; x_wconf 79' lang='grc' dir='ltr'><strong><em>τῇ</em></strong></span> <span class='ocrx_word' id='word_1_12' title='bbox 857 280 952 332; x_wconf 84' lang='grc' dir='ltr'><strong><em>Διατάξει</em></strong></span> 
     </span>
     <span class='ocr_line' id='line_1_3' title="bbox 167 348 952 410; baseline -0.001 -18"><span class='ocrx_word' id='word_1_13' title='bbox 167 349 210 402; x_wconf 83' lang='grc' dir='ltr'><strong><em>ὅτι,</em></strong></span> <span class='ocrx_word' id='word_1_14' title='bbox 229 349 252 392; x_wconf 91' lang='grc' dir='ltr'><em>Ὁ</em></span> <span class='ocrx_word' id='word_1_15' title='bbox 267 355 336 394; x_wconf 80' lang='grc' dir='ltr'><strong><em>κακῶν</em></strong></span> <span class='ocrx_word' id='word_1_16' title='bbox 353 352 426 394; x_wconf 77' lang='grc' dir='ltr'><strong><em>ἑαυτοῦ</em></strong></span> <span class='ocrx_word' id='word_1_17' title='bbox 439 349 475 405; x_wconf 84' lang='grc' dir='ltr'><strong><em>τήν</em></strong></span> <span class='ocrx_word' id='word_1_18' title='bbox 490 349 558 405; x_wconf 82' lang='grc' dir='ltr'><strong><em>ψυχήν</em></strong></span> <span class='ocrx_word' id='word_1_19' title='bbox 571 352 592 393; x_wconf 82' lang='grc' dir='ltr'><strong><em>ἒν</em></strong></span> <span class='ocrx_word' id='word_1_20' title='bbox 607 354 695 410; x_wconf 73' lang='grc' dir='ltr'><strong><em>κυριακῇ</em></strong></span> <span class='ocrx_word' id='word_1_21' title='bbox 710 348 855 405; x_wconf 82' lang='grc' dir='ltr'><strong><em>έπικατάρατάς</em></strong></span> <span class='ocrx_word' id='word_1_22' title='bbox 869 350 910 393; x_wconf 76' lang='grc' dir='ltr'><strong><em>ἐστι</em></strong></span> <span class='ocrx_word' id='word_1_23' title='bbox 923 352 952 407; x_wconf 73' lang='grc' dir='ltr'><strong><em>τῷ</em></strong></span> 
     </span>
     <span class='ocr_line' id='line_1_4' title="bbox 168 416 952 477; baseline -0.003 -17"><span class='ocrx_word' id='word_1_24' title='bbox 168 424 216 476; x_wconf 75' lang='grc' dir='ltr'><strong><em>θεῷ.</em></strong></span> <span class='ocrx_word' id='word_1_25' title='bbox 247 420 289 460; x_wconf 80' lang='grc' dir='ltr'><strong><em>Καὶ</em></strong></span> <span class='ocrx_word' id='word_1_26' title='bbox 300 417 351 477; x_wconf 75' lang='grc' dir='ltr'><strong><em>ὁρᾷς</em></strong></span> <span class='ocrx_word' id='word_1_27' title='bbox 358 418 411 473; x_wconf 85' lang='grc' dir='ltr'><strong><em>πίση</em></strong></span> <span class='ocrx_word' id='word_1_28' title='bbox 417 420 469 461; x_wconf 75' lang='grc' dir='ltr'><strong><em>ἐστίν</em></strong></span> <span class='ocrx_word' id='word_1_29' title='bbox 479 416 571 473; x_wconf 87' lang='grc' dir='ltr'><strong><em>άκρίβεια</em></strong></span> <span class='ocrx_word' id='word_1_30' title='bbox 580 421 615 461; x_wconf 83' lang='grc' dir='ltr'><strong><em>καὶ</em></strong></span> <span class='ocrx_word' id='word_1_31' title='bbox 624 417 738 470; x_wconf 85' lang='grc' dir='ltr'><strong><em>άντίθεσις,</em></strong></span> <span class='ocrx_word' id='word_1_32' title='bbox 754 416 783 472; x_wconf 87' lang='grc' dir='ltr'><strong><em>μή</em></strong></span> <span class='ocrx_word' id='word_1_33' title='bbox 793 417 906 471; x_wconf 75' lang='grc' dir='ltr'>δυναμένης</span> <span class='ocrx_word' id='word_1_34' title='bbox 917 420 952 470; x_wconf 78' lang='grc' dir='ltr'><strong><em>τῆς</em></strong></span> 
     </span>
     <span class='ocr_line' id='line_1_5' title="bbox 168 483 952 542; baseline -0.004 -14"><span class='ocrx_word' id='word_1_35' title='bbox 168 490 304 542; x_wconf 75' lang='grc' dir='ltr'><em>πραγματείας</em></span> <span class='ocrx_word' id='word_1_36' title='bbox 314 485 366 529; x_wconf 89' lang='grc' dir='ltr'><strong><em>κατά</em></strong></span> <span class='ocrx_word' id='word_1_37' title='bbox 378 486 400 529; x_wconf 84' lang='grc' dir='ltr'><strong><em>τά</em></strong></span> <span class='ocrx_word' id='word_1_38' title='bbox 410 485 471 541; x_wconf 71' lang='grc' dir='ltr'><strong><em>ρἠτιίν</em></strong></span> <span class='ocrx_word' id='word_1_39' title='bbox 479 486 622 537; x_wconf 72' lang='grc' dir='ltr'><strong><em>ε’πιτελεῖσθαις</em></strong></span> <span class='ocrx_word' id='word_1_40' title='bbox 637 485 723 540; x_wconf 87' lang='grc' dir='ltr'><strong><em>νοήματι</em></strong></span> <span class='ocrx_word' id='word_1_41' title='bbox 735 486 757 528; x_wconf 78' lang='grc' dir='ltr'><strong><em>δέ</em></strong></span> <span class='ocrx_word' id='word_1_42' title='bbox 768 483 799 539; x_wconf 69' lang='grc' dir='ltr'><strong><em>15ή</em></strong></span> <span class='ocrx_word' id='word_1_43' title='bbox 813 489 869 527; x_wconf 82' lang='grc' dir='ltr'><strong><em>πᾶσα</em></strong></span> <span class='ocrx_word' id='word_1_44' title='bbox 881 485 952 538; x_wconf 68' lang='grc' dir='ltr'><strong><em>θέστη-</em></strong></span> 
     </span>
     <span class='ocr_line' id='line_1_6' title="bbox 168 550 952 610; baseline -0.001 -15"><span class='ocrx_word' id='word_1_45' title='bbox 168 570 203 595; x_wconf 91' lang='grc' dir='ltr'><strong><em>κεν</em></strong></span> <span class='ocrx_word' id='word_1_46' title='bbox 215 552 300 609; x_wconf 85' lang='grc' dir='ltr'><strong><em>άλήθεια</em></strong></span> <span class='ocrx_word' id='word_1_47' title='bbox 310 559 347 597; x_wconf 83' lang='grc' dir='ltr'><strong><em>τοῦ</em></strong></span> <span class='ocrx_word' id='word_1_48' title='bbox 357 553 494 610; x_wconf 75' lang='grc' dir='ltr'><strong><em>κηρύγματος,</em></strong></span> <span class='ocrx_word' id='word_1_49' title='bbox 510 554 544 595; x_wconf 83' lang='grc' dir='ltr'><strong><em>καί</em></strong></span> <span class='ocrx_word' id='word_1_50' title='bbox 556 552 591 595; x_wconf 83' lang='grc' dir='ltr'><strong><em>άπ’</em></strong></span> <span class='ocrx_word' id='word_1_51' title='bbox 600 552 661 606; x_wconf 82' lang='grc' dir='ltr'><strong><em>αάιής</em></strong></span> <span class='ocrx_word' id='word_1_52' title='bbox 670 558 707 606; x_wconf 81' lang='grc' dir='ltr'><strong><em>τῆς</em></strong></span> <span class='ocrx_word' id='word_1_53' title='bbox 716 551 830 604; x_wconf 80' lang='grc' dir='ltr'><strong><em>Διατάξεως</em></strong></span> <span class='ocrx_word' id='word_1_54' title='bbox 843 556 884 595; x_wconf 74' lang='grc' dir='ltr'><strong><em>τοῖν</em></strong></span> <span class='ocrx_word' id='word_1_55' title='bbox 894 550 952 595; x_wconf 83' lang='grc' dir='ltr'><strong><em>Ἀπο-</em></strong></span> 
     </span>
     <span class='ocr_line' id='line_1_7' title="bbox 168 618 953 675; baseline 0 -13"><span class='ocrx_word' id='word_1_56' title='bbox 168 620 253 674; x_wconf 89' lang='grc' dir='ltr'><strong><em>στόλων,</em></strong></span> <span class='ocrx_word' id='word_1_57' title='bbox 269 621 301 664; x_wconf 85' lang='grc' dir='ltr'><strong><em>ίίτι</em></strong></span> <span class='ocrx_word' id='word_1_58' title='bbox 316 620 341 663; x_wconf 78' lang='grc' dir='ltr'><strong><em>δι’</em></strong></span> <span class='ocrx_word' id='word_1_59' title='bbox 355 619 461 675; x_wconf 75' lang='grc' dir='ltr'><strong><em>ὁμόνοιαν,</em></strong></span> <span class='ocrx_word' id='word_1_60' title='bbox 477 618 505 669; x_wconf 77' lang='grc' dir='ltr'><strong><em>τίς</em></strong></span> <span class='ocrx_word' id='word_1_61' title='bbox 519 624 616 674; x_wconf 76' lang='grc' dir='ltr'><strong><em>συνῆκται</em></strong></span> <span class='ocrx_word' id='word_1_62' title='bbox 630 624 666 662; x_wconf 81' lang='grc' dir='ltr'><strong><em>τοῦ</em></strong></span> <span class='ocrx_word' id='word_1_63' title='bbox 681 619 741 675; x_wconf 87' lang='grc' dir='ltr'><strong><em>λάγου</em></strong></span> <span class='ocrx_word' id='word_1_64' title='bbox 757 618 901 673; x_wconf 79' lang='grc' dir='ltr'><strong><em>άσάνδεσμος,</em></strong></span> <span class='ocrx_word' id='word_1_65' title='bbox 917 618 953 662; x_wconf 83' lang='grc' dir='ltr'><strong><em>έάν</em></strong></span> 
     </span>
    </p>

    <p class='ocr_par' dir='ltr' id='par_1_3' title="bbox 86 686 954 1292">
     <span class='ocr_line' id='line_1_8' title="bbox 86 686 953 742; baseline -0.003 -11"><span class='ocrx_word' id='word_1_66' title='bbox 86 690 322 742; x_wconf 59' lang='grc' dir='ltr'><strong><em>μασταέπιτελέσωμεν,</em></strong></span> <span class='ocrx_word' id='word_1_67' title='bbox 345 688 359 741; x_wconf 72' lang='grc' dir='ltr'><strong><em>ἰή</em></strong></span> <span class='ocrx_word' id='word_1_68' title='bbox 379 689 413 729; x_wconf 87' lang='grc' dir='ltr'><strong><em>καὶ</em></strong></span> <span class='ocrx_word' id='word_1_69' title='bbox 433 690 546 738; x_wconf 75' lang='grc' dir='ltr'><strong><em>έπιτελοῖσι,</em></strong></span> <span class='ocrx_word' id='word_1_70' title='bbox 569 687 617 741; x_wconf 83' lang='grc' dir='ltr'><strong><em>μετά</em></strong></span> <span class='ocrx_word' id='word_1_71' title='bbox 638 689 752 742; x_wconf 90' lang='grc' dir='ltr'><strong><em>ἰσημερίαν,</em></strong></span> <span class='ocrx_word' id='word_1_72' title='bbox 772 686 843 735; x_wconf 72' lang='grc' dir='ltr'><strong><em>καθώς</em></strong></span> <span class='ocrx_word' id='word_1_73' title='bbox 862 687 953 728; x_wconf 78' lang='grc' dir='ltr'><strong><em>κάκεῖνοι</em></strong></span> 
     </span>
     <span class='ocr_line' id='line_1_9' title="bbox 169 751 953 810; baseline -0.004 -12"><span class='ocrx_word' id='word_1_74' title='bbox 169 753 241 810; x_wconf 83' lang='grc' dir='ltr'><strong><em>άγονσι</em></strong></span> <span class='ocrx_word' id='word_1_75' title='bbox 253 753 346 804; x_wconf 75' lang='grc' dir='ltr'><strong><em>πολλάκις</em></strong></span> <span class='ocrx_word' id='word_1_76' title='bbox 362 770 383 796; x_wconf 91' lang='grc' dir='ltr'><strong><em>τε</em></strong></span> <span class='ocrx_word' id='word_1_77' title='bbox 399 756 434 796; x_wconf 85' lang='grc' dir='ltr'><strong><em>καὶ</em></strong></span> <span class='ocrx_word' id='word_1_78' title='bbox 449 752 513 807; x_wconf 85' lang='grc' dir='ltr'><strong><em>ήμείς.</em></strong></span> <span class='ocrx_word' id='word_1_79' title='bbox 544 755 627 796; x_wconf 67' lang='grc' dir='ltr'><strong><em>γΠάλιν</em></strong></span> <span class='ocrx_word' id='word_1_80' title='bbox 644 753 666 796; x_wconf 76' lang='grc' dir='ltr'><strong><em>δέ</em></strong></span> <span class='ocrx_word' id='word_1_81' title='bbox 678 753 717 810; x_wconf 84' lang='grc' dir='ltr'><strong><em>πρά</em></strong></span> <span class='ocrx_word' id='word_1_82' title='bbox 732 759 769 796; x_wconf 82' lang='grc' dir='ltr'><strong><em>τοῦ</em></strong></span> <span class='ocrx_word' id='word_1_83' title='bbox 786 757 902 806; x_wconf 72' lang='grc' dir='ltr'><strong><em>τελεσθῆναι</em></strong></span> <span class='ocrx_word' id='word_1_84' title='bbox 916 751 953 806; x_wconf 85' lang='grc' dir='ltr'><strong><em>τήν</em></strong></span> 
     </span>
     <span class='ocr_line' id='line_1_10' title="bbox 169 814 954 877; baseline -0.003 -13"><span class='ocrx_word' id='word_1_85' title='bbox 169 825 283 877; x_wconf 79' lang='grc' dir='ltr'><strong><em>ἰσημερίαν,</em></strong></span> <span class='ocrx_word' id='word_1_86' title='bbox 304 820 331 871; x_wconf 75' lang='grc' dir='ltr'><strong><em>τίς</em></strong></span> <span class='ocrx_word' id='word_1_87' title='bbox 344 823 417 864; x_wconf 85' lang='grc' dir='ltr'><strong><em>έκεῖνοι</em></strong></span> <span class='ocrx_word' id='word_1_88' title='bbox 428 820 512 876; x_wconf 82' lang='grc' dir='ltr'><strong><em>άγουσιν</em></strong></span> <span class='ocrx_word' id='word_1_89' title='bbox 525 819 558 863; x_wconf 76' lang='grc' dir='ltr'><strong><em>ὅτε</em></strong></span> <span class='ocrx_word' id='word_1_90' title='bbox 570 820 628 874; x_wconf 84' lang='grc' dir='ltr'><strong><em>μόνοι</em></strong></span> <span class='ocrx_word' id='word_1_91' title='bbox 639 819 732 877; x_wconf 76' lang='grc' dir='ltr'><strong><em>άγουσιν</em></strong></span> <span class='ocrx_word' id='word_1_92' title='bbox 754 819 789 864; x_wconf 84' lang='grc' dir='ltr'><strong><em>έάν</em></strong></span> <span class='ocrx_word' id='word_1_93' title='bbox 800 814 837 863; x_wconf 84' lang='grc' dir='ltr'><strong><em>οἰν</em></strong></span> <span class='ocrx_word' id='word_1_94' title='bbox 847 821 882 863; x_wconf 86' lang='grc' dir='ltr'><strong><em>καί</em></strong></span> <span class='ocrx_word' id='word_1_95' title='bbox 895 817 954 875; x_wconf 86' lang='grc' dir='ltr'><strong><em>ήμεῖς</em></strong></span> 
     </span>
     <span class='ocr_line' id='line_1_11' title="bbox 169 887 953 947; baseline -0.001 -15"><span class='ocrx_word' id='word_1_96' title='bbox 169 890 319 943; x_wconf 78' lang='grc' dir='ltr'><strong><em>ἐπιτελέσωμεν,</em></strong></span> <span class='ocrx_word' id='word_1_97' title='bbox 337 890 462 943; x_wconf 82' lang='grc' dir='ltr'><strong><em>συμβέβηκεν</em></strong></span> <span class='ocrx_word' id='word_1_98' title='bbox 473 887 522 943; x_wconf 85' lang='grc' dir='ltr'><strong><em>ήμῖν</em></strong></span> <span class='ocrx_word' id='word_1_99' title='bbox 533 891 554 932; x_wconf 84' lang='grc' dir='ltr'><strong><em>έν</em></strong></span> <span class='ocrx_word' id='word_1_100' title='bbox 567 890 597 932; x_wconf 78' lang='grc' dir='ltr'><strong><em>ἑνί</em></strong></span> <span class='ocrx_word' id='word_1_101' title='bbox 609 890 692 947; x_wconf 74' lang='grc' dir='ltr'><strong><em>ἐνιαυτῷ</em></strong></span> <span class='ocrx_word' id='word_1_102' title='bbox 706 888 744 932; x_wconf 78' lang='grc' dir='ltr'><strong><em>δύο</em></strong></span> <span class='ocrx_word' id='word_1_103' title='bbox 756 887 828 944; x_wconf 86' lang='grc' dir='ltr'><strong><em>Πάσχα</em></strong></span> <span class='ocrx_word' id='word_1_104' title='bbox 837 889 953 939; x_wconf 75' lang='grc' dir='ltr'><strong><em>ἐπιτελέσαι,</em></strong></span> 
     </span>
     <span class='ocr_line' id='line_1_12' title="bbox 168 954 954 1015; baseline 0 -16"><span class='ocrx_word' id='word_1_105' title='bbox 168 955 216 1012; x_wconf 85' lang='grc' dir='ltr'><strong><em>μετά</em></strong></span> <span class='ocrx_word' id='word_1_106' title='bbox 228 959 332 1013; x_wconf 82' lang='grc' dir='ltr'><strong><em>ἰσημερίαν</em></strong></span> <span class='ocrx_word' id='word_1_107' title='bbox 342 958 376 1000; x_wconf 84' lang='grc' dir='ltr'><strong><em>καὶ</em></strong></span> <span class='ocrx_word' id='word_1_108' title='bbox 388 956 427 1013; x_wconf 84' lang='grc' dir='ltr'><strong><em>πρά</em></strong></span> <span class='ocrx_word' id='word_1_109' title='bbox 440 958 548 1012; x_wconf 85' lang='grc' dir='ltr'><strong><em>ἰσημερίας,</em></strong></span> <span class='ocrx_word' id='word_1_110' title='bbox 563 963 591 1015; x_wconf 77' lang='grc' dir='ltr'><strong><em>τῷ</em></strong></span> <span class='ocrx_word' id='word_1_111' title='bbox 600 958 622 1000; x_wconf 75' lang='grc' dir='ltr'><strong><em>δὲ</em></strong></span> <span class='ocrx_word' id='word_1_112' title='bbox 632 956 684 1015; x_wconf 80' lang='grc' dir='ltr'><strong><em>άλλῳ</em></strong></span> <span class='ocrx_word' id='word_1_113' title='bbox 694 958 739 1011; x_wconf 80' lang='grc' dir='ltr'><strong><em>έξῆς</em></strong></span> <span class='ocrx_word' id='word_1_114' title='bbox 748 959 833 1014; x_wconf 75' lang='grc' dir='ltr'><strong><em>ἐνιαυτῷ</em></strong></span> <span class='ocrx_word' id='word_1_115' title='bbox 844 954 892 998; x_wconf 77' lang='grc' dir='ltr'><strong><em>οάθέ</em></strong></span> <span class='ocrx_word' id='word_1_116' title='bbox 902 955 954 1006; x_wconf 86' lang='grc' dir='ltr'><strong><em>ίίλινς</em></strong></span> 
     </span>
     <span class='ocr_line' id='line_1_13' title="bbox 169 1021 953 1081; baseline 0 -14"><span class='ocrx_word' id='word_1_117' title='bbox 169 1026 309 1078; x_wconf 79' lang='grc' dir='ltr'><strong><em>ἐπιτελέσωμεν</em></strong></span> <span class='ocrx_word' id='word_1_118' title='bbox 322 1024 399 1079; x_wconf 80' lang='grc' dir='ltr'><strong><em>Πάσχα.</em></strong></span> <span class='ocrx_word' id='word_1_119' title='bbox 430 1026 471 1067; x_wconf 79' lang='grc' dir='ltr'><strong><em>Καὶ</em></strong></span> <span class='ocrx_word' id='word_1_120' title='bbox 486 1023 617 1080; x_wconf 73' lang='grc' dir='ltr'><strong><em>εὑρεθήσεται</em></strong></span> <span class='ocrx_word' id='word_1_121' title='bbox 633 1023 656 1067; x_wconf 83' lang='grc' dir='ltr'><strong><em>τά</em></strong></span> <span class='ocrx_word' id='word_1_122' title='bbox 672 1030 713 1068; x_wconf 81' lang='grc' dir='ltr'><strong><em>πᾶν</em></strong></span> <span class='ocrx_word' id='word_1_123' title='bbox 728 1023 806 1080; x_wconf 88' lang='grc' dir='ltr'><strong><em>πλάνης</em></strong></span> <span class='ocrx_word' id='word_1_124' title='bbox 821 1021 872 1068; x_wconf 86' lang='grc' dir='ltr'><strong><em>εἰναι</em></strong></span> <span class='ocrx_word' id='word_1_125' title='bbox 887 1024 953 1081; x_wconf 70' lang='grc' dir='ltr'><strong><em>ἔργον,</em></strong></span> 
     </span>
     <span class='ocr_line' id='line_1_14' title="bbox 169 1090 954 1151; baseline 0.001 -15"><span class='ocrx_word' id='word_1_126' title='bbox 169 1092 220 1150; x_wconf 86' lang='grc' dir='ltr'><strong><em>ήπερ</em></strong></span> <span class='ocrx_word' id='word_1_127' title='bbox 236 1090 328 1149; x_wconf 85' lang='grc' dir='ltr'><strong><em>ιίλήθεια.</em></strong></span> <span class='ocrx_word' id='word_1_128' title='bbox 359 1091 404 1149; x_wconf 82' lang='grc' dir='ltr'><strong><em>Πρά</em></strong></span> <span class='ocrx_word' id='word_1_129' title='bbox 419 1092 457 1151; x_wconf 86' lang='grc' dir='ltr'><strong><em>γάρ</em></strong></span> <span class='ocrx_word' id='word_1_130' title='bbox 474 1095 577 1150; x_wconf 82' lang='grc' dir='ltr'><strong><em>ἰσημερίας</em></strong></span> <span class='ocrx_word' id='word_1_131' title='bbox 592 1094 618 1137; x_wconf 78' lang='grc' dir='ltr'><strong><em>οὐ</em></strong></span> <span class='ocrx_word' id='word_1_132' title='bbox 632 1093 787 1151; x_wconf 76' lang='grc' dir='ltr'><strong><em>πληρωθήσεται</em></strong></span> <span class='ocrx_word' id='word_1_133' title='bbox 800 1092 823 1138; x_wconf 81' lang='grc' dir='ltr'><strong><em>τά</em></strong></span> <span class='ocrx_word' id='word_1_134' title='bbox 838 1095 892 1147; x_wconf 85' lang='grc' dir='ltr'><strong><em>έτος,</em></strong></span> <span class='ocrx_word' id='word_1_135' title='bbox 907 1091 954 1137; x_wconf 78' lang='grc' dir='ltr'><strong><em>οὔτε</em></strong></span> 
     </span>
     <span class='ocr_line' id='line_1_15' title="bbox 170 1161 954 1223; baseline -0.001 -16"><span class='ocrx_word' id='word_1_136' title='bbox 170 1168 282 1219; x_wconf 82' lang='grc' dir='ltr'><strong><em>πληροῦται</em></strong></span> <span class='ocrx_word' id='word_1_137' title='bbox 295 1168 332 1207; x_wconf 82' lang='grc' dir='ltr'><strong><em>τοῦ</em></strong></span> <span class='ocrx_word' id='word_1_138' title='bbox 346 1161 421 1206; x_wconf 82' lang='grc' dir='ltr'><strong><em>κάκλου</em></strong></span> <span class='ocrx_word' id='word_1_139' title='bbox 435 1166 472 1206; x_wconf 77' lang='grc' dir='ltr'><strong><em>τοῦ</em></strong></span> <span class='ocrx_word' id='word_1_140' title='bbox 484 1161 572 1219; x_wconf 79' lang='grc' dir='ltr'><strong><em>δρόμου,</em></strong></span> <span class='ocrx_word' id='word_1_141' title='bbox 588 1165 610 1207; x_wconf 77' lang='grc' dir='ltr'><strong><em>ἐκ</em></strong></span> <span class='ocrx_word' id='word_1_142' title='bbox 618 1168 670 1207; x_wconf 84' lang='grc' dir='ltr'><strong><em>θεοῦ</em></strong></span> <span class='ocrx_word' id='word_1_143' title='bbox 681 1170 724 1215; x_wconf 90' lang='grc' dir='ltr'><strong><em>τοῖς</em></strong></span> <span class='ocrx_word' id='word_1_144' title='bbox 732 1162 853 1223; x_wconf 81' lang='grc' dir='ltr'><strong><em>άνθρσίιιοις</em></strong></span> <span class='ocrx_word' id='word_1_145' title='bbox 862 1164 954 1221; x_wconf 90' lang='grc' dir='ltr'><strong><em>τεταγμέ-</em></strong></span> 
     </span>
     <span class='ocr_line' id='line_1_16' title="bbox 170 1230 663 1292; baseline -0.004 -15"><span class='ocrx_word' id='word_1_146' title='bbox 170 1250 208 1277; x_wconf 90' lang='grc' dir='ltr'><strong><em>νου</em></strong></span> <span class='ocrx_word' id='word_1_147' title='bbox 223 1230 235 1276; x_wconf 85' lang='lat' dir='ltr'><strong><em>o‘</em></strong></span> <span class='ocrx_word' id='word_1_148' title='bbox 249 1231 351 1285; x_wconf 83' lang='grc' dir='ltr'><strong><em>ένιαντιίς,</em></strong></span> <span class='ocrx_word' id='word_1_149' title='bbox 367 1230 402 1276; x_wconf 84' lang='grc' dir='ltr'><strong><em>ε’άν</em></strong></span> <span class='ocrx_word' id='word_1_150' title='bbox 416 1231 444 1288; x_wconf 89' lang='grc' dir='ltr'><strong><em>μή</em></strong></span> <span class='ocrx_word' id='word_1_151' title='bbox 459 1234 550 1292; x_wconf 73' lang='grc' dir='ltr'><strong><em>παρέλθῃ</em></strong></span> <span class='ocrx_word' id='word_1_152' title='bbox 566 1235 663 1291; x_wconf 88' lang='grc' dir='ltr'><strong><em>ἰσημερία.</em></strong></span> 
     </span>
    </p>
   </div>
   <div class='ocr_carea' id='block_1_3' title="bbox 79 1573 959 2988">
    <p class='ocr_par' dir='ltr' id='par_1_4' title="bbox 79 1573 959 2797">
     <span class='ocr_line' id='line_1_17' title="bbox 79 1573 955 1645; baseline 0 -23"><span class='ocrx_word' id='word_1_153' title='bbox 79 1600 158 1645; x_wconf 55' lang='grc' dir='ltr'><strong><em>Κεφ,,μ,</em></strong></span> <span class='ocrx_word' id='word_1_154' title='bbox 229 1581 271 1623; x_wconf 79' lang='grc' dir='ltr'><strong><em>Καὶ</em></strong></span> <span class='ocrx_word' id='word_1_155' title='bbox 285 1573 311 1635; x_wconf 76' lang='grc' dir='ltr'><strong><em>ἦν</em></strong></span> <span class='ocrx_word' id='word_1_156' title='bbox 325 1578 361 1635; x_wconf 79' lang='grc' dir='ltr'><strong><em>μέν</em></strong></span> <span class='ocrx_word' id='word_1_157' title='bbox 375 1580 421 1637; x_wconf 82' lang='grc' dir='ltr'><strong><em>περὶ</em></strong></span> <span class='ocrx_word' id='word_1_158' title='bbox 430 1578 503 1624; x_wconf 84' lang='grc' dir='ltr'><strong><em>τοάτου</em></strong></span> <span class='ocrx_word' id='word_1_159' title='bbox 518 1576 581 1624; x_wconf 86' lang='grc' dir='ltr'><strong><em>πολλά</em></strong></span> <span class='ocrx_word' id='word_1_160' title='bbox 595 1581 668 1636; x_wconf 89' lang='grc' dir='ltr'><strong><em>λέγειν,</em></strong></span> <span class='ocrx_word' id='word_1_161' title='bbox 684 1576 712 1629; x_wconf 76' lang='grc' dir='ltr'><strong><em>τάς</em></strong></span> <span class='ocrx_word' id='word_1_162' title='bbox 722 1583 787 1629; x_wconf 79' lang='grc' dir='ltr'><strong><em>καλαῖς</em></strong></span> <span class='ocrx_word' id='word_1_163' title='bbox 799 1578 918 1635; x_wconf 80' lang='grc' dir='ltr'><strong><em>ποιήσαντες</em></strong></span> <span class='ocrx_word' id='word_1_164' title='bbox 934 1579 955 1623; x_wconf 86' lang='grc' dir='ltr'><strong><em>οί</em></strong></span> 
     </span>
     <span class='ocr_line' id='line_1_18' title="bbox 172 1646 954 1707; baseline 0.003 -17"><span class='ocrx_word' id='word_1_165' title='bbox 172 1649 265 1703; x_wconf 82' lang='grc' dir='ltr'><strong><em>πατέρες,</em></strong></span> <span class='ocrx_word' id='word_1_166' title='bbox 286 1654 360 1703; x_wconf 78' lang='grc' dir='ltr'><strong><em>μᾶλλον</em></strong></span> <span class='ocrx_word' id='word_1_167' title='bbox 374 1649 396 1691; x_wconf 82' lang='grc' dir='ltr'><strong><em>δὲ</em></strong></span> <span class='ocrx_word' id='word_1_168' title='bbox 410 1647 436 1691; x_wconf 77' lang='grc' dir='ltr'><strong><em>δι’</em></strong></span> <span class='ocrx_word' id='word_1_169' title='bbox 451 1646 517 1691; x_wconf 73' lang='grc' dir='ltr'><strong><em>αιῗτσῖν</em></strong></span> <span class='ocrx_word' id='word_1_170' title='bbox 536 1646 548 1691; x_wconf 80' lang='grc' dir='ltr'><strong><em>ά</em></strong></span> <span class='ocrx_word' id='word_1_171' title='bbox 567 1646 617 1698; x_wconf 85' lang='grc' dir='ltr'><strong><em>θεάς</em></strong></span> <span class='ocrx_word' id='word_1_172' title='bbox 630 1647 754 1704; x_wconf 74' lang='grc' dir='ltr'><strong><em>κατώρθωσε</em></strong></span> <span class='ocrx_word' id='word_1_173' title='bbox 773 1652 798 1707; x_wconf 71' lang='grc' dir='ltr'><strong><em>τῇ</em></strong></span> <span class='ocrx_word' id='word_1_174' title='bbox 818 1650 911 1707; x_wconf 76' lang='grc' dir='ltr'><strong><em>ἐκκλησία</em></strong></span> <span class='ocrx_word' id='word_1_175' title='bbox 931 1646 954 1692; x_wconf 78' lang='grc' dir='ltr'><strong><em>τά</em></strong></span> 
     </span>
     <span class='ocr_line' id='line_1_19' title="bbox 172 1714 954 1773; baseline 0.001 -15"><span class='ocrx_word' id='word_1_176' title='bbox 172 1720 215 1758; x_wconf 82' lang='grc' dir='ltr'><strong><em>πᾶν</em></strong></span> <span class='ocrx_word' id='word_1_177' title='bbox 226 1714 339 1771; x_wconf 82' lang='grc' dir='ltr'><strong><em>άκρίβασμα</em></strong></span> <span class='ocrx_word' id='word_1_178' title='bbox 352 1721 390 1771; x_wconf 78' lang='grc' dir='ltr'><strong><em>τῆς</em></strong></span> <span class='ocrx_word' id='word_1_179' title='bbox 404 1716 502 1771; x_wconf 80' lang='grc' dir='ltr'><strong><em>ἀληθείας</em></strong></span> <span class='ocrx_word' id='word_1_180' title='bbox 516 1721 552 1770; x_wconf 80' lang='grc' dir='ltr'><strong><em>τῆς</em></strong></span> <span class='ocrx_word' id='word_1_181' title='bbox 569 1719 734 1771; x_wconf 79' lang='grc' dir='ltr'><strong><em>1πανσεβασμίου</em></strong></span> <span class='ocrx_word' id='word_1_182' title='bbox 748 1715 822 1771; x_wconf 80' lang='grc' dir='ltr'><strong><em>ταύτης</em></strong></span> <span class='ocrx_word' id='word_1_183' title='bbox 836 1717 906 1773; x_wconf 78' lang='grc' dir='ltr'><strong><em>έορτῖγς</em></strong></span> <span class='ocrx_word' id='word_1_184' title='bbox 920 1717 954 1760; x_wconf 85' lang='grc' dir='ltr'><strong><em>καλ</em></strong></span> 
     </span>
     <span class='ocr_line' id='line_1_20' title="bbox 172 1782 956 1841; baseline 0 -14"><span class='ocrx_word' id='word_1_185' title='bbox 172 1788 283 1841; x_wconf 90' lang='grc' dir='ltr'><strong><em>παναγίας,</em></strong></span> <span class='ocrx_word' id='word_1_186' title='bbox 298 1783 347 1838; x_wconf 87' lang='grc' dir='ltr'><strong><em>μετά</em></strong></span> <span class='ocrx_word' id='word_1_187' title='bbox 363 1787 466 1841; x_wconf 81' lang='grc' dir='ltr'><strong><em>ἰσημερίαν</em></strong></span> <span class='ocrx_word' id='word_1_188' title='bbox 481 1785 517 1839; x_wconf 84' lang='grc' dir='ltr'><strong><em>μέν</em></strong></span> <span class='ocrx_word' id='word_1_189' title='bbox 531 1791 647 1838; x_wconf 88' lang='grc' dir='ltr'><strong><em>ποιεῖσθαι,</em></strong></span> <span class='ocrx_word' id='word_1_190' title='bbox 669 1783 702 1828; x_wconf 82' lang='grc' dir='ltr'><strong><em>ίίτε</em></strong></span> <span class='ocrx_word' id='word_1_191' title='bbox 712 1782 822 1828; x_wconf 69' lang='grc' dir='ltr'><strong><em>ὑποπίπτει</em></strong></span> <span class='ocrx_word' id='word_1_192' title='bbox 836 1782 851 1839; x_wconf 82' lang='grc' dir='ltr'><strong><em>ή</em></strong></span> <span class='ocrx_word' id='word_1_193' title='bbox 865 1789 901 1839; x_wconf 82' lang='grc' dir='ltr'><strong><em>τής</em></strong></span> <span class='ocrx_word' id='word_1_194' title='bbox 914 1799 956 1827; x_wconf 87' lang='grc' dir='ltr'><strong><em>τεσ-</em></strong></span> 
     </span>
     <span class='ocr_line' id='line_1_21' title="bbox 174 1850 956 1913; baseline -0.001 -18"><span class='ocrx_word' id='word_1_195' title='bbox 174 1852 353 1908; x_wconf 81' lang='grc' dir='ltr'><strong><em>σαρεςκαιδεκάτης</em></strong></span> <span class='ocrx_word' id='word_1_196' title='bbox 368 1852 418 1896; x_wconf 87' lang='grc' dir='ltr'><strong><em>κατά</em></strong></span> <span class='ocrx_word' id='word_1_197' title='bbox 433 1858 470 1907; x_wconf 79' lang='grc' dir='ltr'><strong><em>τῆς</em></strong></span> <span class='ocrx_word' id='word_1_198' title='bbox 483 1852 567 1907; x_wconf 84' lang='grc' dir='ltr'><strong><em>σελήνης</em></strong></span> <span class='ocrx_word' id='word_1_199' title='bbox 581 1850 657 1907; x_wconf 76' lang='grc' dir='ltr'><strong><em>ἡμέρας</em></strong></span> <span class='ocrx_word' id='word_1_200' title='bbox 670 1857 752 1907; x_wconf 82' lang='grc' dir='ltr'><strong><em>ψῆφος·</em></strong></span> <span class='ocrx_word' id='word_1_201' title='bbox 767 1850 804 1907; x_wconf 80' lang='grc' dir='ltr'><strong><em>οιίχ</em></strong></span> <span class='ocrx_word' id='word_1_202' title='bbox 818 1854 853 1895; x_wconf 82' lang='grc' dir='ltr'><strong><em>ῖνα</em></strong></span> <span class='ocrx_word' id='word_1_203' title='bbox 868 1855 889 1896; x_wconf 78' lang='grc' dir='ltr'><strong><em>ἐν</em></strong></span> <span class='ocrx_word' id='word_1_204' title='bbox 904 1852 956 1913; x_wconf 75' lang='grc' dir='ltr'><strong><em>αὐτῇ</em></strong></span> 
     </span>
     <span class='ocr_line' id='line_1_22' title="bbox 172 1918 956 1979; baseline 0.001 -17"><span class='ocrx_word' id='word_1_205' title='bbox 172 1925 198 1978; x_wconf 72' lang='grc' dir='ltr'><strong><em>τῇ</em></strong></span> <span class='ocrx_word' id='word_1_206' title='bbox 212 1920 414 1979; x_wconf 81' lang='grc' dir='ltr'><strong><em>τεσσαρεςκαιθεκάτη</em></strong></span> <span class='ocrx_word' id='word_1_207' title='bbox 434 1921 579 1975; x_wconf 78' lang='grc' dir='ltr'><strong><em>ἐπιτελέσωμεν.</em></strong></span> <span class='ocrx_word' id='word_1_208' title='bbox 609 1924 656 1962; x_wconf 88' lang='grc' dir='ltr'><strong><em>Μία</em></strong></span> <span class='ocrx_word' id='word_1_209' title='bbox 675 1919 713 1976; x_wconf 88' lang='grc' dir='ltr'><strong><em>γάρ</em></strong></span> <span class='ocrx_word' id='word_1_210' title='bbox 732 1919 798 1975; x_wconf 85' lang='grc' dir='ltr'><strong><em>ήμέρα</em></strong></span> <span class='ocrx_word' id='word_1_211' title='bbox 811 1918 858 1976; x_wconf 89' lang='grc' dir='ltr'><strong><em>παρ’</em></strong></span> <span class='ocrx_word' id='word_1_212' title='bbox 873 1922 956 1971; x_wconf 77' lang='grc' dir='ltr'><strong><em>ἐκείνοις</em></strong></span> 
     </span>
     <span class='ocr_line' id='line_1_23' title="bbox 173 1980 956 2044; baseline 0.004 -15"><span class='ocrx_word' id='word_1_213' title='bbox 173 1993 269 2042; x_wconf 81' lang='grc' dir='ltr'><strong><em>ζητεῖται,</em></strong></span> <span class='ocrx_word' id='word_1_214' title='bbox 285 1986 332 2044; x_wconf 87' lang='grc' dir='ltr'><strong><em>παρ’</em></strong></span> <span class='ocrx_word' id='word_1_215' title='bbox 346 1986 394 2042; x_wconf 87' lang='grc' dir='ltr'><strong><em>ήμῑν</em></strong></span> <span class='ocrx_word' id='word_1_216' title='bbox 408 1989 430 2031; x_wconf 78' lang='grc' dir='ltr'><strong><em>δὲ</em></strong></span> <span class='ocrx_word' id='word_1_217' title='bbox 444 1987 469 2031; x_wconf 90' lang='grc' dir='ltr'><strong><em>ου’</em></strong></span> <span class='ocrx_word' id='word_1_218' title='bbox 484 1992 530 2043; x_wconf 90' lang='grc' dir='ltr'><strong><em>μία,</em></strong></span> <span class='ocrx_word' id='word_1_219' title='bbox 546 1987 594 2031; x_wconf 86' lang='grc' dir='ltr'><strong><em>άλλά</em></strong></span> <span class='ocrx_word' id='word_1_220' title='bbox 607 1991 640 2040; x_wconf 66' lang='grc' dir='ltr'><strong><em>ἓξ,</em></strong></span> <span class='ocrx_word' id='word_1_221' title='bbox 656 1987 745 2042; x_wconf 82' lang='grc' dir='ltr'><strong><em>έβδομάς</em></strong></span> <span class='ocrx_word' id='word_1_222' title='bbox 759 1987 887 2043; x_wconf 90' lang='grc' dir='ltr'><strong><em>πληρεστάτη.</em></strong></span> <span class='ocrx_word' id='word_1_223' title='bbox 917 1980 956 2032; x_wconf 79' lang='grc' dir='ltr'><strong><em>Διά</em></strong></span> 
     </span>
     <span class='ocr_line' id='line_1_24' title="bbox 173 2054 957 2112; baseline 0 -14"><span class='ocrx_word' id='word_1_224' title='bbox 173 2058 208 2099; x_wconf 82' lang='grc' dir='ltr'><strong><em>καὶ</em></strong></span> <span class='ocrx_word' id='word_1_225' title='bbox 223 2054 283 2105; x_wconf 77' lang='grc' dir='ltr'><strong><em>αὐτάς</em></strong></span> <span class='ocrx_word' id='word_1_226' title='bbox 298 2054 310 2098; x_wconf 82' lang='grc' dir='ltr'><strong><em>ά</em></strong></span> <span class='ocrx_word' id='word_1_227' title='bbox 326 2055 404 2110; x_wconf 69' lang='grc' dir='ltr'><strong><em>2νάμος</em></strong></span> <span class='ocrx_word' id='word_1_228' title='bbox 418 2056 468 2112; x_wconf 86' lang='grc' dir='ltr'><strong><em>λέγει</em></strong></span> <span class='ocrx_word' id='word_1_229' title='bbox 483 2057 620 2099; x_wconf 83' lang='grc' dir='ltr'><strong><em>έπιπλατιίνων</em></strong></span> <span class='ocrx_word' id='word_1_230' title='bbox 634 2054 657 2098; x_wconf 85' lang='grc' dir='ltr'><strong><em>τά</em></strong></span> <span class='ocrx_word' id='word_1_231' title='bbox 669 2055 771 2110; x_wconf 85' lang='grc' dir='ltr'><strong><em>Λήψεσθε</em></strong></span> <span class='ocrx_word' id='word_1_232' title='bbox 785 2056 865 2106; x_wconf 79' lang='grc' dir='ltr'><strong><em>ἑαυτοῖς</em></strong></span> <span class='ocrx_word' id='word_1_233' title='bbox 880 2055 957 2112; x_wconf 83' lang='grc' dir='ltr'><strong><em>πρόβα-</em></strong></span> 
     </span>
     <span class='ocr_line' id='line_1_25' title="bbox 173 2121 956 2177; baseline 0.003 -12"><span class='ocrx_word' id='word_1_234' title='bbox 173 2142 209 2166; x_wconf 92' lang='grc' dir='ltr'><strong><em>τον</em></strong></span> <span class='ocrx_word' id='word_1_235' title='bbox 224 2125 334 2174; x_wconf 89' lang='grc' dir='ltr'><strong><em>ένιαιίσιον,</em></strong></span> <span class='ocrx_word' id='word_1_236' title='bbox 350 2121 446 2177; x_wconf 82' lang='grc' dir='ltr'><strong><em>ίίμωμον,</em></strong></span> <span class='ocrx_word' id='word_1_237' title='bbox 461 2124 546 2175; x_wconf 83' lang='grc' dir='ltr'><strong><em>τέλειον,</em></strong></span> <span class='ocrx_word' id='word_1_238' title='bbox 560 2122 600 2166; x_wconf 85' lang='grc' dir='ltr'><strong><em>άπά</em></strong></span> <span class='ocrx_word' id='word_1_239' title='bbox 616 2121 702 2165; x_wconf 78' lang='grc' dir='ltr'><strong><em>δεκάτου</em></strong></span> <span class='ocrx_word' id='word_1_240' title='bbox 715 2127 752 2165; x_wconf 78' lang='grc' dir='ltr'><strong><em>τοῦ</em></strong></span> <span class='ocrx_word' id='word_1_241' title='bbox 766 2122 838 2177; x_wconf 83' lang='grc' dir='ltr'><strong><em>μηνός·</em></strong></span> <span class='ocrx_word' id='word_1_242' title='bbox 853 2124 888 2166; x_wconf 81' lang='grc' dir='ltr'><strong><em>καὶ</em></strong></span> <span class='ocrx_word' id='word_1_243' title='bbox 902 2125 956 2167; x_wconf 82' lang='grc' dir='ltr'><strong><em>έσιαι</em></strong></span> 
     </span>
     <span class='ocr_line' id='line_1_26' title="bbox 173 2188 956 2246; baseline 0.001 -13"><span class='ocrx_word' id='word_1_244' title='bbox 173 2189 222 2245; x_wconf 82' lang='grc' dir='ltr'><strong><em>άμῖν</em></strong></span> <span class='ocrx_word' id='word_1_245' title='bbox 233 2191 399 2245; x_wconf 79' lang='grc' dir='ltr'><strong><em>διατετηρημένον</em></strong></span> <span class='ocrx_word' id='word_1_246' title='bbox 414 2188 459 2244; x_wconf 84' lang='grc' dir='ltr'><strong><em>άχρι</em></strong></span> <span class='ocrx_word' id='word_1_247' title='bbox 473 2194 509 2243; x_wconf 77' lang='grc' dir='ltr'><strong><em>τῆς</em></strong></span> <span class='ocrx_word' id='word_1_248' title='bbox 518 2188 740 2246; x_wconf 78' lang='grc' dir='ltr'><strong><em>τεσσαρεςκαιδεκάτης·</em></strong></span> <span class='ocrx_word' id='word_1_249' title='bbox 755 2192 791 2232; x_wconf 81' lang='grc' dir='ltr'><strong><em>καὶ</em></strong></span> <span class='ocrx_word' id='word_1_250' title='bbox 805 2189 895 2233; x_wconf 84' lang='grc' dir='ltr'><strong><em>θάσεσθε</em></strong></span> <span class='ocrx_word' id='word_1_251' title='bbox 906 2190 956 2234; x_wconf 78' lang='grc' dir='ltr'><strong><em>αάτά</em></strong></span> 
     </span>
     <span class='ocr_line' id='line_1_27' title="bbox 173 2255 957 2315; baseline 0.001 -16"><span class='ocrx_word' id='word_1_252' title='bbox 173 2257 225 2313; x_wconf 77' lang='grc' dir='ltr'><strong><em>πρὸς</em></strong></span> <span class='ocrx_word' id='word_1_253' title='bbox 240 2258 327 2313; x_wconf 78' lang='grc' dir='ltr'><strong><em>ἑσπέραν</em></strong></span> <span class='ocrx_word' id='word_1_254' title='bbox 344 2261 369 2314; x_wconf 74' lang='grc' dir='ltr'><strong><em>τῇ</em></strong></span> <span class='ocrx_word' id='word_1_255' title='bbox 384 2255 584 2315; x_wconf 80' lang='grc' dir='ltr'><strong><em>τεσσαρεςκαιθεκάτη</em></strong></span> <span class='ocrx_word' id='word_1_256' title='bbox 601 2255 666 2314; x_wconf 78' lang='grc' dir='ltr'><strong><em>ήμέριγι</em></strong></span> <span class='ocrx_word' id='word_1_257' title='bbox 679 2262 716 2299; x_wconf 80' lang='grc' dir='ltr'><strong><em>τοῦ</em></strong></span> <span class='ocrx_word' id='word_1_258' title='bbox 729 2255 804 2310; x_wconf 81' lang='grc' dir='ltr'><strong><em>μηνάς,</em></strong></span> <span class='ocrx_word' id='word_1_259' title='bbox 818 2259 906 2301; x_wconf 83' lang='grc' dir='ltr'><strong><em>τουτέστι</em></strong></span> <span class='ocrx_word' id='word_1_260' title='bbox 920 2263 957 2312; x_wconf 81' lang='grc' dir='ltr'><strong><em>τῆς</em></strong></span> 
     </span>
     <span class='ocr_line' id='line_1_28' title="bbox 174 2321 956 2381; baseline 0.004 -16"><span class='ocrx_word' id='word_1_261' title='bbox 174 2323 262 2377; x_wconf 87' lang='grc' dir='ltr'><strong><em>σελήνης.</em></strong></span> <span class='ocrx_word' id='word_1_262' title='bbox 294 2327 442 2377; x_wconf 84' lang='grc' dir='ltr'><strong><em>Παρατηρεῖται</em></strong></span> <span class='ocrx_word' id='word_1_263' title='bbox 457 2324 479 2366; x_wconf 74' lang='grc' dir='ltr'><strong><em>δὲ</em></strong></span> <span class='ocrx_word' id='word_1_264' title='bbox 493 2321 507 2378; x_wconf 85' lang='grc' dir='ltr'><strong><em>ή</em></strong></span> <span class='ocrx_word' id='word_1_265' title='bbox 518 2325 611 2377; x_wconf 75' lang='grc' dir='ltr'><strong><em>ἐκκλησία</em></strong></span> <span class='ocrx_word' id='word_1_266' title='bbox 624 2322 679 2380; x_wconf 85' lang='grc' dir='ltr'><strong><em>άγειν</em></strong></span> <span class='ocrx_word' id='word_1_267' title='bbox 694 2322 731 2378; x_wconf 90' lang='grc' dir='ltr'><strong><em>τήν</em></strong></span> <span class='ocrx_word' id='word_1_268' title='bbox 743 2322 814 2380; x_wconf 85' lang='grc' dir='ltr'><strong><em>έορτήν</em></strong></span> <span class='ocrx_word' id='word_1_269' title='bbox 828 2329 865 2368; x_wconf 82' lang='grc' dir='ltr'><strong><em>τοῦ</em></strong></span> <span class='ocrx_word' id='word_1_270' title='bbox 877 2324 956 2381; x_wconf 79' lang='grc' dir='ltr'><strong><em>Πάσχα,</em></strong></span> 
     </span>
     <span class='ocr_line' id='line_1_29' title="bbox 174 2389 957 2448; baseline 0.008 -16"><span class='ocrx_word' id='word_1_271' title='bbox 174 2391 264 2433; x_wconf 84' lang='grc' dir='ltr'><strong><em>τουτέστι</em></strong></span> <span class='ocrx_word' id='word_1_272' title='bbox 275 2389 312 2445; x_wconf 86' lang='grc' dir='ltr'><strong><em>τήν</em></strong></span> <span class='ocrx_word' id='word_1_273' title='bbox 321 2390 435 2445; x_wconf 72' lang='grc' dir='ltr'><strong><em>ἑβδομάδα,</em></strong></span> <span class='ocrx_word' id='word_1_274' title='bbox 450 2391 486 2448; x_wconf 87' lang='grc' dir='ltr'><strong><em>τήν</em></strong></span> <span class='ocrx_word' id='word_1_275' title='bbox 500 2389 613 2447; x_wconf 77' lang='grc' dir='ltr'><strong><em>σίρισμένην</em></strong></span> <span class='ocrx_word' id='word_1_276' title='bbox 623 2393 656 2435; x_wconf 81' lang='grc' dir='ltr'><strong><em>καὶ</em></strong></span> <span class='ocrx_word' id='word_1_277' title='bbox 668 2389 701 2435; x_wconf 76' lang='grc' dir='ltr'><strong><em>ἄπ’</em></strong></span> <span class='ocrx_word' id='word_1_278' title='bbox 713 2390 780 2435; x_wconf 80' lang='grc' dir='ltr'><strong><em>αὐτῶν</em></strong></span> <span class='ocrx_word' id='word_1_279' title='bbox 790 2397 830 2435; x_wconf 80' lang='grc' dir='ltr'><strong><em>τοῖν</em></strong></span> <span class='ocrx_word' id='word_1_280' title='bbox 840 2390 957 2438; x_wconf 71' lang='grc' dir='ltr'><strong><em>ἀποστόλων</em></strong></span> 
     </span>
     <span class='ocr_line' id='line_1_30' title="bbox 174 2457 957 2519; baseline 0.003 -16"><span class='ocrx_word' id='word_1_281' title='bbox 174 2461 195 2503; x_wconf 83' lang='grc' dir='ltr'><strong><em>έν</em></strong></span> <span class='ocrx_word' id='word_1_282' title='bbox 209 2464 234 2519; x_wconf 75' lang='grc' dir='ltr'><strong><em>τῇ</em></strong></span> <span class='ocrx_word' id='word_1_283' title='bbox 245 2458 348 2512; x_wconf 84' lang='grc' dir='ltr'><strong><em>Διατάξει,</em></strong></span> <span class='ocrx_word' id='word_1_284' title='bbox 364 2457 406 2504; x_wconf 80' lang='grc' dir='ltr'><strong><em>άπά</em></strong></span> <span class='ocrx_word' id='word_1_285' title='bbox 419 2460 512 2516; x_wconf 77' lang='grc' dir='ltr'><strong><em>δευτέρας</em></strong></span> <span class='ocrx_word' id='word_1_286' title='bbox 527 2460 644 2515; x_wconf 87' lang='grc' dir='ltr'><strong><em>σαββάτων,</em></strong></span> <span class='ocrx_word' id='word_1_287' title='bbox 660 2459 710 2516; x_wconf 77' lang='grc' dir='ltr'><strong><em>ὅπερ</em></strong></span> <span class='ocrx_word' id='word_1_288' title='bbox 726 2462 779 2504; x_wconf 78' lang='grc' dir='ltr'><strong><em>ἐστὶν</em></strong></span> <span class='ocrx_word' id='word_1_289' title='bbox 792 2459 906 2517; x_wconf 84' lang='grc' dir='ltr'><strong><em>άγορασμάς</em></strong></span> <span class='ocrx_word' id='word_1_290' title='bbox 921 2467 957 2505; x_wconf 78' lang='grc' dir='ltr'><strong><em>τοῦ</em></strong></span> 
     </span>
     <span class='ocr_line' id='line_1_31' title="bbox 173 2523 957 2591; baseline 0.008 -22"><span class='ocrx_word' id='word_1_291' title='bbox 173 2527 285 2584; x_wconf 83' lang='grc' dir='ltr'><strong><em>προβάτου.Ι</em></strong></span> <span class='ocrx_word' id='word_1_292' title='bbox 315 2529 356 2569; x_wconf 79' lang='grc' dir='ltr'><strong><em>Καὶ</em></strong></span> <span class='ocrx_word' id='word_1_293' title='bbox 371 2526 408 2570; x_wconf 79' lang='grc' dir='ltr'><strong><em>ἐάν</em></strong></span> <span class='ocrx_word' id='word_1_294' title='bbox 423 2528 460 2582; x_wconf 83' lang='grc' dir='ltr'><strong><em>μὲν</em></strong></span> <span class='ocrx_word' id='word_1_295' title='bbox 474 2523 500 2583; x_wconf 81' lang='grc' dir='ltr'><strong><em>ἦν</em></strong></span> <span class='ocrx_word' id='word_1_296' title='bbox 512 2527 710 2586; x_wconf 79' lang='grc' dir='ltr'><strong><em>τεσσαρεςκαιδεκάτη</em></strong></span> <span class='ocrx_word' id='word_1_297' title='bbox 725 2532 761 2584; x_wconf 80' lang='grc' dir='ltr'><strong><em>τῆς</em></strong></span> <span class='ocrx_word' id='word_1_298' title='bbox 775 2527 859 2585; x_wconf 90' lang='grc' dir='ltr'><strong><em>σελήνης</em></strong></span> <span class='ocrx_word' id='word_1_299' title='bbox 872 2533 897 2591; x_wconf 75' lang='grc' dir='ltr'><strong><em>τῇ</em></strong></span> <span class='ocrx_word' id='word_1_300' title='bbox 912 2531 957 2575; x_wconf 76' lang='grc' dir='ltr'><strong><em>δεν-</em></strong></span> 
     </span>
     <span class='ocr_line' id='line_1_32' title="bbox 174 2594 958 2656; baseline 0.006 -17"><span class='ocrx_word' id='word_1_301' title='bbox 174 2598 222 2655; x_wconf 77' lang='grc' dir='ltr'><strong><em>ιέρμ</em></strong></span> <span class='ocrx_word' id='word_1_302' title='bbox 237 2600 278 2640; x_wconf 80' lang='grc' dir='ltr'><strong><em>τῶν</em></strong></span> <span class='ocrx_word' id='word_1_303' title='bbox 290 2594 409 2651; x_wconf 89' lang='grc' dir='ltr'><strong><em>σαββάτων,</em></strong></span> <span class='ocrx_word' id='word_1_304' title='bbox 427 2596 503 2652; x_wconf 78' lang='grc' dir='ltr'><strong><em>3μέσον</em></strong></span> <span class='ocrx_word' id='word_1_305' title='bbox 518 2596 585 2654; x_wconf 83' lang='grc' dir='ltr'><strong><em>άγεται</em></strong></span> <span class='ocrx_word' id='word_1_306' title='bbox 599 2597 622 2641; x_wconf 83' lang='grc' dir='ltr'><strong><em>τά</em></strong></span> <span class='ocrx_word' id='word_1_307' title='bbox 637 2603 695 2654; x_wconf 83' lang='grc' dir='ltr'><strong><em>θῦμα</em></strong></span> <span class='ocrx_word' id='word_1_308' title='bbox 710 2603 746 2650; x_wconf 78' lang='grc' dir='ltr'><strong><em>τοῦ</em></strong></span> <span class='ocrx_word' id='word_1_309' title='bbox 760 2597 873 2656; x_wconf 85' lang='grc' dir='ltr'><strong><em>προβάτου·</em></strong></span> <span class='ocrx_word' id='word_1_310' title='bbox 888 2596 958 2644; x_wconf 79' lang='grc' dir='ltr'><strong><em>ἐάντε</em></strong></span> 
     </span>
     <span class='ocr_line' id='line_1_33' title="bbox 175 2665 959 2730; baseline 0.004 -20"><span class='ocrx_word' id='word_1_311' title='bbox 175 2670 230 2727; x_wconf 86' lang='grc' dir='ltr'><strong><em>τρίτη</em></strong></span> <span class='ocrx_word' id='word_1_312' title='bbox 246 2666 364 2721; x_wconf 86' lang='grc' dir='ltr'><strong><em>σαββάτων,</em></strong></span> <span class='ocrx_word' id='word_1_313' title='bbox 380 2665 415 2710; x_wconf 88' lang='grc' dir='ltr'><strong><em>έάν</em></strong></span> <span class='ocrx_word' id='word_1_314' title='bbox 429 2671 468 2710; x_wconf 80' lang='grc' dir='ltr'><strong><em>4τε</em></strong></span> <span class='ocrx_word' id='word_1_315' title='bbox 488 2666 588 2727; x_wconf 65' lang='grc' dir='ltr'><strong><em>ὃτετάρτη</em></strong></span> <span class='ocrx_word' id='word_1_316' title='bbox 599 2667 719 2723; x_wconf 89' lang='grc' dir='ltr'><strong><em>σαββάτων,</em></strong></span> <span class='ocrx_word' id='word_1_317' title='bbox 734 2667 770 2711; x_wconf 85' lang='grc' dir='ltr'><strong><em>έάν</em></strong></span> <span class='ocrx_word' id='word_1_318' title='bbox 783 2685 804 2712; x_wconf 93' lang='grc' dir='ltr'><strong><em>τε</em></strong></span> <span class='ocrx_word' id='word_1_319' title='bbox 816 2669 896 2730; x_wconf 86' lang='grc' dir='ltr'><strong><em>πέμπτη</em></strong></span> <span class='ocrx_word' id='word_1_320' title='bbox 910 2672 959 2726; x_wconf 89' lang='grc' dir='ltr'><strong><em>σαβ-</em></strong></span> 
     </span>
     <span class='ocr_line' id='line_1_34' title="bbox 176 2734 959 2797; baseline 0.004 -18"><span class='ocrx_word' id='word_1_321' title='bbox 176 2734 254 2791; x_wconf 88' lang='grc' dir='ltr'><strong><em>βάτων,</em></strong></span> <span class='ocrx_word' id='word_1_322' title='bbox 276 2734 311 2778; x_wconf 81' lang='grc' dir='ltr'><strong><em>έάν</em></strong></span> <span class='ocrx_word' id='word_1_323' title='bbox 324 2753 344 2778; x_wconf 85' lang='grc' dir='ltr'><strong><em>τε</em></strong></span> <span class='ocrx_word' id='word_1_324' title='bbox 358 2735 518 2797; x_wconf 73' lang='grc' dir='ltr'><strong><em>6πρασαββάτμ,</em></strong></span> <span class='ocrx_word' id='word_1_325' title='bbox 534 2736 571 2780; x_wconf 82' lang='grc' dir='ltr'><strong><em>ε’άν</em></strong></span> <span class='ocrx_word' id='word_1_326' title='bbox 583 2754 603 2780; x_wconf 84' lang='grc' dir='ltr'><strong><em>τε</em></strong></span> <span class='ocrx_word' id='word_1_327' title='bbox 616 2736 720 2796; x_wconf 77' lang='grc' dir='ltr'><strong><em>σαββάτῳ,</em></strong></span> <span class='ocrx_word' id='word_1_328' title='bbox 735 2742 775 2781; x_wconf 77' lang='grc' dir='ltr'><strong><em>τοῖν</em></strong></span> <span class='ocrx_word' id='word_1_329' title='bbox 783 2740 806 2789; x_wconf 68' lang='grc' dir='ltr'><strong><em>ἓξ</em></strong></span> <span class='ocrx_word' id='word_1_330' title='bbox 817 2736 897 2795; x_wconf 80' lang='grc' dir='ltr'><strong><em>ήμερῶν</em></strong></span> <span class='ocrx_word' id='word_1_331' title='bbox 906 2737 959 2796; x_wconf 83' lang='grc' dir='ltr'><strong><em>πράς</em></strong></span> 
     </span>
    </p>

    <p class='ocr_par' dir='ltr' id='par_1_5' title="bbox 175 2847 959 2988">
     <span class='ocr_line' id='line_1_35' title="bbox 198 2847 957 2896; baseline 0.003 -10"><span class='ocrx_word' id='word_1_332' title='bbox 198 2851 214 2886; x_wconf 70' lang='lat'><strong><em>4.</em></strong></span> <span class='ocrx_word' id='word_1_333' title='bbox 228 2852 258 2887; x_wconf 75' lang='grc' dir='ltr'><strong><em>καὶ</em></strong></span> <span class='ocrx_word' id='word_1_334' title='bbox 267 2847 383 2896; x_wconf 81' lang='grc' dir='ltr'><strong><em>ιηστεάσομει</em></strong></span> <span class='ocrx_word' id='word_1_335' title='bbox 398 2863 428 2885; x_wconf 87' lang='lat' dir='ltr'><strong><em>om.</em></strong></span> <span class='ocrx_word' id='word_1_336' title='bbox 440 2855 475 2886; x_wconf 78' lang='grc' dir='ltr'><strong><em>ταὶ.</em></strong></span> <span class='ocrx_word' id='word_1_337' title='bbox 487 2854 553 2895; x_wconf 71' lang='grc' dir='ltr'><strong><em>Βὴισίη.</em></strong></span> <span class='ocrx_word' id='word_1_338' title='bbox 599 2852 616 2888; x_wconf 83' lang='grc'><strong><em>7.</em></strong></span> <span class='ocrx_word' id='word_1_339' title='bbox 633 2850 682 2888; x_wconf 80' lang='grc' dir='ltr'><strong><em>πάλιν</em></strong></span> <span class='ocrx_word' id='word_1_340' title='bbox 695 2852 715 2890; x_wconf 77' lang='grc' dir='ltr'><strong><em>δὲ</em></strong></span> <span class='ocrx_word' id='word_1_341' title='bbox 730 2855 779 2888; x_wconf 81' lang='lat' dir='ltr'><em>verba</em></span> <span class='ocrx_word' id='word_1_342' title='bbox 793 2864 824 2887; x_wconf 82' lang='grc' dir='ltr'><strong><em>τιον</em></strong></span> <span class='ocrx_word' id='word_1_343' title='bbox 839 2856 910 2895; x_wconf 78' lang='grc' dir='ltr'><strong><em>αςτιοειθ</em></strong></span> <span class='ocrx_word' id='word_1_344' title='bbox 922 2855 957 2888; x_wconf 75' lang='lat' dir='ltr'><em>cod.</em></span> 
     </span>
     <span class='ocr_line' id='line_1_36' title="bbox 198 2895 643 2940; baseline 0 -9"><span class='ocrx_word' id='word_1_345' title='bbox 198 2899 215 2931; x_wconf 83' lang='lat'><strong><em>5.</em></strong></span> <span class='ocrx_word' id='word_1_346' title='bbox 230 2895 244 2940; x_wconf 68' lang='grc' dir='ltr'>ἡ</span> <span class='ocrx_word' id='word_1_347' title='bbox 259 2899 345 2930; x_wconf 75' lang='lat' dir='ltr'><em>articulum</em></span> <span class='ocrx_word' id='word_1_348' title='bbox 355 2900 416 2931; x_wconf 74' lang='lat' dir='ltr'><strong><em>uncinis</em></strong></span> <span class='ocrx_word' id='word_1_349' title='bbox 431 2901 492 2932; x_wconf 81' lang='grc' dir='ltr'><strong><em>αυίαυίί</em></strong></span> <span class='ocrx_word' id='word_1_350' title='bbox 506 2901 554 2932; x_wconf 72' lang='lat' dir='ltr'><strong><em>Pela·</em></strong></span> <span class='ocrx_word' id='word_1_351' title='bbox 577 2899 643 2940; x_wconf 75' lang='grc' dir='ltr'><strong><em>Ηλιάῐμ.</em></strong></span> 
     </span>
     <span class='ocr_line' id='line_1_37' title="bbox 175 2943 959 2988; baseline 0.001 -11"><span class='ocrx_word' id='word_1_352' title='bbox 175 2946 216 2977; x_wconf 76' lang='lat' dir='ltr'><em>vius.</em></span> <span class='ocrx_word' id='word_1_353' title='bbox 601 2943 719 2978; x_wconf 73' lang='grc' dir='ltr'><strong><em>(λιν.ΧΠ.-</em></strong></span> <span class='ocrx_word' id='word_1_354' title='bbox 737 2943 752 2977; x_wconf 85' lang='lat'><strong><em>1.</em></strong></span> <span class='ocrx_word' id='word_1_355' title='bbox 765 2943 959 2988; x_wconf 79' lang='grc' dir='ltr'><strong><em>πανσεβασμίονειτίμε.</em></strong></span> 
     </span>
    </p>
   </div>
   <div class='ocr_carea' id='block_1_4' title="bbox 176 2985 959 3079">
    <p class='ocr_par' dir='ltr' id='par_1_6' title="bbox 176 2985 959 3079">
     <span class='ocr_line' id='line_1_38' title="bbox 198 2985 959 3034; baseline 0.001 -12"><span class='ocrx_word' id='word_1_356' title='bbox 198 2990 215 3022; x_wconf 80' lang='grc'><strong><em>6.</em></strong></span> <span class='ocrx_word' id='word_1_357' title='bbox 225 2987 297 3032; x_wconf 73' lang='grc' dir='ltr'><strong><em>ἔστηκεν</em></strong></span> <span class='ocrx_word' id='word_1_358' title='bbox 307 2985 382 3031; x_wconf 71' lang='grc' dir='ltr'><strong><em>ἀλήθεια</em></strong></span> <span class='ocrx_word' id='word_1_359' title='bbox 389 2989 436 3022; x_wconf 74' lang='grc' dir='ltr'><strong><em>τοία.</em></strong></span> <span class='ocrx_word' id='word_1_360' title='bbox 441 2999 478 3024; x_wconf 76' lang='grc' dir='ltr'><strong><em>πει.</em></strong></span> <span class='ocrx_word' id='word_1_361' title='bbox 489 2988 531 3034; x_wconf 73' lang='grc' dir='ltr'><strong><em>ἔστη</em></strong></span> <span class='ocrx_word' id='word_1_362' title='bbox 542 2985 554 3033; x_wconf 80' lang='grc' dir='ltr'><strong><em>ή</em></strong></span> <span class='ocrx_word' id='word_1_363' title='bbox 576 2999 606 3030; x_wconf 77' lang='grc' dir='ltr'><strong><em>μιν</em></strong></span> <span class='ocrx_word' id='word_1_364' title='bbox 620 2988 752 3034; x_wconf 81' lang='grc' dir='ltr'><strong><em>πανσεβάσμοιι,</em></strong></span> <span class='ocrx_word' id='word_1_365' title='bbox 767 2990 810 3030; x_wconf 74' lang='lat' dir='ltr'><strong><em>quod</em></strong></span> <span class='ocrx_word' id='word_1_366' title='bbox 823 2991 871 3030; x_wconf 72' lang='grc' dir='ltr'><strong><em>υκιρο</em></strong></span> <span class='ocrx_word' id='word_1_367' title='bbox 885 2993 929 3023; x_wconf 79' lang='grc' dir='ltr'><strong><em>ινιτι-</em></strong></span> <span class='ocrx_word' id='word_1_368' title='bbox 942 2992 959 3023; x_wconf 78' lang='lat' dir='ltr'><strong><em>in</em></strong></span> 
     </span>
     <span class='ocr_line' id='line_1_39' title="bbox 176 3030 959 3079; baseline -0.001 -10"><span class='ocrx_word' id='word_1_369' title='bbox 176 3030 251 3078; x_wconf 65' lang='grc' dir='ltr'><strong><em>ἀλήθεια</em></strong></span> <span class='ocrx_word' id='word_1_370' title='bbox 260 3035 298 3068; x_wconf 64' lang='lat' dir='ltr'><strong><em>editt·</em></strong></span> <span class='ocrx_word' id='word_1_371' title='bbox 308 3034 348 3066; x_wconf 55' lang='lat' dir='ltr'><strong><em>libr&amp;</em></strong></span> <span class='ocrx_word' id='word_1_372' title='bbox 577 3035 621 3068; x_wconf 74' lang='lat' dir='ltr'><strong><em>libris</em></strong></span> <span class='ocrx_word' id='word_1_373' title='bbox 635 3037 711 3069; x_wconf 76' lang='lat' dir='ltr'><em>omnibus.</em></span> <span class='ocrx_word' id='word_1_374' title='bbox 734 3032 868 3079; x_wconf 76' lang='grc' dir='ltr'><strong><em>Πανοεβάσμιος</em></strong></span> <span class='ocrx_word' id='word_1_375' title='bbox 881 3035 959 3069; x_wconf 76' lang='grc' dir='ltr'><strong><em>ασίτιίίνο</em></strong></span> 
     </span>
    </p>
   </div>
   <div class='ocr_carea' id='block_1_5' title="bbox 0 0 1008 3392">
    <p class='ocr_par' dir='ltr' id='par_1_7' title="bbox 0 0 1008 3392">
     <span class='ocr_line' id='line_1_40' title="bbox 0 0 1008 3392; baseline 0 0"><span class='ocrx_word' id='word_1_376' title='bbox 0 0 1008 3392; x_wconf 95' lang='lat' dir='ltr'><strong><em> </em></strong></span> 
     </span>
    </p>
   </div>
  </div>
 </body>
</html>
