1988 3392
251 221 344 256 rauaeu
356 222 436 255 mern.
449 220 527 256 romi.
538 220 670 255 useaaxx.
792 252 799 264 ,
828 210 856 255 37

83 338 84 341 ,
127 299 222 344 Ceterum
243 302 295 344 idem
312 302 345 344 ille
359 315 425 344 senex
439 302 516 344 Audias
532 302 553 343 in
574 298 676 358 Scythiam
694 301 719 343 ab
734 301 856 357 imperatore

71 371 170 426 relegatus
182 378 225 423 est,
246 371 297 427 quod
313 371 396 427 populos
411 371 484 427 passim
500 371 525 412 ab
541 369 639 412 eeclesiae
655 369 751 426 obsequio
767 371 856 412 retrahe·

70 446 113 490 ret,
137 453 181 481 cum
197 453 221 481 eo
237 438 317 482 nouriue
333 440 357 482 ah
377 439 476 495 episcopis
492 445 547 482 esset
565 441 589 479 ad
609 438 751 494 imperatorem
769 439 855 482 delatus.

71 506 161 563 Cumque
179 508 198 549 in
215 521 239 550 ea
253 507 336 562 regione
350 515 467 550 versaretur
477 508 534 563 (queit
546 514 611 548 autem
624 507 682 548 annis
696 505 767 549 ibidem
781 507 857 550 vixerit

70 584 125 620 certo
138 590 257 618 asseverare
273 591 312 618 nou
324 581 454 633 possumus),
476 575 496 617 iu
512 576 608 618 interiora
621 574 728 617 Gotthicae
740 578 856 632 penetrans,

70 645 166 688 barbaros
179 645 251 687 multos
264 643 391 688 Christianae
402 645 504 701 religionis
516 643 739 700 rudimentisinstituit.
771 643 804 686 Ex
818 659 857 700 quo

70 713 191 758 monasteria
206 713 226 755 in
239 712 321 756 Gotthia
336 714 430 756 riorunulla
445 720 552 770 propagata
564 720 622 766 sunt,
643 712 747 768 inquibus
762 714 857 769 religiosa

70 782 148 826 viveudi
165 781 228 834 ratio,
249 789 270 824 et
287 782 402 838 virginitas,
424 781 577 838 arctissimaque
592 780 695 838 disciplina
712 780 787 823 floruit.
818 780 857 822 Est

69 851 121 893 enim
134 849 234 893 hominum
249 850 287 892 iste
303 857 373 892 coetus
384 849 437 891 vitae
450 850 528 891 ratione
541 857 561 891 et
576 849 667 891 instituto
678 864 722 892 cunr
738 849 809 906 primis
821 850 856 891 ad-

69 918 161 961 mirahili.
192 918 259 975 Atque
270 918 289 959 in
301 917 379 960 illorum
393 918 520 960 urotrasteriis
532 917 580 959 nihil
592 932 631 959 nun
642 918 765 974 praeclarum
780 925 801 960 et
812 918 856 959 exi·

69 988 128 1030 mium
142 994 181 1038 est,
198 986 214 1028 si
227 988 357 1043 praefractam
370 986 423 1028 illam
438 986 581 1028 contumaciam
594 985 684 1044 excipias
700 1000 736 1041 qua
752 993 772 1027 et
782 986 803 1028 in
816 985 856 1028 Pa-

69 1055 136 1099 schate
149 1055 268 1097 celebrando
277 1070 289 1097 a
299 1054 399 1098 conmruni
410 1055 555 1097 consuetudine
568 1054 683 1106 disceduut3
701 1061 721 1096 et
730 1054 778 1096 illud
788 1056 813 1096 de
823 1053 855 1096 dei

68 1124 154 1179 imagine
169 1123 252 1179 simplici
269 1125 351 1180 quadam
368 1124 446 1166 ratione
462 1123 632 1179 interpretandum
648 1129 723 1179 putant.

126 1189 167 1234 Sed
176 1191 224 1233 illud
234 1184 315 1247 reliquis
325 1192 417 1234 omnihus
427 1192 452 1234 ad
461 1191 564 1233 horrorem
575 1197 596 1232 et
605 1191 731 1233 atrocitatem
741 1190 804 1233 maius
815 1198 854 1244 est,
865 1205 946 1252 Gava.

69 1260 119 1316 quod
136 1274 179 1301 cum
198 1261 276 1301 uernine
290 1267 408 1315 precantur,
431 1260 510 1301 tametsi
526 1260 616 1301 honestis
627 1266 687 1313 atque
698 1259 782 1313 integris
795 1260 855 1301 mori·

68 1328 105 1369 hus
118 1341 164 1369 esse
175 1327 278 1383 videatur,
301 1341 366 1383 neque
382 1326 484 1383 quicquam
501 1326 572 1369 haheat
582 1327 633 1382 qued
644 1326 673 1367 illi
688 1326 794 1378 obiiciant,
815 1342 855 1368 non

68 1395 139 1451 stupri,
156 1409 196 1449 non
207 1395 307 1447 adulterii,
320 1410 360 1437 nou
373 1396 470 1438 avaritiae
481 1395 556 1436 crimen
568 1395 636 1446 ullum,
651 1395 690 1436 nisi
699 1396 737 1437 hoc
747 1396 856 1448 duntaxat,

68 1464 119 1520 qued
134 1462 231 1504 ecclesiae
243 1464 382 1505 communione
393 1464 514 1505 continetur.
545 1462 583 1504 Est
595 1463 632 1505 hue
643 1477 701 1516 vero,
718 1463 746 1504 uti
757 1462 852 1515 diximus,

68 1533 201 1583 hermadam,
219 1528 379 1574 Christianorum
393 1538 516 1573 conmmtare
529 1545 614 1583 nomeu,
631 1531 664 1587 qui
677 1531 697 1573 in
709 1538 778 1573 saneta
790 1532 855 1573 eecle-

68 1600 97 1642 sia
110 1606 231 1651 ceescntor,
248 1613 298 1655 qtrae
310 1600 352 1642 sola
366 1597 442 1642 Christi
456 1606 477 1640 et
489 1596 648 1641 Christianorum
660 1599 793 1655 appellatione
806 1614 855 1641 eon-

69 1675 122 1710 teata
137 1667 256 1710 adscititium
274 1682 332 1710 omne
348 1682 419 1710 nomen
434 1666 521 1725 respuit,
543 1681 579 1724 pro
592 1666 639 1720 illo,
660 1666 752 1724 inquam,
774 1668 855 1710 nomine

68 1737 173 1779 Audianos
185 1737 292 1793 appellari,
308 1737 407 1778 coitiones
417 1737 470 1778 iuter
481 1749 504 1777 se
518 1737 595 1788 lacere,
611 1751 635 1778 ao
646 1744 743 1779 tesseram
756 1738 805 1779 meri
819 1737 855 1778 ho-

69 1805 127 1847 minis
141 1805 221 1847 nomine
233 1805 347 1861 inscriptam
360 1805 450 1860 exigere.
482 1803 551 1857 Haec,
571 1805 659 1861 inquam,
678 1805 758 1847 minime
772 1806 854 1848 serenda
881 1819 883 1821 ·

70 1880 128 1928 suut,
145 1873 235 1931 quamvis
250 1873 323 1930 alioqui
335 1873 477 1930 integerrimus
489 1873 515 1916 sit
528 1873 628 1917 homiuum
641 1873 675 1916 ille
688 1880 808 1927 conventus,
824 1881 854 1917 at-

50 1987 52 1990 ,
69 1958 107 1999 que
122 1944 175 1985 omni
187 1958 209 1985 se
220 1943 318 2000 probitate
331 1943 445 1999 iustitiaque
455 1943 552 1986 venditet.
582 1941 633 1986 Post
643 1944 696 1987 illius
708 1959 757 1986 vero
768 1952 853 1986 mortem

68 2013 91 2054 ad
101 2013 185 2054 euudem
197 2012 251 2054 illum
263 2019 341 2054 coetum
352 2012 462 2054 adhaesere
471 2012 583 2068 complures
594 2013 691 2070 episcopi,
710 2015 745 2056 sed
763 2013 853 2071 inprimis

68 2079 156 2124 Urauius
171 2081 190 2123 iu
203 2079 357 2137 Mesopotamio.
389 2078 443 2135 Quia
460 2080 519 2122 etiam
535 2095 562 2122 ex
576 2081 618 2137 ipsa
631 2081 714 2124 Gotthia
728 2082 766 2123 sihi
778 2083 853 2138 aliquot

67 2150 170 2203 adiunxit,
192 2157 213 2192 et
228 2151 332 2208 episcopos
347 2148 457 2192 coristituit.
489 2147 574 2192 Praeter
585 2164 635 2205 quies
650 2150 710 2192 etiam
724 2148 819 2193 Silvanus
831 2157 853 2192 et

68 2219 100 2260 alii
116 2218 195 2274 quidam
209 2220 332 2271 extiterunt;
348 2233 359 2260 e
371 2218 441 2274 quibus
452 2219 540 2260 nonnulli
552 2218 625 2260 mortui
637 2226 691 2271 suut,
708 2226 728 2260 et
738 2219 792 2261 inter
800 2219 851 2262 alios

68 2286 167 2341 Urauius,
188 2287 220 2343 qui
237 2302 260 2329 se
276 2287 296 2329 iu
314 2287 346 2329 illa
362 2287 418 2329 turha
431 2301 479 2344 prae
494 2286 568 2329 ceteris
585 2287 689 2329 ellerehat.
720 2287 796 2330 Verum
807 2296 853 2346 post

67 2355 137 2400 Urauii
158 2371 181 2398 ae
196 2354 280 2413 Sylvani
299 2356 319 2398 iu
336 2355 418 2399 Gotthia
438 2356 526 2413 episcopi
546 2363 643 2409 mortem,
664 2357 763 2413 plerisque
783 2359 808 2400 ah
828 2372 853 2400 ea

69 2424 154 2467 lectione
165 2424 283 2478 abstractis,
305 2426 329 2467 ad
342 2438 417 2481 paucos
429 2424 512 2467 istorum
527 2435 639 2467 conventus
649 2426 742 2468 redactus
758 2434 801 2479 est,
823 2433 854 2469 at-

68 2508 106 2549 que
123 2494 143 2535 in
158 2491 264 2546 Chalcide,
287 2507 337 2549 quae
353 2494 376 2534 ad
393 2492 520 2535 Antiochiam
536 2494 575 2535 sita
591 2502 634 2546 est,
657 2496 714 2536 etad
729 2494 852 2551 Euphratem

67 2561 150 2603 resedit.
180 2560 234 2603 Nam
248 2576 259 2603 e
273 2560 355 2604 Gotthia
374 2561 463 2618 plerique
482 2562 532 2618 pulsi
549 2569 607 2615 suut,
628 2577 667 2604 tina
681 2576 725 2605 eum
742 2564 786 2606 aliis
798 2580 853 2605 com-

68 2629 167 2673 munionis
182 2638 264 2673 nestrae
276 2628 409 2683 Christianis,
430 2645 474 2672 eum
490 2630 515 2673 ab
529 2644 577 2686 rege
594 2632 677 2686 quiedam
695 2632 764 2688 gentili
780 2632 853 2688 iugens

68 2705 122 2740 esset
141 2713 164 2740 ac
180 2697 288 2741 vehemens
304 2700 401 2741 concitata
421 2699 546 2756 persecutio,
569 2714 626 2755 qumu
643 2699 779 2742 Romanorum
795 2715 853 2758 prac-

67 2766 135 2808 sertim
152 2766 198 2808 odio
214 2774 361 2818 commoverat,
384 2768 435 2823 quod
453 2766 557 2809 Romanos
574 2768 705 2825 imperatores
726 2767 852 2812 Christianos

68 2849 114 2878 esse
126 2836 215 2887 videret,
237 2831 288 2877 irride
301 2833 436 2878 Christianum
450 2850 508 2877 omine
521 2851 593 2878 nomeu
609 2837 663 2880 illine
674 2838 805 2880 exterminari
817 2853 853 2880 vo·

68 2903 110 2946 luit.
141 2902 217 2948 Verum
229 2904 287 2946 radix
298 2904 408 2961 sapientiae
418 2912 451 2947 aut
463 2904 509 2947 lidei
520 2913 576 2947 satus
588 2920 627 2948 non
642 2907 715 2949 delicit.
746 2906 773 2948 Et
785 2923 853 2964 quarn-

67 3029 99 3051 aem
114 3014 210 3061 ἅπελάσῇη.
233 3017 270 3053 Καὶ
284 3014 303 3053 eti
317 3020 359 3058 zeh,
378 3018 447 3054 eareat
469 3030 485 3063 γ.
497 3031 512 3053 τ.
522 3017 556 3062 xa.
567 3017 596 3055 ἐπ’
606 3020 674 3057 ἐκείνων
684 3019 809 3066 testaceum
824 3017 853 3057 Ου’

67 3061 110 3108 πρὸς
119 3082 191 3089 -----
201 3062 319 3108 Χριστιανοὺς,
330 3060 376 3100 ὥστε
385 3062 405 3099 τὸ
414 3067 447 3101 πᾶν
471 3063 525 3101 λείπει
536 3067 572 3101 κτλ.
