1988 3392
195 253 289 288 PANARll
301 254 345 286 LIB.
354 254 385 287 Ill.
398 254 453 289 TOM.
464 255 485 287 ΙΙ.
498 254 576 288 EXPOS.
589 252 633 285 Fan.
648 252 745 285 caTHeL.
823 242 865 283 515

79 343 99 377 et
110 333 200 391 spiritum
220 340 309 375 sanctum
323 347 334 373 a
349 340 404 388 patre
422 333 501 389 {ilioque
517 348 557 375 non
571 334 670 384 alienum,
694 330 814 382 trinitatem,
835 330 866 371 in·

79 416 150 460 quam,
166 414 216 457 qnae
228 415 308 458 semper
318 400 357 453 sit,
375 415 439 457 neque
449 402 507 443 ullius
517 401 640 444 accessionis
652 406 719 455 egeat,
736 414 800 454 neque
811 399 867 455 quic-

79 485 137 527 quam
158 470 178 510 in
197 483 243 511 sese
264 470 349 511 interius
365 469 449 521 haheat,
474 484 563 526 quaeque
581 471 604 511 ad
621 469 743 525 singularem
760 468 864 519 unitatem,

79 540 198 595 unicumque
208 539 239 580 dei
250 552 274 593 ae
286 538 348 594 patris
365 538 482 595 principium
500 540 607 581 referatur.
638 539 671 580 Ah
685 537 755 579 eadem
769 537 865 588 trinitate,

79 616 147 666 patre,
169 607 210 648 lilio
229 613 249 648 et
267 606 337 662 spiritu
353 614 423 649 sancto
441 614 508 648 creata
524 620 570 649 esse
588 615 669 659 cuneta,
692 618 742 661 quae
761 603 866 660 aliqnando

81 692 120 719 non
131 676 252 728 extiterant,
276 689 397 731 neqneenm
414 676 521 727 deosnnt,
544 677 743 725 necantelnerant,
764 673 868 714 sedeni-

81 744 121 787 hilo
132 743 205 800 aliquid
218 757 263 785 esse
276 751 397 800 coeperunt,
420 751 510 800 epatre,
529 743 569 785 lilio
587 752 695 799 sanctoque
711 743 781 799 spiritu
795 741 868 797 produ-
913 764 916 767 >

81 821 121 855 eta.
152 811 211 854 Hunc
221 811 284 868 ipsum
297 819 372 867 patrem
385 820 404 853 et
416 812 475 854 lilium
487 819 507 853 et
519 812 609 867 spiritum
620 818 711 853 sanetum
722 811 746 851 ah
759 810 809 851 orhe
821 824 869 851 con·

82 883 122 924 dito
137 880 213 923 sanetis
225 880 267 922 suis
279 880 390 937 pervisum
401 880 530 937 apparuisse,
547 888 640 935 quantum
654 894 726 936 capere
738 880 822 935 quisque
833 894 867 935 pe-

82 956 144 1002 terat,
166 963 190 991 ae
201 963 237 1006 pro
250 963 309 991 eoae
322 949 403 991 cuilibet
415 950 559 991 communicata
571 963 607 1006 per
618 949 741 991 divinitatem
752 948 817 1004 gratia
828 955 868 1001 est,

82 1035 140 1076 qnam
157 1019 182 1062 iis
201 1018 293 1061 omnihus
312 1018 345 1074 qni
364 1019 493 1061 merebantur
511 1018 614 1075 impertiit.
652 1017 683 1060 lta
700 1018 761 1075 patris
778 1026 869 1075 aspectus

82 1088 189 1145 nnieuique
201 1088 311 1145 permissus
323 1095 365 1141 est,
388 1095 483 1144 quantum
493 1103 563 1130 inocem
574 1088 627 1130 illins
639 1088 719 1138 andire,
736 1103 759 1129 ac
770 1096 827 1144 prout
839 1102 872 1130 ca-

83 1173 130 1216 pere
142 1165 228 1216 poterat.
259 1156 286 1200 Ut
298 1171 342 1199 eum
356 1171 392 1215 per
407 1156 479 1201 isaiam
494 1158 522 1200 ita
533 1158 631 1214 loquitur,
652 1160 704 1198 Eece
716 1159 813 1211 intelleget
819 1172 869 1212 puer
876 1166 947 1204 Esaiae,
953 1167 975 1195 13.

83 1243 135 1269 meus
145 1231 233 1269 dilectus.
266 1226 324 1283 Quae
335 1228 396 1284 patris
406 1227 468 1284 ipsius
481 1227 542 1270 veiha
554 1234 608 1269 sunt.
641 1225 676 1269 Sic
687 1226 761 1269 Daniel
770 1226 872 1282 antiquum
888 1235 967 1273 cauea.

83 1298 137 1340 illum
154 1297 229 1339 dierum
248 1297 309 1350 vidit,
333 1297 385 1352 quod
401 1296 466 1339 visum
484 1297 546 1353 patris
561 1297 662 1353 proprium
680 1298 723 1338 luit.
756 1294 872 1351 Quinetiam

84 1367 134 1424 apud
148 1367 208 1409 alium
220 1365 347 1423 prophetam,
364 1369 418 1420 Ego,
435 1365 511 1422 inquit,
527 1369 609 1406 viscones
618 1368 754 1419 multiplicavi,
772 1374 793 1406 et
800 1369 820 1407 in
829 1381 870 1407 mu-
876 1376 913 1405 ese.
922 1377 945 1412 12,
953 1376 976 1404 io.

84 1437 140 1477 nehus
149 1438 285 1489 prophetorum
301 1437 419 1475 ascenderes
432 1450 481 1475 sunu
513 1433 543 1476 Ea
554 1449 596 1476 vox
607 1442 638 1476 est
649 1434 683 1475 lilii
694 1434 782 1491 propria.
813 1435 872 1491 Apud

85 1501 214 1546 Ezechielem
232 1517 292 1556 vero,
314 1506 342 1544 Et
356 1508 469 1557 menrnpse't,
491 1503 567 1559 inquit,
589 1506 670 1556 spalatus
683 1506 724 1551 dei,
747 1511 767 1544 et
776 1507 833 1544 eiecit
842 1513 977 1551 meratenam.

85 1577 105 1615 in
121 1587 214 1627 cuaupuru.
247 1570 305 1627 Quod
323 1572 347 1613 ad
364 1571 455 1628 spiritum
472 1579 562 1614 sanctum
580 1572 674 1627 pertinet.
711 1570 816 1614 Eiusmodi
834 1573 871 1614 alia
895 1548 941 1577 ‘m'

86 1642 170 1698 proferri
183 1640 336 1697 quamplurima
349 1648 444 1697 possnnt3
462 1654 472 1682 e
485 1640 556 1696 quihus
569 1655 631 1697 pauca
644 1641 739 1696 quaedam
752 1641 818 1682 ohiter
829 1655 875 1697 prc-

86 1712 196 1767 posuimus.
226 1713 294 1766 Atque
310 1716 331 1751 ut
344 1711 442 1765 propriam
457 1709 555 1751 ecelesiae
571 1710 654 1751 formam
671 1724 694 1752 ac
709 1717 767 1752 netas
781 1711 875 1752 ostende-

88 1793 167 1832 remus,
189 1780 228 1821 dno
243 1779 307 1820 triave
324 1778 423 1821 verha'iu
438 1778 523 1820 medium
542 1779 655 1828 attulimus,
679 1793 705 1820 ex
720 1779 874 1831 infinitisloeis,

88 1862 137 1904 quae
148 1847 228 1890 illorum
240 1847 312 1889 similia
326 1847 346 1889 in
358 1846 476 1903 scripturis,
499 1861 522 1888 ac
535 1854 574 1888 tam
585 1854 655 1889 vetere
671 1862 730 1902 quam
749 1862 802 1890 nevo
814 1855 876 1890 testa-

89 1924 155 1960 mento
175 1917 275 1972 leguntur,
307 1914 357 1958 lllnd
374 1916 518 1972 rereinsuper
535 1915 620 1958 eeclesia
636 1917 752 1972 profitetur,
774 1918 875 1959 dominum

88 1985 151 2042 ipsum
171 2000 243 2042 eorpus
263 1984 342 2027 Adamo
359 1985 481 2037 lahrieasse,
505 1992 525 2026 et
540 1989 645 2039 aspirasse
661 1988 694 2026 ille¹
706 1989 795 2039 spiritum
813 1989 871 2036 uitae,
900 2001 962 2032 eene

89 2068 133 2095 cnm
146 2055 246 2097 viventem
258 2054 277 2095 ci
289 2062 404 2110 procrearet
415 2055 508 2095 animam.
540 2053 594 2096 Tum
607 2053 675 2111 illapsi
690 2054 755 2109 legem
767 2055 874 2098 tradidisse

90 2123 147 2165 deum
159 2123 222 2180 ipsum
232 2131 321 2179 patrem,
337 2123 397 2164 filium
412 2129 432 2163 et
442 2121 533 2179 spiritum
547 2130 649 2174 sanetum,
667 2131 760 2178 quaeest
773 2139 812 2165 uria
824 2124 875 2166 divi-

90 2191 149 2234 nitas.
186 2191 264 2234 Deinde
282 2191 306 2233 ah
327 2192 396 2233 eadem
414 2191 518 2233 divinitate
536 2191 642 2248 prophetas
662 2205 707 2233 esse
723 2192 804 2233 missos.
841 2193 875 2234 At

90 2259 139 2302 haec
150 2268 239 2303 nestrum
251 2261 305 2303 illum
318 2260 376 2302 deum
388 2258 508 2302 ludaeorum
522 2274 545 2302 ae
557 2258 717 2303 Christianorum
730 2274 776 2302 esse
787 2275 876 2303 eommu-

91 2343 148 2382 nem,
165 2331 199 2386 qui
210 2328 295 2372 ludaeos
307 2330 331 2372 ad
344 2329 505 2371 iustificationem
519 2326 554 2372 eos
565 2330 658 2381 vocarit,
675 2330 707 2385 qni
718 2330 877 2372 incarnationem

90 2398 153 2454 ipsam
167 2398 240 2440 domini
252 2399 314 2440 nostri
328 2397 375 2440 lesn
389 2396 464 2441 Christi
478 2411 601 2454 nequaquam
616 2398 752 2453 abnegarent,
769 2400 842 2454 quique
854 2398 878 2440 il-

91 2465 203 2509 insomnes
220 2475 288 2511 serrat
301 2467 333 2523 qni
348 2481 374 2509 ex
388 2481 449 2510 uerae
465 2467 528 2524 ipsius
546 2466 591 2508 fidei
602 2468 727 2522 praescripto
745 2467 806 2509 vitam
822 2468 880 2509 insti-

92 2540 160 2587 tuunt,
184 2549 249 2591 neque
266 2536 357 2577 sincerae
374 2543 393 2577 et
411 2537 539 2592 evangelicae
555 2535 608 2576 illins
624 2536 727 2577 doctrinae
744 2536 879 2591 praedicatum

92 2602 164 2659 ubique
175 2604 247 2659 dogma
258 2612 362 2660 respuunt.
393 2603 457 2646 Venit
468 2605 533 2655 enim,
549 2605 604 2646 venit
614 2604 742 2659 unigenitus,
759 2604 827 2660 itaque
838 2619 881 2646 rna-

93 2673 219 2715 terecclesia
232 2673 342 2728 profitetur.
374 2672 432 2727 Quae
445 2673 562 2729 tranquillus
579 2672 634 2728 pacis
652 2680 721 2728 portus
739 2680 781 2725 est,
804 2680 824 2714 et
836 2687 882 2715 sua-

93 2742 145 2783 vitas
162 2742 258 2798 quaedam
275 2741 322 2783 vitis
338 2756 417 2795 cyprum
433 2744 533 2791 redoleas,
554 2749 575 2782 et
589 2745 648 2781 otium
664 2741 722 2783 nohis
734 2741 879 2783 benedictionis
888 2749 933 2778 eant.
942 2749 985 2782 121⁴*

94 2811 212 2865 proferens,
236 2823 273 2851 nec
286 2811 327 2850 'rinn
345 2816 364 2851 et
378 2810 561 2866 praesentissimum
578 2808 625 2850 illud
645 2810 779 2865 abstergendo
795 2809 882 2851 moerori

95 2885 173 2933 potum,
189 2893 265 2921 merum
281 2878 370 2930 scilieet,
392 2892 415 2919 ae
431 2893 501 2921 verum
517 2876 592 2921 Christi
608 2879 726 2933 sangninem
741 2878 828 2934 qnotidie
844 2879 884 2920 lar·

95 2959 160 3000 grens.

118 3061 134 3093 ὁ.
147 3060 209 3105 κύπρου
217 3064 307 3104 suspicatus
314 3065 336 3095 est
343 3062 425 3102 Petovius,
437 3063 479 3102 qnod
525 3060 541 3094 tt,
554 3057 602 3103 πόμα
614 3062 648 3093 coe.
659 3062 690 3094 len.
703 3061 769 3093 electili.
787 3061 841 3104 atine
850 3063 885 3095 ece.

79 3111 81 3114 ’
95 3106 143 3146 plone
153 3109 224 3148 ineptum
237 3112 264 3140 est.
502 3108 568 3148 Rhecttp.

693 3164 740 3206 33*
