<?xml version="1.0" encoding="UTF-8"?>
<!DOCTYPE html PUBLIC "-//W3C//DTD XHTML 1.0 Transitional//EN"
    "http://www.w3.org/TR/xhtml1/DTD/xhtml1-transitional.dtd">
<html xmlns="http://www.w3.org/1999/xhtml" xml:lang="en" lang="en">
 <head>
  <title>
</title>
<meta http-equiv="Content-Type" content="text/html;charset=utf-8" />
  <meta name='ocr-system' content='tesseract 3.04.00' />
  <meta name='ocr-capabilities' content='ocr_page ocr_carea ocr_par ocr_line ocrx_word'/>
</head>
<body>
  <div class='ocr_page' id='page_1' title='image "./MN41650ucmf_1/MN41650ucmf_1_0361.png"; bbox 0 0 1988 3392; ppageno 0'>
   <div class='ocr_carea' id='block_1_1' title="bbox 247 249 872 293">
    <p class='ocr_par' dir='ltr' id='par_1_1' title="bbox 247 249 872 293">
     <span class='ocr_line' id='line_1_1' title="bbox 247 249 872 293; baseline -0.003 -1"><span class='ocrx_word' id='word_1_1' title='bbox 247 256 341 292; x_wconf 78' lang='lat' dir='ltr'><strong>euuanu</strong></span> <span class='ocrx_word' id='word_1_2' title='bbox 352 254 395 292; x_wconf 79' lang='lat' dir='ltr'><strong>Lau.</strong></span> <span class='ocrx_word' id='word_1_3' title='bbox 404 257 435 293; x_wconf 89' lang='lat' dir='ltr'><strong>ru.</strong></span> <span class='ocrx_word' id='word_1_4' title='bbox 447 258 503 293; x_wconf 82' lang='lat' dir='ltr'><strong>uun.</strong></span> <span class='ocrx_word' id='word_1_5' title='bbox 512 260 534 293; x_wconf 87' lang='lat'><strong>11.</strong></span> <span class='ocrx_word' id='word_1_6' title='bbox 546 256 616 292; x_wconf 78' lang='lat' dir='ltr'><strong>Huuu.</strong></span> <span class='ocrx_word' id='word_1_7' title='bbox 625 258 715 292; x_wconf 78' lang='lat' dir='ltr'><strong>uxxvn.</strong></span> <span class='ocrx_word' id='word_1_8' title='bbox 830 249 872 291; x_wconf 79' lang='lat'><strong>339</strong></span> 
     </span>
    </p>
   </div>
   <div class='ocr_carea' id='block_1_2' title="bbox 144 417 814 509">
    <p class='ocr_par' dir='ltr' id='par_1_2' title="bbox 144 417 814 509">
     <span class='ocr_line' id='line_1_2' title="bbox 144 417 814 452; baseline -0.001 -1"><span class='ocrx_word' id='word_1_9' title='bbox 144 418 288 452; x_wconf 76' lang='lat' dir='ltr'><strong>aTfluantus</strong></span> <span class='ocrx_word' id='word_1_10' title='bbox 300 417 420 451; x_wconf 68' lang='lat' dir='ltr'><strong>Episcopus</strong></span> <span class='ocrx_word' id='word_1_11' title='bbox 432 419 597 452; x_wconf 73' lang='lat' dir='ltr'><strong>atuxnunuluu</strong></span> <span class='ocrx_word' id='word_1_12' title='bbox 608 417 721 452; x_wconf 84' lang='lat' dir='ltr'><strong>EPIGTETO</strong></span> <span class='ocrx_word' id='word_1_13' title='bbox 734 417 814 450; x_wconf 76' lang='lat' dir='ltr'><strong>coutu-</strong></span> 
     </span>
     <span class='ocr_line' id='line_1_3' title="bbox 362 475 594 509; baseline 0 0"><span class='ocrx_word' id='word_1_14' title='bbox 362 475 470 509; x_wconf 87' lang='lat' dir='ltr'><strong>THlORUM</strong></span> <span class='ocrx_word' id='word_1_15' title='bbox 481 475 594 509; x_wconf 67' lang='lat' dir='ltr'><strong>Episcopo.</strong></span> 
     </span>
    </p>
   </div>
   <div class='ocr_carea' id='block_1_3' title="bbox 42 541 990 2451">
    <p class='ocr_par' dir='ltr' id='par_1_3' title="bbox 88 541 967 804">
     <span class='ocr_line' id='line_1_4' title="bbox 145 541 967 599; baseline 0.001 -14"><span class='ocrx_word' id='word_1_16' title='bbox 145 542 241 598; x_wconf 82' lang='lat' dir='ltr'>Equidem</span> <span class='ocrx_word' id='word_1_17' title='bbox 258 542 370 584; x_wconf 86' lang='lat' dir='ltr'><strong>arbitrabar</strong></span> <span class='ocrx_word' id='word_1_18' title='bbox 385 542 543 595; x_wconf 82' lang='lat' dir='ltr'><strong>haeretieorum,</strong></span> <span class='ocrx_word' id='word_1_19' title='bbox 568 551 664 599; x_wconf 72' lang='lat' dir='ltr'><strong>quotquot</strong></span> <span class='ocrx_word' id='word_1_20' title='bbox 681 557 768 598; x_wconf 90' lang='lat' dir='ltr'><strong>unquam</strong></span> <span class='ocrx_word' id='word_1_21' title='bbox 785 544 873 595; x_wconf 85' lang='lat' dir='ltr'><strong>fuerunt,</strong></span> <span class='ocrx_word' id='word_1_22' title='bbox 888 541 929 586; x_wconf 78' lang='lat' dir='ltr'><strong>cap.</strong></span> <span class='ocrx_word' id='word_1_23' title='bbox 939 543 967 573; x_wconf 91' lang='lat'>¹¹¹·</span> 
     </span>
     <span class='ocr_line' id='line_1_5' title="bbox 88 611 874 668; baseline -0.004 -13"><span class='ocrx_word' id='word_1_24' title='bbox 88 612 174 655; x_wconf 89' lang='lat' dir='ltr'><strong>omnium</strong></span> <span class='ocrx_word' id='word_1_25' title='bbox 185 626 257 654; x_wconf 88' lang='lat' dir='ltr'><strong>vanam</strong></span> <span class='ocrx_word' id='word_1_26' title='bbox 268 611 413 666; x_wconf 84' lang='lat' dir='ltr'><strong>absurdumque</strong></span> <span class='ocrx_word' id='word_1_27' title='bbox 423 611 563 667; x_wconf 73' lang='lat' dir='ltr'>loquacitatem</span> <span class='ocrx_word' id='word_1_28' title='bbox 574 612 598 652; x_wconf 82' lang='lat' dir='ltr'><strong>ab</strong></span> <span class='ocrx_word' id='word_1_29' title='bbox 605 611 697 654; x_wconf 79' lang='lat' dir='ltr'><strong>Nicaena</strong></span> <span class='ocrx_word' id='word_1_30' title='bbox 705 612 784 668; x_wconf 86' lang='lat' dir='ltr'><strong>synodo</strong></span> <span class='ocrx_word' id='word_1_31' title='bbox 796 611 874 666; x_wconf 87' lang='lat' dir='ltr'><strong>penitus</strong></span> 
     </span>
     <span class='ocr_line' id='line_1_6' title="bbox 88 677 913 736; baseline -0.005 -13"><span class='ocrx_word' id='word_1_32' title='bbox 88 695 133 723; x_wconf 89' lang='lat' dir='ltr'><strong>esse</strong></span> <span class='ocrx_word' id='word_1_33' title='bbox 144 693 286 736; x_wconf 77' lang='lat' dir='ltr'><strong>compressam.</strong></span> <span class='ocrx_word' id='word_1_34' title='bbox 318 677 375 733; x_wconf 75' lang='lat' dir='ltr'><strong>Quae</strong></span> <span class='ocrx_word' id='word_1_35' title='bbox 389 679 441 721; x_wconf 89' lang='lat' dir='ltr'><strong>euim</strong></span> <span class='ocrx_word' id='word_1_36' title='bbox 453 680 493 722; x_wconf 88' lang='lat' dir='ltr'><strong>illie</strong></span> <span class='ocrx_word' id='word_1_37' title='bbox 508 694 520 721; x_wconf 92' lang='lat' dir='ltr'><strong>a</strong></span> <span class='ocrx_word' id='word_1_38' title='bbox 532 679 620 735; x_wconf 86' lang='lat' dir='ltr'><strong>patribus</strong></span> <span class='ocrx_word' id='word_1_39' title='bbox 634 694 660 721; x_wconf 84' lang='lat' dir='ltr'><strong>ex</strong></span> <span class='ocrx_word' id='word_1_40' title='bbox 673 694 775 722; x_wconf 82' lang='lat' dir='ltr'><strong>sacrarum</strong></span> <span class='ocrx_word' id='word_1_41' title='bbox 789 678 876 720; x_wconf 84' lang='lat' dir='ltr'><strong>auetori-</strong></span> <span class='ocrx_word' id='word_1_42' title='bbox 908 685 913 691; x_wconf 82' lang='grc'><em>’</em></span> 
     </span>
     <span class='ocr_line' id='line_1_7' title="bbox 88 747 877 804; baseline -0.003 -14"><span class='ocrx_word' id='word_1_43' title='bbox 88 757 128 791; x_wconf 86' lang='lat' dir='ltr'><strong>tate</strong></span> <span class='ocrx_word' id='word_1_44' title='bbox 139 749 241 790; x_wconf 88' lang='lat' dir='ltr'><strong>literarum</strong></span> <span class='ocrx_word' id='word_1_45' title='bbox 255 749 357 804; x_wconf 88' lang='lat' dir='ltr'><strong>proposita</strong></span> <span class='ocrx_word' id='word_1_46' title='bbox 372 747 417 789; x_wconf 90' lang='lat' dir='ltr'><strong>fidei</strong></span> <span class='ocrx_word' id='word_1_47' title='bbox 430 748 515 789; x_wconf 84' lang='lat' dir='ltr'><strong>formula</strong></span> <span class='ocrx_word' id='word_1_48' title='bbox 526 755 568 800; x_wconf 84' lang='lat' dir='ltr'><strong>est,</strong></span> <span class='ocrx_word' id='word_1_49' title='bbox 591 750 672 790; x_wconf 79' lang='lat' dir='ltr'><strong>eumad</strong></span> <span class='ocrx_word' id='word_1_50' title='bbox 690 763 749 790; x_wconf 87' lang='lat' dir='ltr'><strong>omne</strong></span> <span class='ocrx_word' id='word_1_51' title='bbox 764 761 828 803; x_wconf 85' lang='lat' dir='ltr'><strong>genus</strong></span> <span class='ocrx_word' id='word_1_52' title='bbox 840 748 877 788; x_wconf 92' lang='lat' dir='ltr'><strong>im·</strong></span> 
     </span>
    </p>

    <p class='ocr_par' dir='ltr' id='par_1_4' title="bbox 42 814 926 1424">
     <span class='ocr_line' id='line_1_8' title="bbox 42 814 877 875; baseline -0.002 -16"><span class='ocrx_word' id='word_1_53' title='bbox 42 855 44 858; x_wconf 16' lang='grc' dir='ltr'><em>Α</em></span> <span class='ocrx_word' id='word_1_54' title='bbox 89 816 167 875; x_wconf 83' lang='lat' dir='ltr'><strong>pietatis</strong></span> <span class='ocrx_word' id='word_1_55' title='bbox 177 817 315 867; x_wconf 86' lang='lat' dir='ltr'><strong>evertendum,</strong></span> <span class='ocrx_word' id='word_1_56' title='bbox 332 823 372 858; x_wconf 89' lang='lat' dir='ltr'><strong>tum</strong></span> <span class='ocrx_word' id='word_1_57' title='bbox 384 817 407 857; x_wconf 90' lang='lat' dir='ltr'><strong>ad</strong></span> <span class='ocrx_word' id='word_1_58' title='bbox 420 815 534 871; x_wconf 78' lang='lat' dir='ltr'><strong>religiosam</strong></span> <span class='ocrx_word' id='word_1_59' title='bbox 546 817 566 858; x_wconf 92' lang='lat' dir='ltr'><strong>in</strong></span> <span class='ocrx_word' id='word_1_60' title='bbox 578 814 660 858; x_wconf 84' lang='lat' dir='ltr'><strong>Christo</strong></span> <span class='ocrx_word' id='word_1_61' title='bbox 672 817 729 858; x_wconf 86' lang='lat' dir='ltr'><strong>iidem</strong></span> <span class='ocrx_word' id='word_1_62' title='bbox 742 817 877 858; x_wconf 85' lang='lat' dir='ltr'><strong>affirmandam</strong></span> 
     </span>
     <span class='ocr_line' id='line_1_9' title="bbox 90 883 877 942; baseline -0.003 -14"><span class='ocrx_word' id='word_1_63' title='bbox 90 886 180 937; x_wconf 84' lang='lat' dir='ltr'><strong>sufficere</strong></span> <span class='ocrx_word' id='word_1_64' title='bbox 195 884 282 926; x_wconf 87' lang='lat' dir='ltr'><strong>videtur.</strong></span> <span class='ocrx_word' id='word_1_65' title='bbox 314 883 450 939; x_wconf 78' lang='lat' dir='ltr'><strong>Quamobrem</strong></span> <span class='ocrx_word' id='word_1_66' title='bbox 470 899 514 926; x_wconf 90' lang='lat' dir='ltr'><strong>eum</strong></span> <span class='ocrx_word' id='word_1_67' title='bbox 532 899 567 939; x_wconf 81' lang='lat' dir='ltr'><strong>per</strong></span> <span class='ocrx_word' id='word_1_68' title='bbox 580 884 679 937; x_wconf 84' lang='lat' dir='ltr'><strong>Galliam,</strong></span> <span class='ocrx_word' id='word_1_69' title='bbox 700 885 818 942; x_wconf 78' lang='lat' dir='ltr'><strong>Hispaniam</strong></span> <span class='ocrx_word' id='word_1_70' title='bbox 833 884 877 926; x_wconf 87' lang='lat' dir='ltr'><strong>Ro-</strong></span> 
     </span>
     <span class='ocr_line' id='line_1_10' title="bbox 90 952 877 1010; baseline -0.005 -13"><span class='ocrx_word' id='word_1_71' title='bbox 90 968 173 1010; x_wconf 79' lang='lat' dir='ltr'><strong>maeque</strong></span> <span class='ocrx_word' id='word_1_72' title='bbox 189 953 239 995; x_wconf 87' lang='lat' dir='ltr'><strong>adeo</strong></span> <span class='ocrx_word' id='word_1_73' title='bbox 251 952 362 1008; x_wconf 76' lang='lat' dir='ltr'><strong>frequentia</strong></span> <span class='ocrx_word' id='word_1_74' title='bbox 377 952 415 994; x_wconf 83' lang='lat' dir='ltr'><strong>line</strong></span> <span class='ocrx_word' id='word_1_75' title='bbox 428 959 518 1008; x_wconf 87' lang='lat' dir='ltr'><strong>tempore</strong></span> <span class='ocrx_word' id='word_1_76' title='bbox 533 953 617 994; x_wconf 81' lang='lat' dir='ltr'><strong>enraeilia</strong></span> <span class='ocrx_word' id='word_1_77' title='bbox 634 954 734 995; x_wconf 87' lang='lat' dir='ltr'><strong>celebrata</strong></span> <span class='ocrx_word' id='word_1_78' title='bbox 746 954 798 1006; x_wconf 82' lang='lat' dir='ltr'><strong>sint,</strong></span> <span class='ocrx_word' id='word_1_79' title='bbox 821 960 877 1009; x_wconf 91' lang='lat' dir='ltr'><strong>quot-</strong></span> 
     </span>
     <span class='ocr_line' id='line_1_11' title="bbox 91 1020 878 1081; baseline -0.003 -16"><span class='ocrx_word' id='word_1_80' title='bbox 91 1030 139 1081; x_wconf 88' lang='lat' dir='ltr'><strong>quot</strong></span> <span class='ocrx_word' id='word_1_81' title='bbox 147 1024 167 1065; x_wconf 91' lang='lat' dir='ltr'><strong>in</strong></span> <span class='ocrx_word' id='word_1_82' title='bbox 178 1021 216 1064; x_wconf 93' lang='lat' dir='ltr'><strong>illis</strong></span> <span class='ocrx_word' id='word_1_83' title='bbox 227 1022 343 1078; x_wconf 83' lang='lat' dir='ltr'><strong>congregati</strong></span> <span class='ocrx_word' id='word_1_84' title='bbox 355 1028 409 1073; x_wconf 86' lang='lat' dir='ltr'><strong>sunt,</strong></span> <span class='ocrx_word' id='word_1_85' title='bbox 426 1021 516 1063; x_wconf 86' lang='lat' dir='ltr'><strong>oeeultos</strong></span> <span class='ocrx_word' id='word_1_86' title='bbox 527 1020 572 1063; x_wconf 83' lang='lat' dir='ltr'><strong>Arii</strong></span> <span class='ocrx_word' id='word_1_87' title='bbox 585 1023 682 1073; x_wconf 88' lang='lat' dir='ltr'><strong>lautores,</strong></span> <span class='ocrx_word' id='word_1_88' title='bbox 699 1022 823 1064; x_wconf 81' lang='lat' dir='ltr'><strong>Auxentium</strong></span> <span class='ocrx_word' id='word_1_89' title='bbox 834 1023 878 1064; x_wconf 84' lang='lat' dir='ltr'><strong>diue</strong></span> 
     </span>
     <span class='ocr_line' id='line_1_12' title="bbox 90 1089 926 1148; baseline -0.004 -12"><span class='ocrx_word' id='word_1_90' title='bbox 90 1092 275 1144; x_wconf 81' lang='lat' dir='ltr'><strong>Mediolanensem,</strong></span> <span class='ocrx_word' id='word_1_91' title='bbox 293 1097 313 1133; x_wconf 88' lang='lat' dir='ltr'><strong>et</strong></span> <span class='ocrx_word' id='word_1_92' title='bbox 322 1089 437 1139; x_wconf 81' lang='lat' dir='ltr'><strong>Ursalium,</strong></span> <span class='ocrx_word' id='word_1_93' title='bbox 454 1095 478 1132; x_wconf 80' lang='lat' dir='ltr'><strong>ae</strong></span> <span class='ocrx_word' id='word_1_94' title='bbox 490 1089 605 1143; x_wconf 86' lang='lat' dir='ltr'><strong>Valentem,</strong></span> <span class='ocrx_word' id='word_1_95' title='bbox 623 1089 694 1134; x_wconf 81' lang='lat' dir='ltr'><strong>Caium</strong></span> <span class='ocrx_word' id='word_1_96' title='bbox 708 1106 786 1148; x_wconf 91' lang='lat' dir='ltr'><strong>quoque</strong></span> <span class='ocrx_word' id='word_1_97' title='bbox 798 1090 880 1134; x_wconf 88' lang='lat' dir='ltr'><strong>Panno·</strong></span> <span class='ocrx_word' id='word_1_98' title='bbox 924 1089 926 1092; x_wconf 74' lang='grc'><strong>’</strong></span> 
     </span>
     <span class='ocr_line' id='line_1_13' title="bbox 91 1160 878 1217; baseline -0.003 -12"><span class='ocrx_word' id='word_1_99' title='bbox 91 1163 158 1216; x_wconf 86' lang='lat' dir='ltr'><strong>nium,</strong></span> <span class='ocrx_word' id='word_1_100' title='bbox 174 1160 230 1204; x_wconf 88' lang='lat' dir='ltr'><strong>velut</strong></span> <span class='ocrx_word' id='word_1_101' title='bbox 242 1160 301 1203; x_wconf 86' lang='lat' dir='ltr'><strong>unius</strong></span> <span class='ocrx_word' id='word_1_102' title='bbox 313 1161 378 1202; x_wconf 89' lang='lat' dir='ltr'><strong>afflatu</strong></span> <span class='ocrx_word' id='word_1_103' title='bbox 390 1160 479 1217; x_wconf 86' lang='lat' dir='ltr'><strong>spiritus,</strong></span> <span class='ocrx_word' id='word_1_104' title='bbox 497 1162 596 1203; x_wconf 87' lang='lat' dir='ltr'><strong>eommuui</strong></span> <span class='ocrx_word' id='word_1_105' title='bbox 607 1162 703 1217; x_wconf 81' lang='lat' dir='ltr'><strong>suffragio</strong></span> <span class='ocrx_word' id='word_1_106' title='bbox 713 1162 878 1215; x_wconf 83' lang='lat' dir='ltr'><strong>condemnarunt,</strong></span> 
     </span>
     <span class='ocr_line' id='line_1_14' title="bbox 92 1230 880 1289; baseline -0.001 -15"><span class='ocrx_word' id='word_1_107' title='bbox 92 1241 112 1275; x_wconf 87' lang='lat' dir='ltr'><strong>et</strong></span> <span class='ocrx_word' id='word_1_108' title='bbox 123 1231 236 1288; x_wconf 83' lang='lat' dir='ltr'><strong>eneyulieas</strong></span> <span class='ocrx_word' id='word_1_109' title='bbox 251 1230 321 1273; x_wconf 87' lang='lat' dir='ltr'><strong>literas</strong></span> <span class='ocrx_word' id='word_1_110' title='bbox 338 1231 474 1286; x_wconf 84' lang='lat' dir='ltr'><strong>seripserunt,</strong></span> <span class='ocrx_word' id='word_1_111' title='bbox 496 1231 567 1286; x_wconf 91' lang='lat' dir='ltr'><strong>quibus</strong></span> <span class='ocrx_word' id='word_1_112' title='bbox 580 1233 630 1287; x_wconf 86' lang='lat' dir='ltr'><strong>quod</strong></span> <span class='ocrx_word' id='word_1_113' title='bbox 647 1232 680 1274; x_wconf 87' lang='lat' dir='ltr'><strong>isti</strong></span> <span class='ocrx_word' id='word_1_114' title='bbox 695 1232 817 1289; x_wconf 83' lang='lat' dir='ltr'><strong>synodorum</strong></span> <span class='ocrx_word' id='word_1_115' title='bbox 832 1233 880 1274; x_wconf 85' lang='lat' dir='ltr'><strong>falsa</strong></span> 
     </span>
     <span class='ocr_line' id='line_1_15' title="bbox 92 1299 881 1357; baseline -0.001 -13"><span class='ocrx_word' id='word_1_116' title='bbox 92 1301 172 1344; x_wconf 87' lang='lat' dir='ltr'><strong>nomina</strong></span> <span class='ocrx_word' id='word_1_117' title='bbox 188 1303 299 1353; x_wconf 76' lang='lat' dir='ltr'><strong>lactarent,</strong></span> <span class='ocrx_word' id='word_1_118' title='bbox 320 1299 380 1341; x_wconf 88' lang='lat' dir='ltr'><strong>ullam</strong></span> <span class='ocrx_word' id='word_1_119' title='bbox 396 1299 417 1341; x_wconf 93' lang='lat' dir='ltr'><strong>in</strong></span> <span class='ocrx_word' id='word_1_120' title='bbox 429 1299 515 1342; x_wconf 79' lang='lat' dir='ltr'><strong>ecelesia</strong></span> <span class='ocrx_word' id='word_1_121' title='bbox 527 1301 623 1342; x_wconf 88' lang='lat' dir='ltr'><strong>eatlmliea</strong></span> <span class='ocrx_word' id='word_1_122' title='bbox 636 1301 734 1357; x_wconf 83' lang='lat' dir='ltr'><strong>synodum</strong></span> <span class='ocrx_word' id='word_1_123' title='bbox 750 1309 829 1356; x_wconf 84' lang='lat' dir='ltr'><strong>praeter</strong></span> <span class='ocrx_word' id='word_1_124' title='bbox 842 1299 881 1343; x_wconf 90' lang='lat' dir='ltr'><strong>Ni·</strong></span> 
     </span>
     <span class='ocr_line' id='line_1_16' title="bbox 92 1368 880 1424; baseline -0.001 -12"><span class='ocrx_word' id='word_1_125' title='bbox 92 1384 176 1413; x_wconf 85' lang='lat' dir='ltr'><strong>eaeuam</strong></span> <span class='ocrx_word' id='word_1_126' title='bbox 188 1368 286 1412; x_wconf 88' lang='lat' dir='ltr'><strong>nominari</strong></span> <span class='ocrx_word' id='word_1_127' title='bbox 297 1375 417 1421; x_wconf 85' lang='lat' dir='ltr'><strong>vetuerunt;</strong></span> <span class='ocrx_word' id='word_1_128' title='bbox 437 1382 488 1424; x_wconf 90' lang='lat' dir='ltr'><strong>quae</strong></span> <span class='ocrx_word' id='word_1_129' title='bbox 501 1383 545 1410; x_wconf 89' lang='lat' dir='ltr'><strong>eum</strong></span> <span class='ocrx_word' id='word_1_130' title='bbox 558 1369 582 1410; x_wconf 90' lang='lat' dir='ltr'><strong>de</strong></span> <span class='ocrx_word' id='word_1_131' title='bbox 593 1369 666 1411; x_wconf 86' lang='lat' dir='ltr'><strong>ueteris</strong></span> <span class='ocrx_word' id='word_1_132' title='bbox 678 1369 781 1422; x_wconf 84' lang='lat' dir='ltr'><strong>omuibus,</strong></span> <span class='ocrx_word' id='word_1_133' title='bbox 804 1378 845 1411; x_wconf 87' lang='lat' dir='ltr'><strong>turn</strong></span> <span class='ocrx_word' id='word_1_134' title='bbox 856 1370 880 1411; x_wconf 90' lang='lat' dir='ltr'><strong>de</strong></span> 
     </span>
    </p>

    <p class='ocr_par' dir='ltr' id='par_1_5' title="bbox 52 1432 883 1701">
     <span class='ocr_line' id='line_1_17' title="bbox 52 1432 881 1496; baseline -0.001 -15"><span class='ocrx_word' id='word_1_135' title='bbox 52 1432 54 1436; x_wconf 39' lang='lat'>⁸</span> <span class='ocrx_word' id='word_1_136' title='bbox 93 1439 171 1481; x_wconf 80' lang='lat' dir='ltr'><strong>Ariana</strong></span> <span class='ocrx_word' id='word_1_137' title='bbox 186 1438 309 1495; x_wconf 83' lang='lat' dir='ltr'><strong>potissimum</strong></span> <span class='ocrx_word' id='word_1_138' title='bbox 325 1437 404 1479; x_wconf 88' lang='lat' dir='ltr'><strong>haeresi</strong></span> <span class='ocrx_word' id='word_1_139' title='bbox 419 1437 559 1494; x_wconf 86' lang='lat' dir='ltr'><strong>triumphavit,</strong></span> <span class='ocrx_word' id='word_1_140' title='bbox 583 1438 640 1480; x_wconf 90' lang='lat' dir='ltr'><strong>euius</strong></span> <span class='ocrx_word' id='word_1_141' title='bbox 652 1438 712 1480; x_wconf 91' lang='lat' dir='ltr'><strong>unius</strong></span> <span class='ocrx_word' id='word_1_142' title='bbox 723 1440 788 1494; x_wconf 80' lang='lat' dir='ltr'><strong>gratia</strong></span> <span class='ocrx_word' id='word_1_143' title='bbox 801 1439 881 1496; x_wconf 82' lang='lat' dir='ltr'><strong>potissi-</strong></span> 
     </span>
     <span class='ocr_line' id='line_1_18' title="bbox 94 1506 882 1563; baseline -0.004 -12"><span class='ocrx_word' id='word_1_144' title='bbox 94 1523 146 1551; x_wconf 91' lang='lat' dir='ltr'><strong>mum</strong></span> <span class='ocrx_word' id='word_1_145' title='bbox 156 1515 187 1548; x_wconf 91' lang='lat' dir='ltr'><strong>est</strong></span> <span class='ocrx_word' id='word_1_146' title='bbox 197 1507 290 1549; x_wconf 88' lang='lat' dir='ltr'><strong>eolleeta.</strong></span> <span class='ocrx_word' id='word_1_147' title='bbox 321 1506 372 1548; x_wconf 85' lang='lat' dir='ltr'><strong>Post</strong></span> <span class='ocrx_word' id='word_1_148' title='bbox 382 1521 406 1548; x_wconf 86' lang='lat' dir='ltr'><strong>ea</strong></span> <span class='ocrx_word' id='word_1_149' title='bbox 418 1520 466 1549; x_wconf 86' lang='lat' dir='ltr'><strong>vero</strong></span> <span class='ocrx_word' id='word_1_150' title='bbox 476 1514 617 1563; x_wconf 65' lang='lat' dir='ltr'><strong>tenuataque,</strong></span> <span class='ocrx_word' id='word_1_151' title='bbox 635 1509 720 1563; x_wconf 86' lang='lat' dir='ltr'><strong>quidest</strong></span> <span class='ocrx_word' id='word_1_152' title='bbox 729 1508 781 1563; x_wconf 91' lang='lat' dir='ltr'><strong>quod</strong></span> <span class='ocrx_word' id='word_1_153' title='bbox 792 1508 882 1550; x_wconf 86' lang='lat' dir='ltr'><strong>nonnulli</strong></span> 
     </span>
     <span class='ocr_line' id='line_1_19' title="bbox 94 1574 882 1631; baseline 0.001 -12"><span class='ocrx_word' id='word_1_154' title='bbox 94 1576 252 1619; x_wconf 83' lang='lat' dir='ltr'><strong>controversiam</strong></span> <span class='ocrx_word' id='word_1_155' title='bbox 268 1576 334 1618; x_wconf 85' lang='lat' dir='ltr'><strong>lacere</strong></span> <span class='ocrx_word' id='word_1_156' title='bbox 350 1590 375 1617; x_wconf 86' lang='lat' dir='ltr'><strong>ae</strong></span> <span class='ocrx_word' id='word_1_157' title='bbox 389 1574 517 1631; x_wconf 88' lang='lat' dir='ltr'><strong>quaestiones</strong></span> <span class='ocrx_word' id='word_1_158' title='bbox 534 1576 610 1631; x_wconf 79' lang='lat' dir='ltr'><strong>agitare</strong></span> <span class='ocrx_word' id='word_1_159' title='bbox 626 1578 738 1618; x_wconf 79' lang='lat' dir='ltr'><strong>conantur?</strong></span> <span class='ocrx_word' id='word_1_160' title='bbox 769 1575 809 1631; x_wconf 75' lang='lat' dir='ltr'><strong>Qui</strong></span> <span class='ocrx_word' id='word_1_161' title='bbox 824 1577 841 1619; x_wconf 91' lang='lat' dir='ltr'><strong>si</strong></span> <span class='ocrx_word' id='word_1_162' title='bbox 856 1591 882 1620; x_wconf 85' lang='lat' dir='ltr'><strong>ex</strong></span> 
     </span>
     <span class='ocr_line' id='line_1_20' title="bbox 95 1644 883 1701; baseline -0.001 -13"><span class='ocrx_word' id='word_1_163' title='bbox 95 1647 172 1689; x_wconf 83' lang='lat' dir='ltr'><strong>Ariana</strong></span> <span class='ocrx_word' id='word_1_164' title='bbox 187 1645 274 1688; x_wconf 79' lang='lat' dir='ltr'><strong>faotione</strong></span> <span class='ocrx_word' id='word_1_165' title='bbox 290 1652 347 1695; x_wconf 79' lang='lat' dir='ltr'><strong>sunt,</strong></span> <span class='ocrx_word' id='word_1_166' title='bbox 370 1644 418 1686; x_wconf 88' lang='lat' dir='ltr'><strong>nihil</strong></span> <span class='ocrx_word' id='word_1_167' title='bbox 439 1644 510 1687; x_wconf 89' lang='lat' dir='ltr'><strong>mirum</strong></span> <span class='ocrx_word' id='word_1_168' title='bbox 531 1653 562 1686; x_wconf 86' lang='lat' dir='ltr'><strong>est</strong></span> <span class='ocrx_word' id='word_1_169' title='bbox 582 1645 627 1687; x_wconf 89' lang='lat' dir='ltr'><strong>illos</strong></span> <span class='ocrx_word' id='word_1_170' title='bbox 643 1659 693 1701; x_wconf 88' lang='lat' dir='ltr'><strong>quae</strong></span> <span class='ocrx_word' id='word_1_171' title='bbox 712 1652 783 1687; x_wconf 89' lang='lat' dir='ltr'><strong>eontra</strong></span> <span class='ocrx_word' id='word_1_172' title='bbox 798 1660 821 1687; x_wconf 89' lang='lat' dir='ltr'><strong>se</strong></span> <span class='ocrx_word' id='word_1_173' title='bbox 836 1652 883 1687; x_wconf 85' lang='lat' dir='ltr'><strong>sunt</strong></span> 
     </span>
    </p>

    <p class='ocr_par' dir='ltr' id='par_1_6' title="bbox 53 1712 990 2314">
     <span class='ocr_line' id='line_1_21' title="bbox 53 1712 883 1771; baseline -0.002 -14"><span class='ocrx_word' id='word_1_174' title='bbox 53 1746 55 1748; x_wconf 92' lang='lat'>-</span> <span class='ocrx_word' id='word_1_175' title='bbox 95 1716 168 1771; x_wconf 79' lang='lat' dir='ltr'><strong>scripta</strong></span> <span class='ocrx_word' id='word_1_176' title='bbox 186 1714 296 1756; x_wconf 80' lang='lat' dir='ltr'><strong>criminari.</strong></span> <span class='ocrx_word' id='word_1_177' title='bbox 328 1712 499 1768; x_wconf 78' lang='lat' dir='ltr'><strong>Quemadmodum</strong></span> <span class='ocrx_word' id='word_1_178' title='bbox 517 1721 537 1754; x_wconf 88' lang='lat' dir='ltr'><strong>et</strong></span> <span class='ocrx_word' id='word_1_179' title='bbox 552 1714 638 1769; x_wconf 76' lang='lat' dir='ltr'><strong>gentiles</strong></span> <span class='ocrx_word' id='word_1_180' title='bbox 654 1729 697 1756; x_wconf 89' lang='lat' dir='ltr'><strong>eum</strong></span> <span class='ocrx_word' id='word_1_181' title='bbox 711 1728 722 1754; x_wconf 88' lang='lat' dir='ltr'><strong>e</strong></span> <span class='ocrx_word' id='word_1_182' title='bbox 735 1714 817 1770; x_wconf 83' lang='lat' dir='ltr'><strong>psalmis</strong></span> <span class='ocrx_word' id='word_1_183' title='bbox 830 1715 883 1755; x_wconf 89' lang='lat' dir='ltr'><strong>istud</strong></span> 
     </span>
     <span class='ocr_line' id='line_1_22' title="bbox 96 1781 964 1846; baseline -0.003 -20"><span class='ocrx_word' id='word_1_184' title='bbox 96 1784 186 1835; x_wconf 86' lang='lat' dir='ltr'><strong>audiunt,</strong></span> <span class='ocrx_word' id='word_1_185' title='bbox 199 1785 322 1823; x_wconf 78' lang='lat' dir='ltr'><strong>Simuluedra</strong></span> <span class='ocrx_word' id='word_1_186' title='bbox 328 1785 416 1835; x_wconf 72' lang='lat' dir='ltr'><strong>gentium</strong></span> <span class='ocrx_word' id='word_1_187' title='bbox 423 1789 532 1834; x_wconf 80' lang='lat' dir='ltr'><strong>argenmm,</strong></span> <span class='ocrx_word' id='word_1_188' title='bbox 546 1790 567 1822; x_wconf 84' lang='lat' dir='ltr'><strong>et</strong></span> <span class='ocrx_word' id='word_1_189' title='bbox 576 1797 652 1831; x_wconf 71' lang='lat' dir='ltr'><strong>uarium,</strong></span> <span class='ocrx_word' id='word_1_190' title='bbox 666 1797 713 1835; x_wconf 83' lang='lat' dir='ltr'><strong>opus</strong></span> <span class='ocrx_word' id='word_1_191' title='bbox 723 1796 812 1822; x_wconf 77' lang='grc' dir='ltr'>ναιιιιιιιιινι</span> <span class='ocrx_word' id='word_1_192' title='bbox 821 1785 881 1823; x_wconf 80' lang='lat' dir='ltr'><strong>domi·</strong></span> <span class='ocrx_word' id='word_1_193' title='bbox 900 1781 964 1846; x_wconf 44' lang='lat' dir='ltr'><strong>¹¹3¹?ng</strong></span> 
     </span>
     <span class='ocr_line' id='line_1_23' title="bbox 94 1838 932 1906; baseline -0.002 -12"><span class='ocrx_word' id='word_1_194' title='bbox 94 1867 151 1902; x_wconf 78' lang='lat' dir='ltr'><strong>nune,</strong></span> <span class='ocrx_word' id='word_1_195' title='bbox 171 1852 225 1893; x_wconf 88' lang='lat' dir='ltr'><strong>illam</strong></span> <span class='ocrx_word' id='word_1_196' title='bbox 235 1850 316 1906; x_wconf 88' lang='lat' dir='ltr'><strong>spiritus</strong></span> <span class='ocrx_word' id='word_1_197' title='bbox 328 1850 391 1892; x_wconf 87' lang='lat' dir='ltr'><strong>saneti</strong></span> <span class='ocrx_word' id='word_1_198' title='bbox 403 1850 512 1891; x_wconf 82' lang='lat' dir='ltr'><strong>doctrinam</strong></span> <span class='ocrx_word' id='word_1_199' title='bbox 526 1864 601 1892; x_wconf 88' lang='lat' dir='ltr'><strong>moram</strong></span> <span class='ocrx_word' id='word_1_200' title='bbox 613 1865 659 1892; x_wconf 89' lang='lat' dir='ltr'><strong>esse</strong></span> <span class='ocrx_word' id='word_1_201' title='bbox 670 1851 773 1892; x_wconf 88' lang='lat' dir='ltr'><strong>stultitiam</strong></span> <span class='ocrx_word' id='word_1_202' title='bbox 785 1851 885 1893; x_wconf 87' lang='lat' dir='ltr'><strong>arbitran-</strong></span> <span class='ocrx_word' id='word_1_203' title='bbox 928 1838 932 1853; x_wconf 72' lang='grc'>’</span> 
     </span>
     <span class='ocr_line' id='line_1_24' title="bbox 96 1918 885 1975; baseline -0.003 -12"><span class='ocrx_word' id='word_1_204' title='bbox 96 1929 136 1963; x_wconf 88' lang='lat' dir='ltr'><strong>tur.</strong></span> <span class='ocrx_word' id='word_1_205' title='bbox 167 1918 204 1962; x_wconf 91' lang='lat' dir='ltr'><strong>Sin</strong></span> <span class='ocrx_word' id='word_1_206' title='bbox 217 1934 244 1961; x_wconf 85' lang='lat' dir='ltr'><strong>ex</strong></span> <span class='ocrx_word' id='word_1_207' title='bbox 260 1933 328 1960; x_wconf 87' lang='lat' dir='ltr'><strong>eorum</strong></span> <span class='ocrx_word' id='word_1_208' title='bbox 341 1932 424 1960; x_wconf 88' lang='lat' dir='ltr'><strong>numero</strong></span> <span class='ocrx_word' id='word_1_209' title='bbox 437 1925 484 1959; x_wconf 87' lang='lat' dir='ltr'><strong>suut</strong></span> <span class='ocrx_word' id='word_1_210' title='bbox 501 1919 533 1973; x_wconf 90' lang='lat' dir='ltr'><strong>qui</strong></span> <span class='ocrx_word' id='word_1_211' title='bbox 550 1933 636 1961; x_wconf 83' lang='lat' dir='ltr'><strong>sannae</strong></span> <span class='ocrx_word' id='word_1_212' title='bbox 651 1921 730 1961; x_wconf 84' lang='lat' dir='ltr'><strong>sincera</strong></span> <span class='ocrx_word' id='word_1_213' title='bbox 745 1920 782 1960; x_wconf 88' lang='lat' dir='ltr'><strong>lide</strong></span> <span class='ocrx_word' id='word_1_214' title='bbox 800 1919 885 1975; x_wconf 87' lang='lat' dir='ltr'><strong>praediti</strong></span> 
     </span>
     <span class='ocr_line' id='line_1_25' title="bbox 96 1984 885 2042; baseline -0.003 -11"><span class='ocrx_word' id='word_1_215' title='bbox 96 1989 200 2040; x_wconf 89' lang='lat' dir='ltr'><strong>videntur,</strong></span> <span class='ocrx_word' id='word_1_216' title='bbox 221 1987 271 2029; x_wconf 89' lang='lat' dir='ltr'><strong>etin</strong></span> <span class='ocrx_word' id='word_1_217' title='bbox 283 1984 308 2028; x_wconf 82' lang='lat' dir='ltr'><strong>iis</strong></span> <span class='ocrx_word' id='word_1_218' title='bbox 320 2000 370 2042; x_wconf 89' lang='lat' dir='ltr'><strong>quae</strong></span> <span class='ocrx_word' id='word_1_219' title='bbox 380 2000 392 2027; x_wconf 88' lang='lat' dir='ltr'><strong>a</strong></span> <span class='ocrx_word' id='word_1_220' title='bbox 404 1986 493 2042; x_wconf 88' lang='lat' dir='ltr'><strong>patribus</strong></span> <span class='ocrx_word' id='word_1_221' title='bbox 506 1987 587 2028; x_wconf 89' lang='lat' dir='ltr'><strong>deereta</strong></span> <span class='ocrx_word' id='word_1_222' title='bbox 598 1995 645 2028; x_wconf 90' lang='lat' dir='ltr'><strong>sunt</strong></span> <span class='ocrx_word' id='word_1_223' title='bbox 656 1988 798 2042; x_wconf 72' lang='lat' dir='ltr'><strong>acquiescere,</strong></span> <span class='ocrx_word' id='word_1_224' title='bbox 820 2002 843 2029; x_wconf 89' lang='lat' dir='ltr'><strong>ae</strong></span> <span class='ocrx_word' id='word_1_225' title='bbox 855 1988 885 2030; x_wconf 92' lang='lat' dir='ltr'><strong>ui-</strong></span> 
     </span>
     <span class='ocr_line' id='line_1_26' title="bbox 96 2054 886 2109; baseline 0 -12"><span class='ocrx_word' id='word_1_226' title='bbox 96 2056 202 2098; x_wconf 81' lang='lat' dir='ltr'><strong>lailominus</strong></span> <span class='ocrx_word' id='word_1_227' title='bbox 220 2055 261 2097; x_wconf 88' lang='lat' dir='ltr'><strong>suis</strong></span> <span class='ocrx_word' id='word_1_228' title='bbox 279 2055 322 2100; x_wconf 89' lang='lat' dir='ltr'><strong>illis</strong></span> <span class='ocrx_word' id='word_1_229' title='bbox 335 2054 485 2109; x_wconf 84' lang='lat' dir='ltr'><strong>quaestiouibus</strong></span> <span class='ocrx_word' id='word_1_230' title='bbox 503 2062 596 2095; x_wconf 89' lang='lat' dir='ltr'><strong>evertere</strong></span> <span class='ocrx_word' id='word_1_231' title='bbox 613 2055 682 2097; x_wconf 70' lang='lat' dir='ltr'><strong>,onnia</strong></span> <span class='ocrx_word' id='word_1_232' title='bbox 700 2062 812 2106; x_wconf 89' lang='lat' dir='ltr'><strong>eouantur,</strong></span> <span class='ocrx_word' id='word_1_233' title='bbox 837 2057 886 2097; x_wconf 83' lang='lat' dir='ltr'><strong>nilril</strong></span> 
     </span>
     <span class='ocr_line' id='line_1_27' title="bbox 97 2122 985 2187; baseline -0.002 -22"><span class='ocrx_word' id='word_1_234' title='bbox 97 2124 150 2166; x_wconf 90' lang='lat' dir='ltr'><strong>aliud</strong></span> <span class='ocrx_word' id='word_1_235' title='bbox 162 2123 248 2164; x_wconf 77' lang='lat' dir='ltr'><strong>efficiunt</strong></span> <span class='ocrx_word' id='word_1_236' title='bbox 259 2122 297 2163; x_wconf 91' lang='lat' dir='ltr'><strong>uisi</strong></span> <span class='ocrx_word' id='word_1_237' title='bbox 309 2123 360 2176; x_wconf 90' lang='lat' dir='ltr'><strong>quod</strong></span> <span class='ocrx_word' id='word_1_238' title='bbox 372 2122 466 2176; x_wconf 87' lang='lat' dir='ltr'><strong>seriptum</strong></span> <span class='ocrx_word' id='word_1_239' title='bbox 477 2127 520 2172; x_wconf 88' lang='lat' dir='ltr'><strong>est,</strong></span> <span class='ocrx_word' id='word_1_240' title='bbox 537 2125 627 2162; x_wconf 66' lang='lat' dir='ltr'><strong>ueneno</strong></span> <span class='ocrx_word' id='word_1_241' title='bbox 637 2125 711 2175; x_wconf 84' lang='lat' dir='ltr'><strong>qm&#39;dem</strong></span> <span class='ocrx_word' id='word_1_242' title='bbox 723 2124 818 2162; x_wconf 71' lang='lat' dir='ltr'><strong>turbidum</strong></span> <span class='ocrx_word' id='word_1_243' title='bbox 829 2138 882 2163; x_wconf 79' lang='lat' dir='ltr'><strong>ener-</strong></span> <span class='ocrx_word' id='word_1_244' title='bbox 888 2122 985 2187; x_wconf 41' lang='lat' dir='ltr'><strong>fflsflqfflq</strong></span> 
     </span>
     <span class='ocr_line' id='line_1_28' title="bbox 97 2181 990 2245; baseline -0.001 -13"><span class='ocrx_word' id='word_1_245' title='bbox 97 2196 169 2232; x_wconf 73' lang='lat' dir='ltr'><strong>saonem</strong></span> <span class='ocrx_word' id='word_1_246' title='bbox 183 2192 300 2244; x_wconf 80' lang='lat' dir='ltr'><strong>propinant,</strong></span> <span class='ocrx_word' id='word_1_247' title='bbox 322 2198 343 2230; x_wconf 81' lang='lat' dir='ltr'><strong>et</strong></span> <span class='ocrx_word' id='word_1_248' title='bbox 351 2193 422 2230; x_wconf 78' lang='lat' dir='ltr'><strong>otiosus</strong></span> <span class='ocrx_word' id='word_1_249' title='bbox 433 2190 533 2229; x_wconf 79' lang='lat' dir='ltr'><strong>uerborum</strong></span> <span class='ocrx_word' id='word_1_250' title='bbox 546 2193 674 2230; x_wconf 82' lang='lat' dir='ltr'><strong>contentiones</strong></span> <span class='ocrx_word' id='word_1_251' title='bbox 685 2197 770 2237; x_wconf 85' lang='lat' dir='ltr'><strong>mouent,</strong></span> <span class='ocrx_word' id='word_1_252' title='bbox 794 2204 845 2245; x_wconf 88' lang='lat' dir='ltr'><strong>quae</strong></span> <span class='ocrx_word' id='word_1_253' title='bbox 861 2191 886 2232; x_wconf 88' lang='lat' dir='ltr'><strong>ad</strong></span> <span class='ocrx_word' id='word_1_254' title='bbox 967 2181 990 2194; x_wconf 49' lang='lat'><strong>⁷⁸</strong></span> 
     </span>
     <span class='ocr_line' id='line_1_29' title="bbox 99 2256 834 2314; baseline -0.004 -13"><span class='ocrx_word' id='word_1_255' title='bbox 99 2260 152 2301; x_wconf 90' lang='lat' dir='ltr'><strong>aliud</strong></span> <span class='ocrx_word' id='word_1_256' title='bbox 164 2258 212 2300; x_wconf 90' lang='lat' dir='ltr'><strong>nihil</strong></span> <span class='ocrx_word' id='word_1_257' title='bbox 222 2272 281 2314; x_wconf 86' lang='lat' dir='ltr'><strong>quam</strong></span> <span class='ocrx_word' id='word_1_258' title='bbox 292 2257 316 2298; x_wconf 88' lang='lat' dir='ltr'><strong>ad</strong></span> <span class='ocrx_word' id='word_1_259' title='bbox 327 2259 429 2300; x_wconf 89' lang='lat' dir='ltr'><strong>rudiorum</strong></span> <span class='ocrx_word' id='word_1_260' title='bbox 440 2256 548 2314; x_wconf 76' lang='lat' dir='ltr'><strong>perniciem</strong></span> <span class='ocrx_word' id='word_1_261' title='bbox 561 2265 620 2314; x_wconf 90' lang='lat' dir='ltr'><strong>atque</strong></span> <span class='ocrx_word' id='word_1_262' title='bbox 631 2257 715 2300; x_wconf 82' lang='lat' dir='ltr'><strong>exitium</strong></span> <span class='ocrx_word' id='word_1_263' title='bbox 726 2258 834 2314; x_wconf 83' lang='lat' dir='ltr'><strong>pertinent.</strong></span> 
     </span>
    </p>

    <p class='ocr_par' dir='ltr' id='par_1_7' title="bbox 100 2326 979 2451">
     <span class='ocr_line' id='line_1_30' title="bbox 158 2326 979 2383; baseline -0.004 -14"><span class='ocrx_word' id='word_1_264' title='bbox 158 2327 215 2370; x_wconf 86' lang='lat' dir='ltr'><strong>llaee</strong></span> <span class='ocrx_word' id='word_1_265' title='bbox 230 2326 305 2369; x_wconf 88' lang='lat' dir='ltr'><strong>ideireo</strong></span> <span class='ocrx_word' id='word_1_266' title='bbox 322 2327 389 2368; x_wconf 77' lang='lat' dir='ltr'><strong>scribo</strong></span> <span class='ocrx_word' id='word_1_267' title='bbox 403 2328 454 2382; x_wconf 90' lang='lat' dir='ltr'><strong>quod</strong></span> <span class='ocrx_word' id='word_1_268' title='bbox 470 2328 613 2368; x_wconf 86' lang='lat' dir='ltr'><strong>commentaria</strong></span> <span class='ocrx_word' id='word_1_269' title='bbox 628 2328 723 2382; x_wconf 86' lang='lat' dir='ltr'><strong>quaedam</strong></span> <span class='ocrx_word' id='word_1_270' title='bbox 737 2328 777 2381; x_wconf 82' lang='lat' dir='ltr'><strong>legi</strong></span> <span class='ocrx_word' id='word_1_271' title='bbox 791 2342 802 2368; x_wconf 86' lang='lat' dir='ltr'><strong>a</strong></span> <span class='ocrx_word' id='word_1_272' title='bbox 814 2327 888 2383; x_wconf 81' lang='lat' dir='ltr'><strong>pietate</strong></span> <span class='ocrx_word' id='word_1_273' title='bbox 896 2335 938 2379; x_wconf 79' lang='lat' dir='ltr'><strong>Gap.</strong></span> <span class='ocrx_word' id='word_1_274' title='bbox 951 2336 979 2367; x_wconf 78' lang='lat' dir='ltr'><strong>tv,</strong></span> 
     </span>
     <span class='ocr_line' id='line_1_31' title="bbox 100 2393 888 2451; baseline -0.001 -12"><span class='ocrx_word' id='word_1_275' title='bbox 100 2404 134 2439; x_wconf 83' lang='lat' dir='ltr'><strong>tua</strong></span> <span class='ocrx_word' id='word_1_276' title='bbox 151 2396 209 2439; x_wconf 78' lang='lat' dir='ltr'><strong>nolus</strong></span> <span class='ocrx_word' id='word_1_277' title='bbox 223 2395 296 2436; x_wconf 82' lang='lat' dir='ltr'><strong>oblata.</strong></span> <span class='ocrx_word' id='word_1_278' title='bbox 328 2393 386 2450; x_wconf 79' lang='lat' dir='ltr'><strong>Quae</strong></span> <span class='ocrx_word' id='word_1_279' title='bbox 401 2395 476 2437; x_wconf 90' lang='lat' dir='ltr'><strong>utinam</strong></span> <span class='ocrx_word' id='word_1_280' title='bbox 493 2395 567 2450; x_wconf 81' lang='lat' dir='ltr'><strong>scripta</strong></span> <span class='ocrx_word' id='word_1_281' title='bbox 586 2409 687 2451; x_wconf 85' lang='lat' dir='ltr'><strong>nunquam</strong></span> <span class='ocrx_word' id='word_1_282' title='bbox 699 2395 794 2438; x_wconf 80' lang='lat' dir='ltr'><strong>luissent!</strong></span> <span class='ocrx_word' id='word_1_283' title='bbox 817 2397 888 2438; x_wconf 84' lang='lat' dir='ltr'><strong>nevel</strong></span> 
     </span>
    </p>
   </div>
   <div class='ocr_carea' id='block_1_4' title="bbox 71 2463 889 2524">
    <p class='ocr_par' dir='ltr' id='par_1_8' title="bbox 71 2463 889 2524">
     <span class='ocr_line' id='line_1_32' title="bbox 71 2463 889 2524; baseline -0.002 -15"><span class='ocrx_word' id='word_1_284' title='bbox 71 2495 73 2498; x_wconf 56' lang='lat'>&lt;</span> <span class='ocrx_word' id='word_1_285' title='bbox 101 2466 218 2509; x_wconf 87' lang='lat' dir='ltr'><strong>tenuissima</strong></span> <span class='ocrx_word' id='word_1_286' title='bbox 227 2467 251 2509; x_wconf 93' lang='lat' dir='ltr'><strong>ad</strong></span> <span class='ocrx_word' id='word_1_287' title='bbox 261 2474 354 2524; x_wconf 84' lang='lat' dir='ltr'><strong>posteros</strong></span> <span class='ocrx_word' id='word_1_288' title='bbox 364 2464 443 2507; x_wconf 87' lang='lat' dir='ltr'><strong>illorum</strong></span> <span class='ocrx_word' id='word_1_289' title='bbox 451 2463 548 2506; x_wconf 87' lang='lat' dir='ltr'><strong>memoria</strong></span> <span class='ocrx_word' id='word_1_290' title='bbox 557 2465 680 2522; x_wconf 83' lang='lat' dir='ltr'><strong>perveniret.</strong></span> <span class='ocrx_word' id='word_1_291' title='bbox 691 2477 693 2483; x_wconf 91' lang='lat'>·</span> <span class='ocrx_word' id='word_1_292' title='bbox 712 2463 763 2521; x_wconf 76' lang='lat' dir='ltr'><strong>Quis</strong></span> <span class='ocrx_word' id='word_1_293' title='bbox 775 2464 827 2507; x_wconf 89' lang='lat' dir='ltr'><strong>euim</strong></span> <span class='ocrx_word' id='word_1_294' title='bbox 839 2464 889 2508; x_wconf 75' lang='lat' dir='ltr'><strong>haee</strong></span> 
     </span>
    </p>
   </div>
   <div class='ocr_carea' id='block_1_5' title="bbox 62 2651 892 3155">
    <p class='ocr_par' dir='ltr' id='par_1_9' title="bbox 103 2651 780 2741">
     <span class='ocr_line' id='line_1_33' title="bbox 125 2651 780 2693; baseline -0.008 -4"><span class='ocrx_word' id='word_1_295' title='bbox 125 2653 142 2688; x_wconf 83' lang='lat'><strong>3.</strong></span> <span class='ocrx_word' id='word_1_296' title='bbox 154 2651 232 2693; x_wconf 81' lang='grc' dir='ltr'>παιανίας</span> <span class='ocrx_word' id='word_1_297' title='bbox 241 2653 288 2686; x_wconf 79' lang='lat' dir='ltr'><strong>codd.</strong></span> <span class='ocrx_word' id='word_1_298' title='bbox 299 2661 337 2686; x_wconf 84' lang='lat' dir='ltr'><strong>mss.</strong></span> <span class='ocrx_word' id='word_1_299' title='bbox 354 2654 368 2684; x_wconf 80' lang='lat' dir='ltr'><strong>et</strong></span> <span class='ocrx_word' id='word_1_300' title='bbox 379 2651 416 2684; x_wconf 77' lang='lat' dir='ltr'><strong>edit.</strong></span> <span class='ocrx_word' id='word_1_301' title='bbox 424 2652 483 2692; x_wconf 74' lang='lat' dir='ltr'><strong>pune,</strong></span> <span class='ocrx_word' id='word_1_302' title='bbox 506 2652 578 2684; x_wconf 81' lang='lat' dir='ltr'><strong>omnibus</strong></span> <span class='ocrx_word' id='word_1_303' title='bbox 589 2651 634 2683; x_wconf 75' lang='lat' dir='ltr'><strong>utre</strong></span> <span class='ocrx_word' id='word_1_304' title='bbox 645 2653 780 2685; x_wconf 68' lang='lat' dir='ltr'><strong>consentientibus.</strong></span> 
     </span>
     <span class='ocr_line' id='line_1_34' title="bbox 103 2695 773 2741; baseline -0.006 -8"><span class='ocrx_word' id='word_1_305' title='bbox 103 2704 118 2734; x_wconf 84' lang='lat' dir='ltr'><strong>et</strong></span> <span class='ocrx_word' id='word_1_306' title='bbox 129 2702 158 2733; x_wconf 81' lang='lat' dir='ltr'><strong>ulii</strong></span> <span class='ocrx_word' id='word_1_307' title='bbox 169 2701 215 2741; x_wconf 76' lang='lat' dir='ltr'><strong>apud</strong></span> <span class='ocrx_word' id='word_1_308' title='bbox 225 2701 244 2733; x_wconf 87' lang='lat' dir='ltr'><strong>B.</strong></span> <span class='ocrx_word' id='word_1_309' title='bbox 257 2700 300 2732; x_wconf 79' lang='lat' dir='ltr'><strong>libri.</strong></span> <span class='ocrx_word' id='word_1_310' title='bbox 531 2697 558 2730; x_wconf 55' lang='lat'><strong>¹13.</strong></span> <span class='ocrx_word' id='word_1_311' title='bbox 570 2695 658 2739; x_wconf 78' lang='grc' dir='ltr'>πατέρων,</span> <span class='ocrx_word' id='word_1_312' title='bbox 672 2696 715 2732; x_wconf 84' lang='grc' dir='ltr'>εἰσὶν</span> <span class='ocrx_word' id='word_1_313' title='bbox 727 2697 743 2732; x_wconf 77' lang='grc' dir='ltr'><strong>οἱ</strong></span> <span class='ocrx_word' id='word_1_314' title='bbox 754 2699 773 2730; x_wconf 86' lang='grc' dir='ltr'><strong>Β.</strong></span> 
     </span>
    </p>

    <p class='ocr_par' dir='ltr' id='par_1_10' title="bbox 126 2738 695 2781">
     <span class='ocr_line' id='line_1_35' title="bbox 126 2738 695 2781; baseline -0.011 0"><span class='ocrx_word' id='word_1_315' title='bbox 126 2745 143 2781; x_wconf 81' lang='lat'><strong>4.</strong></span> <span class='ocrx_word' id='word_1_316' title='bbox 155 2757 174 2781; x_wconf 83' lang='grc' dir='ltr'><strong>τε</strong></span> <span class='ocrx_word' id='word_1_317' title='bbox 185 2748 205 2779; x_wconf 86' lang='grc' dir='ltr'><strong>Β.</strong></span> <span class='ocrx_word' id='word_1_318' title='bbox 531 2740 557 2775; x_wconf 76' lang='lat'><strong>14.</strong></span> <span class='ocrx_word' id='word_1_319' title='bbox 570 2738 596 2776; x_wconf 75' lang='grc' dir='ltr'><strong>ἐπ’</strong></span> <span class='ocrx_word' id='word_1_320' title='bbox 608 2739 664 2777; x_wconf 68' lang='grc' dir='ltr'>οὐδενὶ</span> <span class='ocrx_word' id='word_1_321' title='bbox 675 2745 695 2775; x_wconf 89' lang='grc' dir='ltr'><strong>Β.</strong></span> 
     </span>
    </p>

    <p class='ocr_par' dir='ltr' id='par_1_11' title="bbox 127 2784 889 2835">
     <span class='ocr_line' id='line_1_36' title="bbox 127 2784 889 2835; baseline -0.009 -8"><span class='ocrx_word' id='word_1_322' title='bbox 127 2794 143 2827; x_wconf 76' lang='lat'><strong>5.</strong></span> <span class='ocrx_word' id='word_1_323' title='bbox 156 2784 208 2827; x_wconf 74' lang='grc' dir='ltr'>οὖσαν</span> <span class='ocrx_word' id='word_1_324' title='bbox 219 2788 278 2835; x_wconf 77' lang='grc' dir='ltr'>πάσης</span> <span class='ocrx_word' id='word_1_325' title='bbox 290 2788 320 2834; x_wconf 79' lang='grc' dir='ltr'><strong>μὲν</strong></span> <span class='ocrx_word' id='word_1_326' title='bbox 332 2792 350 2824; x_wconf 86' lang='grc' dir='ltr'><strong>Β.</strong></span> <span class='ocrx_word' id='word_1_327' title='bbox 532 2788 571 2821; x_wconf 74' lang='lat' dir='ltr'><strong>Gan.</strong></span> <span class='ocrx_word' id='word_1_328' title='bbox 583 2788 612 2822; x_wconf 83' lang='lat' dir='ltr'><strong>IV.</strong></span> <span class='ocrx_word' id='word_1_329' title='bbox 623 2806 646 2813; x_wconf 97' lang='lat'><em>-</em></span> <span class='ocrx_word' id='word_1_330' title='bbox 666 2792 681 2822; x_wconf 85' lang='lat'><strong>1.</strong></span> <span class='ocrx_word' id='word_1_331' title='bbox 689 2790 790 2834; x_wconf 60' lang='grc' dir='ltr'>πραχθεῖσιν</span> <span class='ocrx_word' id='word_1_332' title='bbox 801 2789 847 2822; x_wconf 82' lang='lat' dir='ltr'><strong>codd.</strong></span> <span class='ocrx_word' id='word_1_333' title='bbox 852 2798 889 2821; x_wconf 83' lang='lat' dir='ltr'><strong>mss.</strong></span> 
     </span>
    </p>

    <p class='ocr_par' dir='ltr' id='par_1_12' title="bbox 127 2832 891 2881">
     <span class='ocr_line' id='line_1_37' title="bbox 127 2832 891 2881; baseline -0.009 -8"><span class='ocrx_word' id='word_1_334' title='bbox 127 2837 144 2872; x_wconf 86' lang='grc'><strong>6.</strong></span> <span class='ocrx_word' id='word_1_335' title='bbox 155 2832 168 2880; x_wconf 75' lang='grc' dir='ltr'>ἦ</span> <span class='ocrx_word' id='word_1_336' title='bbox 182 2839 238 2881; x_wconf 82' lang='grc' dir='ltr'>ζητεῖν</span> <span class='ocrx_word' id='word_1_337' title='bbox 249 2847 293 2876; x_wconf 81' lang='grc' dir='ltr'>τινες</span> <span class='ocrx_word' id='word_1_338' title='bbox 305 2838 324 2870; x_wconf 87' lang='grc' dir='ltr'><strong>Β.</strong></span> <span class='ocrx_word' id='word_1_339' title='bbox 508 2839 522 2869; x_wconf 88' lang='lat' dir='ltr'><strong>et</strong></span> <span class='ocrx_word' id='word_1_340' title='bbox 532 2836 557 2867; x_wconf 84' lang='lat' dir='ltr'><strong>ed.</strong></span> <span class='ocrx_word' id='word_1_341' title='bbox 565 2836 616 2875; x_wconf 74' lang='lat' dir='ltr'><strong>print.</strong></span> <span class='ocrx_word' id='word_1_342' title='bbox 628 2836 680 2875; x_wconf 77' lang='lat' dir='ltr'><strong>flecte,</strong></span> <span class='ocrx_word' id='word_1_343' title='bbox 691 2838 705 2867; x_wconf 85' lang='lat' dir='ltr'><strong>si</strong></span> <span class='ocrx_word' id='word_1_344' title='bbox 718 2833 802 2879; x_wconf 75' lang='grc' dir='ltr'>πράσσειν</span> <span class='ocrx_word' id='word_1_345' title='bbox 814 2837 891 2875; x_wconf 74' lang='lat' dir='ltr'><strong>interpre-</strong></span> 
     </span>
    </p>

    <p class='ocr_par' dir='ltr' id='par_1_13' title="bbox 62 2880 891 2973">
     <span class='ocr_line' id='line_1_38' title="bbox 127 2880 890 2924; baseline -0.007 -7"><span class='ocrx_word' id='word_1_346' title='bbox 127 2882 144 2918; x_wconf 86' lang='lat'><strong>7.</strong></span> <span class='ocrx_word' id='word_1_347' title='bbox 157 2880 214 2919; x_wconf 66' lang='grc' dir='ltr'>αὐτῶν</span> <span class='ocrx_word' id='word_1_348' title='bbox 224 2886 243 2917; x_wconf 89' lang='grc' dir='ltr'><strong>Β.</strong></span> <span class='ocrx_word' id='word_1_349' title='bbox 508 2883 548 2915; x_wconf 80' lang='lat' dir='ltr'><strong>turis</strong></span> <span class='ocrx_word' id='word_1_350' title='bbox 558 2880 631 2924; x_wconf 78' lang='lat' dir='ltr'><strong>exigere,</strong></span> <span class='ocrx_word' id='word_1_351' title='bbox 643 2881 735 2923; x_wconf 84' lang='lat' dir='ltr'><strong>postulare.</strong></span> <span class='ocrx_word' id='word_1_352' title='bbox 752 2882 839 2922; x_wconf 80' lang='lat' dir='ltr'><strong>lneptiebul</strong></span> <span class='ocrx_word' id='word_1_353' title='bbox 849 2882 890 2913; x_wconf 78' lang='lat' dir='ltr'><strong>enirn</strong></span> 
     </span>
     <span class='ocr_line' id='line_1_39' title="bbox 62 2923 891 2973; baseline -0.01 -8"><span class='ocrx_word' id='word_1_354' title='bbox 62 2947 64 2950; x_wconf 95' lang='lat'>·</span> <span class='ocrx_word' id='word_1_355' title='bbox 129 2931 145 2964; x_wconf 72' lang='lat' dir='ltr'><strong>d.</strong></span> <span class='ocrx_word' id='word_1_356' title='bbox 157 2925 308 2973; x_wconf 73' lang='grc' dir='ltr'>ὅςπερἝλληνες</span> <span class='ocrx_word' id='word_1_357' title='bbox 319 2923 410 2965; x_wconf 76' lang='grc' dir='ltr'>ἀκούοντες</span> <span class='ocrx_word' id='word_1_358' title='bbox 420 2928 439 2959; x_wconf 89' lang='grc' dir='ltr'><strong>Β.</strong></span> <span class='ocrx_word' id='word_1_359' title='bbox 510 2929 596 2961; x_wconf 74' lang='lat' dir='ltr'><strong>cernamus</strong></span> <span class='ocrx_word' id='word_1_360' title='bbox 610 2930 701 2960; x_wconf 80' lang='lat' dir='ltr'><strong>convertens</strong></span> <span class='ocrx_word' id='word_1_361' title='bbox 718 2937 755 2959; x_wconf 87' lang='lat' dir='ltr'><strong>cnm</strong></span> <span class='ocrx_word' id='word_1_362' title='bbox 771 2926 843 2970; x_wconf 81' lang='lat' dir='ltr'><strong>adeptus</strong></span> <span class='ocrx_word' id='word_1_363' title='bbox 859 2925 891 2957; x_wconf 87' lang='lat' dir='ltr'><strong>sim</strong></span> 
     </span>
    </p>

    <p class='ocr_par' dir='ltr' id='par_1_14' title="bbox 128 2971 892 3016">
     <span class='ocr_line' id='line_1_40' title="bbox 128 2971 892 3016; baseline -0.008 -7"><span class='ocrx_word' id='word_1_364' title='bbox 128 2974 146 3009; x_wconf 80' lang='lat'><strong>9.</strong></span> <span class='ocrx_word' id='word_1_365' title='bbox 158 2975 188 3010; x_wconf 76' lang='lat' dir='ltr'><strong>&gt;md</strong></span> <span class='ocrx_word' id='word_1_366' title='bbox 199 2985 230 3008; x_wconf 81' lang='lat' dir='ltr'><strong>om.</strong></span> <span class='ocrx_word' id='word_1_367' title='bbox 242 2977 276 3008; x_wconf 84' lang='lat' dir='ltr'><strong>eud.</strong></span> <span class='ocrx_word' id='word_1_368' title='bbox 288 2975 355 3016; x_wconf 71' lang='lat' dir='ltr'><strong>fitadio.</strong></span> <span class='ocrx_word' id='word_1_369' title='bbox 510 2971 638 3006; x_wconf 83' lang='lat' dir='ltr'><strong>commentarios</strong></span> <span class='ocrx_word' id='word_1_370' title='bbox 649 2983 659 3004; x_wconf 90' lang='lat' dir='ltr'><strong>a</strong></span> <span class='ocrx_word' id='word_1_371' title='bbox 669 2972 734 3016; x_wconf 82' lang='lat' dir='ltr'><strong>pietate</strong></span> <span class='ocrx_word' id='word_1_372' title='bbox 743 2979 772 3005; x_wconf 82' lang='lat' dir='ltr'><strong>tna</strong></span> <span class='ocrx_word' id='word_1_373' title='bbox 783 2972 844 3006; x_wconf 80' lang='lat' dir='ltr'><strong>laetos.</strong></span> <span class='ocrx_word' id='word_1_374' title='bbox 861 2973 892 3003; x_wconf 88' lang='lat' dir='ltr'><strong>Pe-</strong></span> 
     </span>
    </p>

    <p class='ocr_par' dir='ltr' id='par_1_15' title="bbox 130 3014 892 3063">
     <span class='ocr_line' id='line_1_41' title="bbox 130 3014 892 3063; baseline -0.009 -8"><span class='ocrx_word' id='word_1_375' title='bbox 130 3014 487 3063; x_wconf 64' lang='lat' dir='ltr'><strong>10.smuenuum,msaun,eudaemon.</strong></span> <span class='ocrx_word' id='word_1_376' title='bbox 509 3020 563 3052; x_wconf 82' lang='lat' dir='ltr'><strong>tonius</strong></span> <span class='ocrx_word' id='word_1_377' title='bbox 578 3019 641 3058; x_wconf 72' lang='lat' dir='ltr'><strong>seriose</strong></span> <span class='ocrx_word' id='word_1_378' title='bbox 661 3018 791 3063; x_wconf 60' lang='lat' dir='ltr'><strong>upoeuqsseiem,</strong></span> <span class='ocrx_word' id='word_1_379' title='bbox 814 3021 832 3050; x_wconf 84' lang='lat' dir='ltr'><strong>ut</strong></span> <span class='ocrx_word' id='word_1_380' title='bbox 846 3018 892 3050; x_wconf 80' lang='lat' dir='ltr'><strong>naun</strong></span> 
     </span>
    </p>

    <p class='ocr_par' dir='ltr' id='par_1_16' title="bbox 131 3064 588 3110">
     <span class='ocr_line' id='line_1_42' title="bbox 131 3064 588 3110; baseline -0.009 -10"><span class='ocrx_word' id='word_1_381' title='bbox 131 3066 157 3100; x_wconf 88' lang='lat'><strong>11.</strong></span> <span class='ocrx_word' id='word_1_382' title='bbox 170 3064 213 3110; x_wconf 69' lang='grc' dir='ltr'>ἔργα</span> <span class='ocrx_word' id='word_1_383' title='bbox 222 3069 242 3100; x_wconf 85' lang='grc' dir='ltr'><strong>Β.</strong></span> <span class='ocrx_word' id='word_1_384' title='bbox 511 3067 559 3098; x_wconf 79' lang='lat' dir='ltr'><strong>ettam</strong></span> <span class='ocrx_word' id='word_1_385' title='bbox 570 3065 588 3096; x_wconf 90' lang='grc' dir='ltr'><strong>Β.</strong></span> 
     </span>
    </p>

    <p class='ocr_par' dir='ltr' id='par_1_17' title="bbox 132 3108 488 3155">
     <span class='ocr_line' id='line_1_43' title="bbox 132 3108 488 3155; baseline -0.008 -10"><span class='ocrx_word' id='word_1_386' title='bbox 132 3111 157 3145; x_wconf 78' lang='lat'><strong>12.</strong></span> <span class='ocrx_word' id='word_1_387' title='bbox 177 3110 224 3146; x_wconf 65' lang='lat' dir='ltr'><strong>Belou</strong></span> <span class='ocrx_word' id='word_1_388' title='bbox 243 3110 316 3155; x_wconf 80' lang='grc' dir='ltr'>σταυροῦ</span> <span class='ocrx_word' id='word_1_389' title='bbox 334 3108 445 3146; x_wconf 78' lang='grc' dir='ltr'>διδασκαλίαν</span> <span class='ocrx_word' id='word_1_390' title='bbox 463 3111 488 3150; x_wconf 84' lang='grc' dir='ltr'><strong>Β,</strong></span> 
     </span>
    </p>
   </div>
   <div class='ocr_carea' id='block_1_6' title="bbox 702 3166 753 3210">
    <p class='ocr_par' dir='ltr' id='par_1_18' title="bbox 702 3166 753 3210">
     <span class='ocr_line' id='line_1_44' title="bbox 702 3166 753 3210; baseline -0.02 0"><span class='ocrx_word' id='word_1_391' title='bbox 702 3166 753 3210; x_wconf 78' lang='lat'><strong>22*</strong></span> 
     </span>
    </p>
   </div>
   <div class='ocr_carea' id='block_1_7' title="bbox 0 0 1023 3392">
    <p class='ocr_par' dir='ltr' id='par_1_19' title="bbox 0 0 1023 3392">
     <span class='ocr_line' id='line_1_45' title="bbox 0 0 1023 3392; baseline 0 0"><span class='ocrx_word' id='word_1_392' title='bbox 0 0 1023 3392; x_wconf 95' lang='lat' dir='ltr'><strong> </strong></span> 
     </span>
    </p>
   </div>
  </div>
 </body>
</html>
