1988 3392
362 239 582 275 ANucuPHaLauosts.
824 230 866 271 557

82 328 120 376 est,
138 335 208 365 manus
220 336 243 365 ac
255 321 316 380 pedes
327 329 348 365 ct
358 324 471 367 confossum
481 323 532 368 latus
540 338 584 367 cum
597 320 676 365 ossibus
686 336 709 365 ac
719 321 787 364 nervis
798 327 866 363 osteu-

82 394 120 446 dit,
138 392 189 435 adeo
202 401 304 449 quactum
315 393 435 436 videbantur
445 395 508 437 solida
520 403 590 446 erant,
612 408 650 436 nec
660 393 726 449 specie
737 400 795 435 tenus
807 399 866 435 exta-

81 464 137 506 bant.
168 460 246 518 Quibus
261 463 321 505 rebus
334 477 402 505 eorum
416 464 502 506 omnium
515 479 565 520 quae
576 465 620 506 [idei
631 463 713 520 speique
729 471 808 505 nostrae
819 477 866 520 pro-

81 533 146 590 posita
162 539 208 573 sunt
224 533 366 588 promissorum
380 535 419 588 ‘per
436 547 482 573 sese
498 533 602 574 veritatem
620 531 746 574 confirmavit
761 531 865 587 perficiens
925 570 927 573 ,

83 602 160 652 omnia,
182 614 246 655 neque
263 601 308 642 licta
324 601 420 642 duntaxat
437 600 537 656 imagine,
561 602 595 643 sed
613 600 679 656 reipsa
697 614 740 641 cum
760 599 801 640 suis
818 614 866 640 con-

82 682 167 711 vescens
184 675 204 709 et
221 668 318 709 habitans.
350 667 404 722 Quin
422 669 502 709 eosdem
518 667 615 719 instituit,
637 684 660 709 ac
678 669 766 709 coeleste
783 681 865 721 regnum

83 750 125 778 cum
144 737 229 776 veritate
247 735 339 776 nuntiare
358 735 434 786 docuit,
459 743 499 776 tum
519 751 562 776 cum
581 736 688 777 maximum
705 736 753 776 illud
769 735 867 789 longeque

82 802 209 860 praecipuum
222 815 316 843 arcanum
328 801 429 858 discipulis
442 803 530 859 aperuit:
551 807 632 853 Docere,
649 803 724 858 inquit,
747 817 811 842 omnes
817 816 866 855 gen-

83 881 117 913 tes.
149 870 247 924 llooest,
271 870 303 912 Ab
313 870 439 926 improbitate
451 872 495 913 illas
513 872 537 913 ad
552 872 670 925 veritatem,
693 872 717 913 ab
730 871 791 914 sectis
803 871 865 913 variis

82 942 106 986 ad
123 942 206 986 eandem
221 941 343 986 divinitatem
362 940 472 985 traducite:
493 946 595 998 Buptr'zote
608 957 641 984 ecs
656 946 676 984 t'o
689 946 764 984 nomine
774 945 838 997 patriis
847 951 867 983 et

76 1015 121 1069 filo·
133 1021 154 1054 et
162 1015 243 1067 sputatus
256 1016 330 1062 suncti,
355 1012 447 1054 nimirum
464 1013 484 1054 in
502 1013 601 1054 dominica
614 1012 708 1054 trinitatis
725 1013 864 1069 appellatione,

83 1083 134 1139 quod
150 1082 213 1139 ipsum
229 1088 377 1125 sacrosanctum
392 1090 423 1124 est
434 1097 457 1124 ac
468 1082 544 1137 regium
561 1082 652 1137 signum,
674 1096 712 1137 quo
728 1083 761 1123 vel
771 1081 815 1137 ipso
831 1097 867 1123 no-

84 1151 137 1194 mine
149 1151 282 1206 signiticaret,
304 1150 354 1191 nihil
367 1164 412 1192 esse
428 1150 452 1191 ab
464 1150 540 1192 unitate
553 1151 663 1193 diversum.
694 1148 746 1192 Cum
763 1153 816 1192 euim
833 1150 868 1191 ba-

82 1218 153 1276 ptizari
164 1218 255 1261 homines
267 1218 321 1260 iubet
334 1222 353 1259 to
365 1222 439 1259 nomine
449 1222 526 1271 parnt,
549 1220 607 1260 firma
620 1234 643 1260 ac
657 1218 734 1260 stabilis
745 1226 776 1259 est
791 1218 867 1272 gloriae

83 1287 212 1344 praedicatio.
244 1286 303 1341 Quod
316 1301 365 1328 vero
377 1287 455 1328 additur
465 1291 485 1327 z'n
495 1290 570 1327 nemrim
577 1289 631 1340 filii,
648 1287 701 1328 nulla
714 1300 736 1327 re
748 1287 800 1327 huuc
810 1301 822 1327 a
833 1300 867 1341 pa-

82 1363 141 1396 terna
157 1354 253 1408 dignitate
271 1354 359 1394 deficere
376 1354 481 1408 appellatio
498 1354 540 1409 ipsa
559 1355 655 1395 declarat.
686 1352 794 1394 Postremo
806 1354 831 1394 iis
846 1354 867 1393 in

82 1421 164 1473 verbis,
184 1424 207 1462 In
223 1424 298 1462 notmhe
312 1424 392 1475 speratus
409 1425 483 1471 saneu',
507 1421 561 1463 nulla
578 1429 609 1463 est
622 1420 768 1464 coniunctionis
785 1421 864 1473 divisio,

83 1490 172 1534 varietas
188 1490 253 1543 nulla,
270 1503 334 1547 neque
350 1490 374 1532 ab
390 1504 427 1532 una
445 1489 547 1532 divinitate
562 1491 676 1548 diversitas.

141 1559 233 1618 Denique
250 1562 319 1604 eodem
335 1576 379 1604 cum
399 1576 483 1619 corpore
500 1569 520 1604 et
536 1562 602 1604 anima
618 1570 724 1619 menteque
743 1563 766 1605 ad
782 1576 866 1620 superus

84 1640 166 1676 evectus
178 1640 221 1684 est,
244 1631 335 1690 omnibus
345 1631 384 1674 illis
396 1632 488 1674 inunum
501 1633 604 1684 caudatis,
628 1641 687 1689 atque
698 1633 720 1674 in
732 1633 814 1674 eandem
828 1634 867 1688 spi-

84 1701 161 1744 ritalem
174 1715 280 1757 personam
296 1701 460 1742 concurrentibus
477 1700 589 1757 divinisque
603 1701 694 1743 redditis.
725 1699 775 1743 lude
786 1716 835 1743 mox
847 1709 868 1742 ut

85 1771 109 1812 ad
119 1770 181 1826 patris
192 1770 283 1811 dextram
295 1769 396 1820 consedit,
419 1783 528 1826 praecones
540 1770 561 1811 in
575 1770 690 1811 uuiversum
704 1769 772 1811 orbem
785 1770 867 1820 dimisit,

84 1836 187 1880 Simonem
196 1836 291 1889 Petrum,
308 1845 329 1879 ct
340 1836 442 1879 Andream
454 1838 497 1879 eius
507 1839 602 1888 fratrem,
619 1837 724 1889 iacobum,
741 1845 762 1879 et
771 1836 867 1879 loannem

85 1904 187 1947 Zebedaei
199 1906 262 1956 tilios,
279 1919 329 1961 quos
340 1904 385 1946 olim
400 1906 513 1959 delegerat,
528 1903 640 1960 Philippum
651 1913 671 1947 et
683 1904 866 1958 bartholomaeum,

84 1971 222 2022 Matthacum,
240 1972 347 2024 Thomam,
364 1980 384 2014 et
394 1970 471 2024 ludam,
488 1987 511 2013 ac
523 1971 664 2024 Thaddaeum,
681 1980 701 2014 ct
712 1972 815 2015 Simonem
827 1972 868 2014 Ze—

84 2042 151 2093 loten‚
175 2050 195 2083 et
210 2040 279 2084 ludam
297 2039 425 2093 iscariotem,
448 2055 513 2097 aquo
530 2041 563 2083 ille
580 2042 664 2084 traditus
679 2048 718 2083 cst.
749 2040 799 2084 ltem
818 2041 868 2085 alios

85 2109 180 2166 LXXll,
202 2111 295 2170 equibus
306 2109 348 2155 Vll
359 2111 387 2155 illi
403 2112 459 2154 fuere
473 2111 506 2169 qui
517 2112 541 2155 ad
553 2112 656 2155 viduarum
668 2111 785 2170 obsequium
796 2112 867 2156 delecti

85 2190 144 2237 suut,
161 2182 287 2239 Stephanus,
309 2181 423 2239 Philippus,
444 2180 572 2236 Prochorus‚
594 2181 696 2234 Nicanor,
714 2182 801 2235 Timon,
817 2181 867 2225 Par-

85 2265 166 2304 meuas,
183 2259 203 2293 et
214 2251 325 2304 Nicolaus,
342 2259 362 2293 et
371 2260 452 2307 praeter
464 2252 500 2293 hos
510 2251 619 2304 Matthias,
642 2252 675 2306 qui
686 2252 731 2293 loco
743 2250 803 2293 ludae
814 2253 868 2293 iuter

85 2320 186 2375 apostolos
198 2327 302 2376 cooptatus
315 2326 353 2362 est.
384 2319 522 2361 Accesseruut
532 2320 557 2360 ad
567 2320 613 2361 illos
625 2315 721 2372 Marcus,
736 2318 816 2372 Lucas,
834 2319 867 2363 lu-

85 2387 279 2440 suquamauas,
304 2387 411 2444 Appelles,
434 2386 510 2438 Rufus,
535 2386 613 2443 Niger,
637 2402 660 2428 ac
680 2388 750 2443 reliqui
772 2386 865 2430 LXXll.

86 2452 208 2508 Quibuscum
225 2456 284 2497 etiam
300 2462 390 2497 sanctum
403 2454 486 2496 Paulum
498 2462 568 2509 suapte
581 2456 605 2495 de
617 2456 673 2497 coelo
684 2470 734 2497 voce
744 2457 806 2498 missa
820 2471 868 2513 apo-

86 2524 157 2566 stolum
169 2523 257 2580 gentium
271 2539 294 2565 ac
307 2537 425 2584 praec-ouem
437 2530 457 2564 et
467 2523 587 2579 apostolicae
604 2524 705 2566 doctrinae
721 2534 868 2567 consummato·

85 2592 232 2635 remiustituit.
264 2590 304 2648 Qui
320 2591 398 2649 quidem
414 2598 503 2635 sanctum
518 2590 607 2646 Lucam,
629 2599 651 2634 ut
661 2601 786 2645 memorant,
807 2609 868 2637 unum

87 2660 193 2706 eLXXll
206 2663 318 2720 discipulis,
335 2664 367 2720 qui
380 2662 469 2721 dissipati
484 2664 575 2715 fucrant,
596 2664 688 2716 reduxit,
710 2680 794 2723 cumque
806 2667 867 2708 eomi-

87 2739 126 2774 tem
138 2741 159 2777 et
170 2733 279 2776 adiutorem
292 2732 392 2788 evangelii
401 2734 459 2775 simul
473 2741 493 2775 et
504 2734 613 2791 apostolum
625 2734 722 2777 adhibuit.
753 2735 798 2778 Hoc
808 2737 866 2778 modo

86 2807 149 2844 totum
164 2803 263 2858 evangelii
278 2802 378 2857 negotium
387 2797 418 2844 ‘ad
433 2803 453 2844 id
468 2817 531 2858 usque
546 2804 641 2857 temporis
656 2806 767 2846 conlectum
783 2813 822 2847 est.

144 2870 211 2927 Atque
223 2871 318 2912 hacteuus
329 2870 353 2911 de
364 2868 395 2911 Xl
408 2870 481 2922 sectis,
504 2872 566 2924 deque
582 2884 607 2911 eo
619 2859 672 2926 quod
685 2874 755 2913 ordine
770 2886 867 2914 consecu-

88 3003 125 3036 ltem
142 3007 202 3039 Pauor.
219 3007 306 3039 Carnarius
322 3008 368 3038 uertit
385 3012 432 3038 certa
447 3006 468 3038 fit
512 3005 540 3040 95.
553 3003 609 3051 ἑαυτῷ
620 3009 667 3040 codd.
678 3017 715 3040 mss.
727 3011 741 3039 et
753 3009 790 3041 edit.
800 3010 852 3050 princ,

87 3047 197 3100 glorificatio:
214 3051 233 3084 in
247 3050 360 3091 communi,
378 3063 413 3084 non
422 3051 466 3085 deti-
512 3051 538 3087 97.
551 3049 593 3087 ὀδύο
603 3054 650 3087 codd.
663 3063 700 3087 mss.
711 3056 781 3096 uterque.

88 3095 146 3129 cientis
158 3104 184 3131 est
196 3097 322 3132 nomenclatura
333 3100 366 3132 cett.
