1988 3392
117 219 159 260 128
406 226 490 261 anGTI
498 226 616 260 EPIPHANII
648 228 651 232 “

116 303 128 350 ό
139 304 208 364 λόγος,
225 303 252 356 τίς
265 307 327 362 μηδὲν
337 303 456 351 εἶναιπλέον
467 309 494 365 τῷ
504 302 615 367 εῦχομένῳ,
635 305 675 363 Μή
684 306 776 366 περιέλης
785 304 845 363 λόγον
855 305 902 363 ἀλη-

116 379 176 428 θείας
191 377 213 420 ἐκ
227 380 264 420 τοῦ
279 374 378 433 στόματός
392 393 438 432 μου.

32 457 78 504 Κεφ.
87 454 108 494 λ’.
177 445 232 491 Πότε
247 447 269 491 δέ
283 452 341 491 τοῦτο
357 448 440 504 γίνεται,
461 444 509 490 όταν
523 445 551 502 μή
565 446 645 507 φυλοίξη
660 445 694 491 τόν
708 444 772 502 νόμον
788 445 903 500 διαπαντός,

117 515 165 560 δ’ταν
181 516 208 573 μή
221 522 315 577 πορευθῇ
330 533 359 566 τις
373 517 394 558 ἐν
407 520 522 575 πλατυσμῷ.
553 521 699 573 Πλατυνθῆναι
714 518 746 560 δεῖ
758 514 795 571 τήν
811 517 904 572 καρδίαν,

120 581 150 647 Ῑῇ
161 587 227 642 μέλλοι
238 605 268 638 τις
280 583 368 642 Χριστόν
380 586 554 642 ἐμπεριπατοῦντα
565 593 646 643 χωρεῖν,
667 580 693 629 οῦ
704 585 741 641 τήν
753 584 813 637 δόξαν
823 583 861 628 οῦκ
871 583 905 629 ἀν-

117 662 211 713 θρωττοι,
229 654 269 699 ἀλλ’
278 654 372 712 οάρανοὶ,
389 654 490 711 2οῦρανοί
499 652 537 711 γοίρ
548 657 665 711 διηγοῦνται
675 654 737 706 δόξαν
748 658 811 707 θεοῦ,
833 659 905 710 μᾶλλον

118 723 162 768 δὲό
173 723 235 776 αῦιός
243 722 319 780 πατήρ,
334 724 405 781 λέγων,
428 718 494 773 Οῦτός
506 726 558 767 ἐστιν
569 721 582 766 ό
592 723 637 774 υίός
648 742 688 779 μου
700 721 713 767 ό
723 721 839 780 ἀγαπητός,
854 725 876 767 έν
889 717 906 783 ᾧ

117 794 229 848 ηῦδόκησα.
253 792 292 835 Ὃν
306 790 344 836 οῦκ
359 794 412 836 ἐστιν
427 790 548 849 ὁμολογήσαι
560 794 580 835 εί
589 810 619 843 τις
634 795 663 843 εἰς
672 791 728 848 ῦψος
742 792 823 837 ἀδικίαν
837 795 906 848 λαλοίη

120 861 171 920 πρός
180 862 217 906 τόν
226 865 309 918 πλησίον
321 860 396 915 αῦτοῦ,
417 863 436 905 εἷ’
445 880 475 912 τις
485 863 513 913 εἰς
523 859 559 916 τήν
567 861 706 919 Ἀντιχρίστων
717 861 774 914 τόξον
784 863 819 905 καὶ
829 863 906 905 ἐπωνυ·

120 935 168 987 μίαν
180 929 258 974 3αὐτόν
269 932 393 983 *nanneten
408 929 499 981 ἀποστάς
509 934 545 986 τῆς
554 930 628 982 τάξεως
637 933 671 975 καί
682 933 798 987 ἐπωνυμίας
806 935 846 974 τῶν
857 934 907 987 Χρι-

119 1005 214 1052 στιανῶν,
229 1001 276 1057 περὶ
291 995 319 1043 ὧν
334 1002 421 1056 εἴρηται,
436 997 476 1054 Μή
489 998 573 1054 ἀψησθε
582 1004 622 1043 τῶν
634 1005 727 1057 Χριστοῖν
739 1019 785 1056 μον.
818 1002 852 1050 Τίς
861 997 907 1056 γοίρ,

119 1070 180 1124 φησὶ,
196 1067 208 1112 ό
220 1068 358 1124 ψευδόμενος,
374 1070 392 1110 εἰ
405 1067 433 1123 μή
448 1067 583 1124 ἀρνούμενος,
604 1068 635 1112 ότι
648 1068 726 1124 Ἰησοῦς
740 1068 753 1112 ό
769 1067 856 1125 Χριστός
868 1067 907 1111 οῦκ

121 1140 183 1191 {narn
198 1133 269 1189 οὗτος,
284 1139 340 1192 φησί,
356 1135 513 1192 όἈντίχριστος.
542 1134 565 1178 ‘0
575 1135 613 1193 γοίρ
623 1136 747 1195 ἀρνούμενος
757 1135 792 1180 τόν
802 1135 849 1179 υἱόν
860 1133 908 1179 ου’δέ

121 1205 156 1249 τόν
171 1207 247 1262 πατέρα
262 1207 308 1259 ἐχει·
331 1203 375 1246 όδὲ
390 1202 493 1259 ὁμολογῶν
507 1202 542 1246 τόν
556 1204 603 1246 υἱόν
616 1206 651 1246 καί
665 1204 700 1247 τόν
717 1205 793 1260 πατέρα
811 1202 908 1260 όμολογεῖ.

115 1273 181 1330 Ὅπερ
196 1267 242 1325 οῦν,
258 1273 316 1326 φησί,
338 1273 359 1321 ἐξ
372 1270 435 1327 ἀρχῆς
450 1270 558 1325 ἠκούσατε,
578 1276 638 1314 τοῦτο
655 1273 728 1325 μενέτω
743 1274 766 1315 ἐν
782 1269 837 1325 ῦμῖν.
867 1272 909 1313 Καὶ

121 1340 166 1394 ἐόν,
188 1342 250 1394 φησὶ,
271 1340 320 1398 μένη
335 1340 357 1382 ἒν
370 1336 419 1393 ῦμῖν
431 1336 480 1392 ὅπερ
496 1339 517 1390 ἐξ
528 1338 590 1394 ἀρχῆς
602 1337 711 1394 ήκοῦσατε,
733 1337 909 1397 καὶόμεῖςέντῷ

120 1411 159 1469 υἱῷ
175 1414 249 1465 μενεῖτε
264 1408 299 1451 καὶ
314 1411 343 1466 τῷ
358 1410 425 1465 πατρί.
461 1411 570 1463 Μενοῦμεν
585 1407 616 1462 δέ,
638 1406 687 1452 όταν
702 1406 789 1452 ένοόπιον
807 1413 859 1452 θεοῦ
874 1408 909 1451 καὶ

121 1480 218 1522 ἐκλεκτῶν
229 1475 317 1535 ἀγγέλων
327 1474 486 1533 ὁμολογήσομεν,
502 1473 550 1519 ἀλλά
563 1478 598 1520 καὶ
612 1475 699 1520 ἐνοόπιον
709 1477 816 1535 βασιλέων,
830 1477 866 1521 καὶ
880 1474 908 1532 μή

122 1547 270 1604 αἰσχυνόμεθα.
298 1544 452 1604 Έλάλοννγοὶρ,
473 1547 532 1601 φησὶ,
554 1548 575 1590 ἐν
586 1552 628 1598 τοῖς
643 1549 760 1606 μαρτυρίοις
770 1562 808 1592 σου
819 1548 910 1591 ἐναντίον

123 1619 231 1675 βασιλέων,
252 1618 287 1661 καί
302 1616 341 1660 οῦκ
355 1615 476 1677 ήσχυνόμην.
499 1615 547 1659 Ὅτι
560 1616 604 1668 οἶός
618 1621 655 1661 τοῦ
669 1621 731 1672 θεοῦ,
752 1616 801 1668 θεός
815 1619 837 1662 ἐκ
853 1623 910 1672 θεοῦ,

124 1686 152 1739 εἷς
163 1690 183 1740 ἐξ
193 1685 246 1740 ἑνός,
263 1688 283 1738 ἐξ
293 1685 402 1744 ἀγεννήτου
414 1685 533 1744 μονογενής,
555 1688 654 1744 ἐξαίρετον
669 1688 757 1744 γέννημα
770 1691 805 1731 τοῦ
820 1705 908 1745 γεγεννη-

123 1757 194 1811 κότος,
210 1757 244 1800 καὶ
254 1754 309 1807 ἀξιος
319 1753 331 1799 ό
341 1755 386 1806 υἱός
396 1761 433 1799 τοῦ
442 1753 541 1811 ἀνοίρχου,
556 1761 593 1799 τοῦ
602 1755 711 1814 ἀδιηγήτου
720 1755 816 1815 έρμηνεῦς
827 1754 910 1814 ἀδιήγη-

123 1843 168 1881 τος,
189 1824 257 1883 λόγος,
278 1827 313 1869 καὶ
327 1827 401 1879 σοφία,
421 1827 455 1868 καὶ
470 1824 556 1880 δυ’ναμις
569 1830 606 1869 τοῦ
620 1823 671 1882 ῦπέρ
686 1829 759 1880 σοφίαν
773 1826 912 1882 καδδύναμιν,

124 1895 174 1953 ῦπέρ
184 1895 196 1939 δ
207 1896 336 1952 φθέγξασθαι
348 1894 431 1938 δόναιαι
440 1899 525 1951 γλοῖττα,
541 1891 592 1951 ῦπὲρ
604 1893 616 1938 δ
627 1899 706 1949 κινῆσαι
718 1894 808 1938 διάνοια·
824 1896 913 1952 γέννημα

124 1959 198 2007 τέλειόν
210 1964 276 2007 τεκαὶ
291 1965 352 2018 με’νον
366 1965 388 2007 ἐκ
399 1966 472 2006 τελείου
484 1964 517 2006 καί
530 1963 625 2018 μένοντος
635 1965 657 2007 ἐν
666 1962 781 2019 ταυτότητι,
796 1963 835 2007 οῦκ
850 1962 912 2021 ἀπορ-

125 2035 200 2090 ήεῦσαν
215 2035 237 2076 ἐκ
249 2031 333 2089 πατρός,
355 2030 401 2075 οῦτε
416 2032 535 2087 ἀποτμηθὲν
550 2049 570 2075 τε
584 2033 618 2075 καὶ
633 2033 745 2088 διαιρεθὲν,
769 2031 810 2075 ἀλλ’
824 2034 913 2083 ἀπαθοῦς

125 2103 161 2145 καὶ
172 2099 285 2158 ὁλοκλήρως
295 2099 402 2159 προελθεῖν
413 2102 435 2144 ἐκ
447 2106 483 2144 τοῦ
498 2100 559 2154 μηδὲν
574 2100 738 2156 ἀποβεβληκότος
753 2095 782 2144 etv
796 2099 840 2157 εἶχε.
870 2102 912 2144 Καὶ

125 2168 157 2214 ότι
171 2170 229 2227 λόγος
244 2172 285 2214 ἐστι’
297 2187 318 2213 τε
330 2170 365 2213 καὶ
379 2171 455 2226 λέγεται
470 2167 525 2222 οἷός,
540 2167 565 2211 οά
580 2167 620 2224 μήν
634 2168 694 2224 φωνή
708 2174 745 2214 τοῦ
759 2168 844 2227 πατρός,
865 2168 913 2214 οῦδὲ

125 2241 181 2294 ήήμα
195 2244 276 2281 νοεῖται.
305 2236 414 2292 ΓΤφὲσιηκε
429 2237 466 2293 γάρ
481 2235 529 2280 καθ’
544 2235 624 2290 έαυτδν,
639 2239 674 2280 καί
689 2239 774 2294 ἐνεργεῖ,
793 2239 827 2281 καί
841 2236 866 2281 δι’
876 2239 913 2281 αῦ-

126 2311 163 2350 τοῦ
178 2306 202 2348 τό
217 2305 293 2358 πάντα,
316 2307 350 2348 καί
371 2306 392 2348 ἐν
406 2304 460 2363 αὐτῷ
475 2303 500 2347 τό
514 2303 592 2349 πάντα·
615 2304 680 2360 όίςπερ
700 2306 735 2349 καὶ
749 2308 812 2358 σοφία
826 2304 838 2348 ό
852 2304 913 2356 attan

40 2391 116 2430 pagens.
131 2373 159 2416 τόν
171 2372 208 2416 οῦκ
223 2372 332 2427 ἐνθύμημα
346 2376 383 2414 τοῦ
397 2372 473 2428 πατρός
487 2378 570 2425 νοεῖται,
592 2371 638 2415 οῦτε
652 2375 729 2426 κίνησις
743 2377 780 2416 τοῦ
795 2371 913 2430 ἡγεμονικοῦ

129 2443 181 2484 ὁκαὶ
196 2442 294 2497 ἐνέργεια,
313 2438 362 2482 ἀλλά
376 2442 463 2496 γέννημα
478 2439 550 2494 όμοιόν
564 2456 585 2482 τε
599 2444 635 2483 τοῦ
650 2439 736 2496 πατρός,
755 2442 791 2484 καί
804 2439 839 2484 τόν
853 2459 913 2498 χαρα-

126 2512 189 2565 κτήρα
204 2513 240 2551 τοῦ
255 2507 331 2564 πατρός
345 2508 452 2564 ἀκριβοῦν·
467 2512 540 2551 τοῦτον
552 2506 590 2564 γάρ
602 2505 615 2550 ό
627 2506 693 2563 πατήρ
706 2508 824 2565 ἐσφράγισεν
835 2507 846 2552 ό
857 2508 912 2560 θεός.

129 2578 172 2619 Καί
186 2574 222 2632 οάχ
237 2576 297 2636 ἑτέρῳ
312 2576 347 2631 μὲν
362 2576 477 2632 ἐνυπάρχει,
499 2573 536 2631 οῦχ
555 2573 655 2630 ἀφέστηκε
673 2575 756 2620 δὲκαθ’
770 2575 841 2632 ἑαυτό,
864 2575 913 2622 ἀλλά

128 2648 216 2704 γέννημα
228 2645 362 2702 ἐνεργητικόν,
384 2648 416 2690 καί
428 2643 540 2699 πεποιηκός
554 2643 600 2688 τόδε
614 2642 637 2688 τό
649 2650 700 2699 πᾶν,
714 2647 749 2689 καὶ
763 2646 865 2699 φυλοίττον
875 2645 912 2691 ἀεί.

132 2720 199 2761 Ταῦτα
211 2712 271 2759 ἱκανά
286 2715 320 2759 καὶ
335 2719 371 2770 τῆς
384 2712 481 2771 Ἑλλήνων
496 2712 570 2770 πλάνης
584 2712 639 2771 ήμῦς
652 2716 687 2759 καί
701 2720 737 2772 τής
743 2715 859 2773 Ἰουδαϊκῆς
869 2717 913 2762 ἐθε-

129 2789 262 2845 λοθρησκείας
277 2787 419 2842 ἐλευθερῶσαι,
434 2786 468 2830 καί
483 2789 520 2841 τῆς
534 2786 634 2844 αίρετικής
647 2788 772 2839 κακοδοξίας.

154 2882 194 2915 Cnn.
206 2881 266 2915 XXX.
279 2899 301 2905 —
325 2882 339 2913 1.
356 2892 368 2926 η
378 2883 435 2923 εοιλγιιῖ
449 2890 479 2923 pro
489 2872 512 2921 ἧς
533 2882 574 2914 ntus.
596 2882 913 2924 Νίλιίλδιιλδινο,οαιοιιιίγιλοιονιοιι-

130 2930 172 2971 quot
187 2930 223 2961 libri
238 2929 286 2969 οιιλρο
301 2928 380 2967 praebent.
403 2929 455 2969 Neque
466 2927 512 2959 ntiter
534 2928 558 2959 tn's
568 2929 639 2968 psattertt
651 2930 675 2961 tta
688 2938 735 2960 nsnrn
751 2937 784 2961 esst
801 2933 880 2970 ογηιοιεολ
896 2932 913 2963 ολ

130 2977 228 3015 Carnarius,
244 2976 268 3006 nti
278 2974 351 3014 nitetur,
369 2975 383 3006 st
394 2974 457 3015 quinem
467 2974 514 3005 vertit
534 2974 603 3014 ηαοιλοιιι
618 2975 665 3007 νιοδο
680 2976 714 3007 suis
730 2974 827 3017 adstrueret,
843 2977 913 3018 οδιοηιιν

130 3019 148 3052 in
159 3031 192 3064 quo
203 3019 239 3063 quis
250 3019 334 3052 Christum
342 3018 474 3052 inambulantem
484 3029 512 3050 ca·
534 3029 584 3052 ιιιιοοι
594 3022 686 3053 sententiam
698 3020 770 3060 efficeret.

131 3077 172 3110 pere
184 3065 224 3097 vult.
249 3065 264 3100 ελ
275 3066 343 3099 correxit
353 3066 432 3099 Ρολονίιιι.
556 3065 573 3099 3.
585 3061 637 3100 αάτέν
648 3075 679 3098 nnn.
690 3066 725 3097 οοσ.
737 3066 802 3107 Βοιῦίγ.

154 3110 171 3145 2.
189 3111 255 3153 „Deest
271 3110 353 3145 verbnm“
367 3112 449 3145 annotavit
463 3112 511 3145 Ριλιι-
556 3108 572 3145 4.
588 3109 675 3146 καλέσειεν
691 3111 737 3144 nott.
748 3111 815 3155 nnenrn.
826 3116 841 3146 ct
852 3114 913 3147 Parin·-
