1988 3392
239 222 332 255 raanan
345 223 387 256 nra.
397 223 426 256 in.
438 224 494 258 non.
505 224 527 257 u.
539 223 606 257 nana.
617 222 700 256 cxxix.
822 213 865 255 455

79 311 122 355 rat,
145 316 203 345 acmo
220 310 241 345 ut
259 310 400 346 sacrosanctae
419 304 501 360 virginis
520 303 665 347 vehementiori
681 303 763 359 qrradam
779 302 866 345 admira·

80 373 133 415 tione
144 379 245 427 permotus
257 386 302 414 sese
313 372 336 413 ad
349 372 402 414 illins
415 373 503 415 haeresis
515 389 578 429 nugas
591 388 614 415 ae
627 372 696 414 deliria
709 379 845 414 converteret.

137 439 174 482 Est
186 441 237 482 enim
254 449 294 484 tota
311 442 349 484 ista
361 441 449 484 narratio
461 456 509 484 sane
523 457 579 498 quam
591 441 686 494 ridicula,
711 448 731 483 et
742 441 864 483 anicularum
885 442 927 487 Cap.
935 441 957 476 V·

79 509 216 552 lucubratione
226 511 293 565 digna.
325 509 405 553 Etenim
417 525 502 566 quanam
516 512 536 553 in
548 511 658 568 scripturae
669 517 726 568 parte
737 510 865 552 continetur?

79 577 130 635 eris
143 577 393 636 prophetarnmnnqnam,
411 579 442 621 vel
455 579 554 622 hominem
567 580 657 632 adorari,
675 580 747 622 nedum
761 578 864 620 mulierem

79 646 183 704 permisit?
213 645 336 704 eramqnam
353 650 405 691 enim
425 649 521 691 selectum
538 649 633 704 quoddam
647 663 683 691 rias
696 657 755 704 atque
768 646 864 689 eximium

78 717 116 767 sit,
134 715 260 758 nibilominus
273 718 344 759 mulier
357 726 399 770 est,
417 718 545 774 eiusdemque
560 732 603 759 cnm
616 719 689 760 ceteris
701 725 796 768 naturae,
819 716 866 758 licet

77 784 143 826 animo
154 791 213 840 atque
224 800 284 827 sensu
296 786 423 842 amplissimis
432 786 541 829 honoribus
552 787 622 829 affecta
635 786 673 838 sit,
689 787 771 842 perinde
783 800 807 828 ac
818 786 865 828 reli-

78 868 160 911 quorum
178 861 291 896 sanatorum
309 870 406 911 corpora,
428 863 462 897 ant
477 855 549 910 siquid
568 856 591 898 ad
607 855 689 911 gloriam
701 871 725 897 ac
737 854 864 911 splendorem

77 922 174 965 illustrius
186 923 279 965 attulero.
312 922 481 979 Quemadmodum
498 922 566 975 Elias,
589 923 621 979 qni
638 923 662 965 ab
675 931 719 965 ortu
731 938 768 965 sno
779 922 863 979 virgini·
872 931 885 959 4·
893 929 933 967 Reg.
942 929 956 959 ²·

78 999 137 1034 tatem
150 999 246 1047 perpetuo
258 993 358 1045 servavit,
376 1000 396 1034 et
408 992 428 1034 in
439 993 516 1034 coelura
529 999 611 1033 eveetns
624 999 662 1033 est
692 991 719 1034 Ut
732 990 818 1034 loannes
829 1007 864 1048 po-

78 1069 132 1112 stea,
154 1063 189 1115 qui
198 1064 218 1101 iu
225 1070 293 1115 pertus
304 1065 376 1102 dommi
385 1062 484 1109 recubuit,
508 1076 562 1115 quem
575 1062 669 1114 uttgetar
682 1064 743 1101 Iesus.
776 1058 803 1103 Ut
818 1075 864 1102 sau·
881 1064 935 1130 ¹3³³&

78 1130 165 1171 ctissime
183 1130 215 1172 illa
227 1129 316 1182 Thecla,
340 1130 372 1172 oui
389 1137 455 1172 tamen
471 1130 530 1186 longe
549 1137 579 1171 cst
598 1130 736 1184 anteponenda
753 1128 820 1171 Maria
837 1129 862 1170 nb
875 1120 954 1172 atriu

77 1198 165 1240 eoeleste
181 1198 227 1239 ilhrd
244 1200 359 1256 mysterium
375 1200 427 1255 qnod
444 1200 463 1240 in
480 1199 524 1240 eins
536 1206 593 1240 utero
607 1200 717 1254 perlectum
731 1205 769 1239 cst.
801 1197 864 1254 Atqui

78 1281 114 1309 nec
130 1266 185 1309 Elias
202 1267 315 1310 adorandas
326 1276 369 1320 est,
387 1267 465 1309 tametsi
477 1268 541 1309 adhuc
553 1275 655 1324 superstes
667 1267 705 1319 sit,
727 1281 791 1322 neque
804 1265 864 1308 loan-

78 1349 125 1385 nes,
146 1335 192 1377 licet
205 1336 296 1392 precibus
309 1344 392 1378 mortem
405 1350 461 1378 suam
472 1336 608 1378 admirabilem
621 1351 644 1378 ae
656 1336 778 1391 singularem
791 1336 864 1377 elleoe-

77 1405 114 1456 rit,
136 1405 168 1446 uel
181 1405 199 1447 id
212 1406 276 1461 potins
289 1405 357 1447 divino
369 1406 395 1447 sit
407 1404 503 1447 beneticio
516 1413 642 1447 consecutas.
674 1403 714 1446 Sed
726 1419 764 1446 nec
775 1404 861 1456 Thecla,

77 1481 111 1515 aut
122 1473 172 1516 alins
183 1473 280 1530 quispiam
291 1488 301 1515 e
313 1473 389 1516 sanctis
401 1475 502 1515 adoratur.
534 1472 581 1515 Non
593 1473 645 1515 enim
657 1480 715 1515 vetus
726 1473 782 1515 nobis
793 1486 863 1529 snper-

77 1542 131 1584 stitio
144 1542 289 1595 dominabitur,
311 1550 332 1584 nt
343 1543 390 1584 rivo
401 1543 438 1584 deo
450 1542 557 1593 derelicto,
574 1556 624 1597 qnae
636 1541 660 1583 ab
673 1556 697 1582 eo
709 1542 806 1583 fabricata
817 1548 864 1583 sunt
872 1549 967 1588 Romnae

77 1612 161 1652 adorare
174 1611 266 1653 velimus.
297 1614 421 1661 Samiorum,
438 1611 509 1666 inquit,
525 1619 545 1651 et
557 1614 645 1651 cenerati
652 1619 699 1650 sunt
710 1618 819 1650 creauerunt
827 1625 863 1663 po·

77 1683 115 1720 tias
126 1681 310 1733 quurn'erearorem,
335 1688 355 1720 et
362 1681 417 1733 sartari
429 1682 502 1720 redditi
511 1688 563 1720 sunt,
595 1677 648 1720 Nam
661 1679 678 1720 si
690 1692 715 1719 ne
726 1678 810 1733 angelos
820 1678 863 1734 qni-

77 1748 121 1789 dem
133 1748 212 1790 adorari
225 1747 333 1804 permittit,
355 1754 428 1803 quanto
444 1747 508 1789 minus
523 1747 542 1789 id
556 1747 628 1789 Annae
643 1747 695 1789 tiliae
708 1746 767 1788 tribui
779 1760 863 1788 conces-

76 1816 133 1868 serit,
145 1831 203 1872 qnam
215 1816 243 1858 illi
253 1830 264 1858 e
276 1815 363 1858 loacinro
375 1816 405 1857 dei
416 1816 495 1858 bonitas
505 1815 600 1858 indulsit?
615 1830 671 1872 qnam
681 1815 782 1871 precibus,
800 1815 863 1857 omni-

77 1899 115 1940 qne
126 1885 186 1927 arriani
199 1885 264 1926 studio
279 1899 301 1926 ae
314 1884 455 1935 contentione,
472 1898 544 1940 parens
559 1891 643 1940 uterque
657 1885 780 1941 promeruit?
794 1883 822 1924 ita
834 1891 863 1925 ta-

77 1968 121 1994 men
136 1960 158 1995 nt
173 1968 212 1995 non
230 1953 286 1995 aliam
299 1968 357 2009 qnam
370 1953 431 1994 ceteri
444 1953 538 1995 mortales
550 1953 644 1995 nascendi
657 1951 790 1995 conditionem
801 1952 863 1995 babu-

76 2022 127 2072 erit,
149 2023 184 2063 sed
201 2022 261 2063 atilli
277 2036 289 2062 e
305 2022 356 2064 virili
374 2028 418 2062 satn
435 2035 459 2062 ao
475 2020 544 2062 matris
560 2029 617 2063 utero
629 2022 732 2077 prodierit.
764 2019 862 2075 Quamvis

76 2097 141 2131 antem
154 2104 180 2131 ex
191 2088 270 2132 Mariae
282 2090 363 2131 historia
376 2105 399 2131 ac
413 2089 519 2130 traditione
533 2089 579 2131 illud
591 2089 699 2139 habeatnr,
717 2087 805 2130 loacimo
818 2090 862 2131 eius

76 2159 126 2213 patri
140 2158 233 2200 divinitus
252 2159 288 2199 truc
300 2158 320 2199 in
331 2160 411 2199 deserto
425 2156 535 2200 nuntiatum
547 2158 620 2200 foisse:
643 2156 702 2200 Uxor
712 2164 745 2199 tna
758 2157 861 2214 concepit?

76 2242 115 2267 riori
133 2228 160 2268 ita
177 2234 242 2268 tamen
255 2226 390 2282 accipiendum
407 2233 438 2267 est
454 2226 510 2281 qnasi
522 2227 560 2268 hoc
572 2227 621 2268 citra
637 2226 742 2283 nuptialem
757 2226 862 2268 consocia-

76 2295 149 2337 tionem
167 2310 190 2336 ae
205 2294 282 2336 virilem
295 2302 358 2336 satum
372 2295 474 2336 acciderit.
507 2294 582 2336 Verum
593 2296 644 2350 qnod
658 2297 745 2337 futurum
760 2302 803 2336 erat
815 2294 862 2336 nris-

76 2378 111 2404 sus
123 2379 134 2404 a
147 2363 185 2404 deo
202 2363 321 2418 significarit
337 2363 431 2417 angelus,
453 2377 478 2404 ne
495 2378 532 2418 qna
549 2363 644 2405 dubitatio
659 2365 710 2405 foret
723 2371 804 2419 propter
814 2363 864 2405 illud

76 2433 128 2486 qnod
144 2445 216 2473 revera
231 2432 251 2472 in
267 2432 330 2472 locem
344 2430 429 2481 editum,
452 2438 471 2471 et
484 2446 495 2472 a
507 2432 544 2472 deo
555 2432 696 2484 coustitutum,
720 2446 743 2473 ac
754 2432 807 2474 insto
817 2430 862 2473 viro

77 2508 143 2542 natum
160 2501 232 2542 luerat.
659 2549 661 2551 Ι

135 2566 188 2623 Quin
201 2567 263 2609 eidem
275 2567 304 2608 rei
315 2582 384 2610 sacras
397 2567 466 2609 literas
476 2568 591 2624 adstipulari
602 2568 700 2611 videmus.
724 2568 778 2611 Nam
788 2568 861 2612 Esaias
879 2572 955 2617 capvt.

77 2637 101 2677 de
112 2637 152 2678 filio
165 2636 196 2678 dei
209 2636 237 2677 sic
247 2636 380 2678 vaticinatur:
403 2639 453 2677 Eece
464 2641 519 2690 vergo
530 2641 550 2678 in
562 2645 616 2678 utero
628 2641 722 2691 concipiet
731 2647 751 2679 et
758 2642 825 2692 puroet
830 2641 860 2692 fi·
868 2652 912 2681 usai.
920 2653 935 2689 t,
944 2652 966 2683 lt.

77 2707 123 2745 Itum
136 2714 155 2745 et
168 2706 262 2744 nocebunt
277 2719 343 2744 nomeu
356 2708 397 2744 erus
408 2709 527 2746 Ernrnnuuel.
559 2704 586 2746 Et
598 2707 690 2760 qnoniam
702 2707 794 2762 genitura
804 2707 862 2763 virgo

77 2773 191 2824 dicebatur,
215 2780 235 2814 et
245 2780 302 2814 utero
314 2773 402 2814 mulieris
413 2776 522 2829 gestandus
532 2774 564 2815 ille
576 2773 632 2816 cuius
648 2790 720 2816 nomen
731 2776 782 2817 idern
795 2784 861 2828 sonae,

77 2855 101 2881 ac
112 2844 215 2882 Nobiscum
233 2845 291 2889 clerae,
312 2855 337 2881 ne
351 2842 421 2895 quain
437 2844 543 2897 prophetae
555 2842 620 2883 animo
633 2845 656 2884 de
669 2844 697 2885 rei
709 2844 794 2885 veritate
806 2844 862 2885 dnbi-

77 2909 125 2950 tatio
137 2911 246 2958 resideret,
269 2909 355 2951 oblatum
367 2909 405 2950 sibi
418 2910 481 2952 visnnr
494 2912 601 2965 instigante
613 2912 683 2968 spiritu
697 2921 765 2954 sancte
778 2912 862 2968 prephe-

100 3068 116 3101 a.
129 3068 154 3105 ἔτι
164 3073 231 3105 correxit
245 3072 324 3105 Petuntur.
349 3071 393 3103 Libri
408 3072 457 3113 untpo
469 3069 501 3106 eru.
