<?xml version="1.0" encoding="UTF-8"?>
<!DOCTYPE html PUBLIC "-//W3C//DTD XHTML 1.0 Transitional//EN"
    "http://www.w3.org/TR/xhtml1/DTD/xhtml1-transitional.dtd">
<html xmlns="http://www.w3.org/1999/xhtml" xml:lang="en" lang="en">
 <head>
  <title>
</title>
<meta http-equiv="Content-Type" content="text/html;charset=utf-8" />
  <meta name='ocr-system' content='tesseract 3.04.00' />
  <meta name='ocr-capabilities' content='ocr_page ocr_carea ocr_par ocr_line ocrx_word'/>
</head>
<body>
  <div class='ocr_page' id='page_1' title='image "./MN41650ucmf_1/MN41650ucmf_1_0274.png"; bbox 0 0 1988 3392; ppageno 0'>
   <div class='ocr_carea' id='block_1_1' title="bbox 147 220 647 269">
    <p class='ocr_par' dir='ltr' id='par_1_1' title="bbox 147 220 647 269">
     <span class='ocr_line' id='line_1_1' title="bbox 147 220 647 269; baseline 0.01 -5"><span class='ocrx_word' id='word_1_1' title='bbox 147 220 189 266; x_wconf 77' lang='lat'><strong><em>252</em></strong></span> <span class='ocrx_word' id='word_1_2' title='bbox 435 235 518 269; x_wconf 73' lang='grc' dir='ltr'><strong><em>ειιιαιι</em></strong></span> <span class='ocrx_word' id='word_1_3' title='bbox 529 234 647 269; x_wconf 77' lang='grc' dir='ltr'><strong><em>ονινιιιιιιι</em></strong></span> 
     </span>
    </p>
   </div>
   <div class='ocr_carea' id='block_1_2' title="bbox 147 311 931 789">
    <p class='ocr_par' dir='ltr' id='par_1_2' title="bbox 147 311 931 789">
     <span class='ocr_line' id='line_1_2' title="bbox 201 311 930 371; baseline 0.004 -16"><span class='ocrx_word' id='word_1_4' title='bbox 201 313 281 371; x_wconf 81' lang='grc' dir='ltr'><strong><em>Ἀνατρ.</em></strong></span> <span class='ocrx_word' id='word_1_5' title='bbox 299 313 420 364; x_wconf 77' lang='grc' dir='ltr'><strong><em>Ἀυτιθέτως</em></strong></span> <span class='ocrx_word' id='word_1_6' title='bbox 430 311 544 370; x_wconf 82' lang='grc' dir='ltr'><strong><em>καρειςόγει</em></strong></span> <span class='ocrx_word' id='word_1_7' title='bbox 555 312 641 367; x_wconf 82' lang='grc' dir='ltr'><strong><em>Ἀέτιος,</em></strong></span> <span class='ocrx_word' id='word_1_8' title='bbox 656 316 678 358; x_wconf 91' lang='grc' dir='ltr'><strong><em>έκ</em></strong></span> <span class='ocrx_word' id='word_1_9' title='bbox 693 318 845 370; x_wconf 77' lang='grc' dir='ltr'><strong><em>συλλογιστικῶν</em></strong></span> <span class='ocrx_word' id='word_1_10' title='bbox 857 313 930 371; x_wconf 80' lang='grc' dir='ltr'><strong><em>ὄνομα·</em></strong></span> 
     </span>
     <span class='ocr_line' id='line_1_3' title="bbox 148 378 930 439; baseline 0.005 -14"><span class='ocrx_word' id='word_1_11' title='bbox 148 386 196 425; x_wconf 81' lang='grc' dir='ltr'><strong><em>σιῶν</em></strong></span> <span class='ocrx_word' id='word_1_12' title='bbox 207 379 340 439; x_wconf 81' lang='grc' dir='ltr'><strong><em>όνθροιπίνης</em></strong></span> <span class='ocrx_word' id='word_1_13' title='bbox 354 378 443 433; x_wconf 85' lang='grc' dir='ltr'><strong><em>έπινοίας</em></strong></span> <span class='ocrx_word' id='word_1_14' title='bbox 459 381 510 427; x_wconf 85' lang='grc' dir='ltr'><strong><em>θεόν</em></strong></span> <span class='ocrx_word' id='word_1_15' title='bbox 526 386 645 439; x_wconf 74' lang='grc' dir='ltr'><strong><em>καταλαβεῖν</em></strong></span> <span class='ocrx_word' id='word_1_16' title='bbox 661 383 791 439; x_wconf 87' lang='grc' dir='ltr'><strong><em>βουλόμενος,</em></strong></span> <span class='ocrx_word' id='word_1_17' title='bbox 811 384 846 426; x_wconf 86' lang='grc' dir='ltr'><strong><em>καί</em></strong></span> <span class='ocrx_word' id='word_1_18' title='bbox 862 381 889 434; x_wconf 73' lang='grc' dir='ltr'><strong><em>σός</em></strong></span> <span class='ocrx_word' id='word_1_19' title='bbox 908 386 930 430; x_wconf 63' lang='lat' dir='ltr'><strong><em>en</em></strong></span> 
     </span>
     <span class='ocr_line' id='line_1_4' title="bbox 147 450 931 510; baseline 0.005 -16"><span class='ocrx_word' id='word_1_20' title='bbox 147 452 217 503; x_wconf 81' lang='grc' dir='ltr'><em>λέξεων</em></span> <span class='ocrx_word' id='word_1_21' title='bbox 228 450 382 509; x_wconf 74' lang='grc' dir='ltr'><em>ἀκρωτηριάζειν</em></span> <span class='ocrx_word' id='word_1_22' title='bbox 394 457 486 509; x_wconf 81' lang='grc' dir='ltr'><strong><em>πειρᾶται</em></strong></span> <span class='ocrx_word' id='word_1_23' title='bbox 503 458 538 508; x_wconf 80' lang='grc' dir='ltr'><strong><em>τῆς</em></strong></span> <span class='ocrx_word' id='word_1_24' title='bbox 551 455 647 510; x_wconf 75' lang='grc' dir='ltr'><strong><em>ἐναργοῦς</em></strong></span> <span class='ocrx_word' id='word_1_25' title='bbox 661 456 745 503; x_wconf 86' lang='grc' dir='ltr'><strong><em>πίστεως</em></strong></span> <span class='ocrx_word' id='word_1_26' title='bbox 759 451 796 508; x_wconf 77' lang='grc' dir='ltr'><strong><em>την</em></strong></span> <span class='ocrx_word' id='word_1_27' title='bbox 807 455 891 508; x_wconf 80' lang='grc' dir='ltr'><strong><em>βεβαίαν</em></strong></span> <span class='ocrx_word' id='word_1_28' title='bbox 902 454 931 498; x_wconf 80' lang='grc' dir='ltr'><strong><em>έλ-</em></strong></span> 
     </span>
     <span class='ocr_line' id='line_1_5' title="bbox 148 519 930 581; baseline 0.004 -18"><span class='ocrx_word' id='word_1_29' title='bbox 148 523 204 573; x_wconf 87' lang='grc' dir='ltr'><strong><em>πίδκ,</em></strong></span> <span class='ocrx_word' id='word_1_30' title='bbox 216 519 313 576; x_wconf 79' lang='grc' dir='ltr'><strong><em>ὑνόμοιον</em></strong></span> <span class='ocrx_word' id='word_1_31' title='bbox 323 519 425 581; x_wconf 67' lang='grc' dir='ltr'><strong><em>2οίνομοίρι</em></strong></span> <span class='ocrx_word' id='word_1_32' title='bbox 435 521 567 580; x_wconf 71' lang='grc' dir='ltr'><strong><em>συγκρούσας,</em></strong></span> <span class='ocrx_word' id='word_1_33' title='bbox 578 524 611 566; x_wconf 81' lang='grc' dir='ltr'><strong><em>καί</em></strong></span> <span class='ocrx_word' id='word_1_34' title='bbox 620 523 672 573; x_wconf 80' lang='grc' dir='ltr'><strong><em>λέξιν</em></strong></span> <span class='ocrx_word' id='word_1_35' title='bbox 680 523 729 572; x_wconf 81' lang='grc' dir='ltr'><strong><em>λέξει</em></strong></span> <span class='ocrx_word' id='word_1_36' title='bbox 741 521 882 578; x_wconf 73' lang='grc' dir='ltr'><strong><em>ιἰνατροπικυῖς</em></strong></span> <span class='ocrx_word' id='word_1_37' title='bbox 892 541 930 566; x_wconf 90' lang='grc' dir='ltr'><strong><em>πα-</em></strong></span> 
     </span>
     <span class='ocr_line' id='line_1_6' title="bbox 148 588 931 648; baseline 0.004 -17"><span class='ocrx_word' id='word_1_38' title='bbox 148 592 235 645; x_wconf 82' lang='grc' dir='ltr'><strong><em>ρενθείς,</em></strong></span> <span class='ocrx_word' id='word_1_39' title='bbox 251 589 278 640; x_wconf 74' lang='grc' dir='ltr'><strong><em>τίς</em></strong></span> <span class='ocrx_word' id='word_1_40' title='bbox 289 592 311 632; x_wconf 80' lang='grc' dir='ltr'><strong><em>ἐκ</em></strong></span> <span class='ocrx_word' id='word_1_41' title='bbox 323 588 396 633; x_wconf 88' lang='grc' dir='ltr'><strong><em>ιοότου</em></strong></span> <span class='ocrx_word' id='word_1_42' title='bbox 407 590 511 645; x_wconf 79' lang='grc' dir='ltr'><strong><em>βιάζεσθαι</em></strong></span> <span class='ocrx_word' id='word_1_43' title='bbox 522 590 544 634; x_wconf 84' lang='grc' dir='ltr'><strong><em>τό</em></strong></span> <span class='ocrx_word' id='word_1_44' title='bbox 556 590 653 646; x_wconf 81' lang='grc' dir='ltr'><strong><em>ιἰνόμοιον</em></strong></span> <span class='ocrx_word' id='word_1_45' title='bbox 671 594 725 633; x_wconf 53' lang='grc' dir='ltr'><strong><em>1ὅτοῦ</em></strong></span> <span class='ocrx_word' id='word_1_46' title='bbox 735 593 782 634; x_wconf 85' lang='grc' dir='ltr'><strong><em>υίοῦ</em></strong></span> <span class='ocrx_word' id='word_1_47' title='bbox 792 590 844 645; x_wconf 85' lang='grc' dir='ltr'><strong><em>πρός</em></strong></span> <span class='ocrx_word' id='word_1_48' title='bbox 855 593 931 648; x_wconf 80' lang='grc' dir='ltr'><strong><em>πατέρα</em></strong></span> 
     </span>
     <span class='ocr_line' id='line_1_7' title="bbox 149 657 931 716; baseline 0.004 -16"><span class='ocrx_word' id='word_1_49' title='bbox 149 662 262 712; x_wconf 78' lang='grc' dir='ltr'><strong><em>σημαίνειν,</em></strong></span> <span class='ocrx_word' id='word_1_50' title='bbox 278 658 327 714; x_wconf 84' lang='grc' dir='ltr'><strong><em>δ’περ</em></strong></span> <span class='ocrx_word' id='word_1_51' title='bbox 339 659 391 701; x_wconf 74' lang='grc' dir='ltr'><strong><em>ἐστίν</em></strong></span> <span class='ocrx_word' id='word_1_52' title='bbox 403 657 509 702; x_wconf 82' lang='grc' dir='ltr'><strong><em>ὑδὺνατου.</em></strong></span> <span class='ocrx_word' id='word_1_53' title='bbox 535 659 570 709; x_wconf 80' lang='grc' dir='ltr'><strong><em>Ἐξ</em></strong></span> <span class='ocrx_word' id='word_1_54' title='bbox 582 657 649 702; x_wconf 84' lang='grc' dir='ltr'><strong><em>αὑτῶν</em></strong></span> <span class='ocrx_word' id='word_1_55' title='bbox 660 657 708 716; x_wconf 84' lang='grc' dir='ltr'><strong><em>γόρ,</em></strong></span> <span class='ocrx_word' id='word_1_56' title='bbox 724 657 752 709; x_wconf 81' lang='grc' dir='ltr'><strong><em>ὑς</em></strong></span> <span class='ocrx_word' id='word_1_57' title='bbox 763 661 840 711; x_wconf 78' lang='grc' dir='ltr'><strong><em>ἐδίδαξε</em></strong></span> <span class='ocrx_word' id='word_1_58' title='bbox 851 658 886 703; x_wconf 85' lang='grc' dir='ltr'><strong><em>τόν</em></strong></span> <span class='ocrx_word' id='word_1_59' title='bbox 897 659 931 703; x_wconf 89' lang='grc' dir='ltr'><strong><em>κό-</em></strong></span> 
     </span>
     <span class='ocr_line' id='line_1_8' title="bbox 149 726 931 789; baseline 0.003 -21"><span class='ocrx_word' id='word_1_60' title='bbox 149 741 211 780; x_wconf 89' lang='grc' dir='ltr'><strong><em>σμον,</em></strong></span> <span class='ocrx_word' id='word_1_61' title='bbox 226 731 361 783; x_wconf 78' lang='grc' dir='ltr'><strong><em>συλλογισμῶν</em></strong></span> <span class='ocrx_word' id='word_1_62' title='bbox 374 728 408 770; x_wconf 82' lang='grc' dir='ltr'><strong><em>καί</em></strong></span> <span class='ocrx_word' id='word_1_63' title='bbox 419 726 480 778; x_wconf 81' lang='grc' dir='ltr'><strong><em>αὑτός</em></strong></span> <span class='ocrx_word' id='word_1_64' title='bbox 492 726 673 789; x_wconf 79' lang='grc' dir='ltr'><strong><em>συλλογισθήσεται.</em></strong></span> <span class='ocrx_word' id='word_1_65' title='bbox 704 726 781 770; x_wconf 83' lang='grc' dir='ltr'><strong><em>Φοίσκει</em></strong></span> <span class='ocrx_word' id='word_1_66' title='bbox 792 727 841 785; x_wconf 77' lang='grc' dir='ltr'><strong><em>γολρ,</em></strong></span> <span class='ocrx_word' id='word_1_67' title='bbox 863 730 893 770; x_wconf 84' lang='grc' dir='ltr'><strong><em>Εἰ</em></strong></span> <span class='ocrx_word' id='word_1_68' title='bbox 901 729 931 771; x_wconf 85' lang='grc' dir='ltr'><strong><em>τέ-</em></strong></span> 
     </span>
    </p>
   </div>
   <div class='ocr_carea' id='block_1_3' title="bbox 148 789 933 1265">
    <p class='ocr_par' dir='ltr' id='par_1_3' title="bbox 148 789 933 1265">
     <span class='ocr_line' id='line_1_9' title="bbox 148 789 933 854; baseline 0.001 -17"><span class='ocrx_word' id='word_1_69' title='bbox 148 799 201 846; x_wconf 83' lang='grc' dir='ltr'><strong><em>λειον</em></strong></span> <span class='ocrx_word' id='word_1_70' title='bbox 213 789 238 848; x_wconf 81' lang='grc' dir='ltr'><strong><em>ἦν</em></strong></span> <span class='ocrx_word' id='word_1_71' title='bbox 248 794 271 838; x_wconf 87' lang='grc' dir='ltr'><strong><em>τδ</em></strong></span> <span class='ocrx_word' id='word_1_72' title='bbox 284 796 382 852; x_wconf 80' lang='grc' dir='ltr'><strong><em>γέννημα,</em></strong></span> <span class='ocrx_word' id='word_1_73' title='bbox 403 797 425 838; x_wconf 84' lang='grc' dir='ltr'><strong><em>έν</em></strong></span> <span class='ocrx_word' id='word_1_74' title='bbox 440 793 541 854; x_wconf 79' lang='grc' dir='ltr'><strong><em>ὑγευνήτφ</em></strong></span> <span class='ocrx_word' id='word_1_75' title='bbox 555 794 662 853; x_wconf 77' lang='grc' dir='ltr'><strong><em>γεννηματί</em></strong></span> <span class='ocrx_word' id='word_1_76' title='bbox 672 797 722 848; x_wconf 88' lang='grc' dir='ltr'><strong><em>ε’στι,</em></strong></span> <span class='ocrx_word' id='word_1_77' title='bbox 742 797 777 839; x_wconf 81' lang='grc' dir='ltr'><strong><em>καί</em></strong></span> <span class='ocrx_word' id='word_1_78' title='bbox 793 794 831 840; x_wconf 82' lang='grc' dir='ltr'><strong><em>οὑκ</em></strong></span> <span class='ocrx_word' id='word_1_79' title='bbox 847 797 867 847; x_wconf 76' lang='grc' dir='ltr'><strong><em>ἐξ</em></strong></span> <span class='ocrx_word' id='word_1_80' title='bbox 882 790 933 839; x_wconf 79' lang='grc' dir='ltr'><strong><em>ὑνό</em></strong></span> 
     </span>
     <span class='ocr_line' id='line_1_10' title="bbox 148 859 932 922; baseline 0.003 -18"><span class='ocrx_word' id='word_1_81' title='bbox 148 859 255 917; x_wconf 77' lang='grc' dir='ltr'><strong><em>οἶγένυητος</em></strong></span> <span class='ocrx_word' id='word_1_82' title='bbox 266 863 315 906; x_wconf 83' lang='grc' dir='ltr'><strong><em>αὑτό</em></strong></span> <span class='ocrx_word' id='word_1_83' title='bbox 327 864 426 918; x_wconf 78' lang='grc' dir='ltr'><strong><em>ἐγέννησε·</em></strong></span> <span class='ocrx_word' id='word_1_84' title='bbox 449 863 545 919; x_wconf 76' lang='grc' dir='ltr'><strong><em>γεννητὴν</em></strong></span> <span class='ocrx_word' id='word_1_85' title='bbox 555 863 593 920; x_wconf 81' lang='grc' dir='ltr'><strong><em>γὺρ</em></strong></span> <span class='ocrx_word' id='word_1_86' title='bbox 605 863 668 916; x_wconf 86' lang='grc' dir='ltr'><strong><em>φὺσιυ</em></strong></span> <span class='ocrx_word' id='word_1_87' title='bbox 680 866 701 906; x_wconf 82' lang='grc' dir='ltr'><strong><em>ἐν</em></strong></span> <span class='ocrx_word' id='word_1_88' title='bbox 712 862 811 922; x_wconf 79' lang='grc' dir='ltr'><strong><em>ἆγεννήτη</em></strong></span> <span class='ocrx_word' id='word_1_89' title='bbox 821 863 882 922; x_wconf 80' lang='grc' dir='ltr'><strong><em>υὺσίρτ</em></strong></span> <span class='ocrx_word' id='word_1_90' title='bbox 893 863 932 907; x_wconf 81' lang='grc' dir='ltr'><strong><em>οίικ</em></strong></span> 
     </span>
     <span class='ocr_line' id='line_1_11' title="bbox 148 927 932 987; baseline 0.001 -16"><span class='ocrx_word' id='word_1_91' title='bbox 148 930 245 983; x_wconf 77' lang='grc' dir='ltr'><strong><em>ἐνδέχεται</em></strong></span> <span class='ocrx_word' id='word_1_92' title='bbox 253 927 313 973; x_wconf 83' lang='grc' dir='ltr'><strong><em>εἶναι·</em></strong></span> <span class='ocrx_word' id='word_1_93' title='bbox 326 929 362 973; x_wconf 66' lang='grc' dir='ltr'><strong><em>4ιδ</em></strong></span> <span class='ocrx_word' id='word_1_94' title='bbox 374 929 411 987; x_wconf 81' lang='grc' dir='ltr'><strong><em>γόρ</em></strong></span> <span class='ocrx_word' id='word_1_95' title='bbox 421 929 472 973; x_wconf 81' lang='grc' dir='ltr'><strong><em>εἷναί</em></strong></span> <span class='ocrx_word' id='word_1_96' title='bbox 483 932 504 974; x_wconf 90' lang='grc' dir='ltr'><strong><em>τέ</em></strong></span> <span class='ocrx_word' id='word_1_97' title='bbox 515 933 556 975; x_wconf 78' lang='grc' dir='ltr'><strong><em>ἐστι</em></strong></span> <span class='ocrx_word' id='word_1_98' title='bbox 567 933 601 974; x_wconf 83' lang='grc' dir='ltr'><strong><em>καί</em></strong></span> <span class='ocrx_word' id='word_1_99' title='bbox 613 929 640 986; x_wconf 77' lang='grc' dir='ltr'><strong><em>μη</em></strong></span> <span class='ocrx_word' id='word_1_100' title='bbox 652 929 712 974; x_wconf 80' lang='grc' dir='ltr'><strong><em>εἶναι·</em></strong></span> <span class='ocrx_word' id='word_1_101' title='bbox 728 931 816 987; x_wconf 86' lang='grc' dir='ltr'><strong><em>γέννημα</em></strong></span> <span class='ocrx_word' id='word_1_102' title='bbox 827 928 865 986; x_wconf 79' lang='grc' dir='ltr'><strong><em>γδρ</em></strong></span> <span class='ocrx_word' id='word_1_103' title='bbox 875 928 932 987; x_wconf 78' lang='grc' dir='ltr'><strong><em>ιλγέν-</em></strong></span> 
     </span>
     <span class='ocr_line' id='line_1_12' title="bbox 148 994 933 1056; baseline 0.004 -18"><span class='ocrx_word' id='word_1_104' title='bbox 148 1013 209 1051; x_wconf 86' lang='grc' dir='ltr'><strong><em>υητον</em></strong></span> <span class='ocrx_word' id='word_1_105' title='bbox 218 997 257 1040; x_wconf 83' lang='grc' dir='ltr'><strong><em>οὐκ</em></strong></span> <span class='ocrx_word' id='word_1_106' title='bbox 268 1000 318 1050; x_wconf 82' lang='grc' dir='ltr'><strong><em>έστι,</em></strong></span> <span class='ocrx_word' id='word_1_107' title='bbox 337 999 372 1040; x_wconf 84' lang='grc' dir='ltr'><strong><em>καὶ</em></strong></span> <span class='ocrx_word' id='word_1_108' title='bbox 383 997 492 1055; x_wconf 71' lang='grc' dir='ltr'><strong><em>ἀγέννητον</em></strong></span> <span class='ocrx_word' id='word_1_109' title='bbox 501 998 525 1042; x_wconf 83' lang='grc' dir='ltr'><strong><em>δν</em></strong></span> <span class='ocrx_word' id='word_1_110' title='bbox 537 1001 625 1056; x_wconf 91' lang='grc' dir='ltr'><strong><em>γέννημα</em></strong></span> <span class='ocrx_word' id='word_1_111' title='bbox 636 999 675 1042; x_wconf 84' lang='grc' dir='ltr'><strong><em>οὑκ</em></strong></span> <span class='ocrx_word' id='word_1_112' title='bbox 685 994 723 1054; x_wconf 73' lang='grc' dir='ltr'><strong><em>ἦν,</em></strong></span> <span class='ocrx_word' id='word_1_113' title='bbox 743 1002 779 1042; x_wconf 79' lang='grc' dir='ltr'><strong><em>τοῦ</em></strong></span> <span class='ocrx_word' id='word_1_114' title='bbox 790 997 888 1054; x_wconf 80' lang='grc' dir='ltr'><strong><em>οἶνομοίου</em></strong></span> <span class='ocrx_word' id='word_1_115' title='bbox 899 999 933 1053; x_wconf 88' lang='grc' dir='ltr'><strong><em>μέ-</em></strong></span> 
     </span>
     <span class='ocr_line' id='line_1_13' title="bbox 149 1066 933 1125; baseline 0.003 -17"><span class='ocrx_word' id='word_1_116' title='bbox 149 1083 198 1121; x_wconf 89' lang='grc' dir='ltr'><strong><em>ρους</em></strong></span> <span class='ocrx_word' id='word_1_117' title='bbox 210 1067 243 1109; x_wconf 80' lang='grc' dir='ltr'><strong><em>ἐπὶ</em></strong></span> <span class='ocrx_word' id='word_1_118' title='bbox 255 1071 307 1110; x_wconf 85' lang='grc' dir='ltr'><strong><em>θεοῦ</em></strong></span> <span class='ocrx_word' id='word_1_119' title='bbox 316 1069 444 1122; x_wconf 85' lang='grc' dir='ltr'><strong><em>βλασφημίας</em></strong></span> <span class='ocrx_word' id='word_1_120' title='bbox 453 1067 516 1110; x_wconf 88' lang='grc' dir='ltr'><strong><em>τόπον</em></strong></span> <span class='ocrx_word' id='word_1_121' title='bbox 529 1070 563 1111; x_wconf 86' lang='grc' dir='ltr'><strong><em>καὶ</em></strong></span> <span class='ocrx_word' id='word_1_122' title='bbox 571 1067 631 1125; x_wconf 80' lang='grc' dir='ltr'><strong><em>ὑβριν</em></strong></span> <span class='ocrx_word' id='word_1_123' title='bbox 641 1068 755 1123; x_wconf 74' lang='grc' dir='ltr'><strong><em>ἐπέχοντος·</em></strong></span> <span class='ocrx_word' id='word_1_124' title='bbox 777 1067 825 1118; x_wconf 77' lang='grc' dir='ltr'><strong><em>ιδ’ςτε</em></strong></span> <span class='ocrx_word' id='word_1_125' title='bbox 836 1069 857 1119; x_wconf 76' lang='grc' dir='ltr'><strong><em>ἐξ</em></strong></span> <span class='ocrx_word' id='word_1_126' title='bbox 869 1066 933 1110; x_wconf 84' lang='grc' dir='ltr'><strong><em>δι’τιαν-</em></strong></span> 
     </span>
     <span class='ocr_line' id='line_1_14' title="bbox 149 1133 932 1194; baseline 0.003 -17"><span class='ocrx_word' id='word_1_127' title='bbox 149 1153 184 1185; x_wconf 89' lang='grc' dir='ltr'><strong><em>τος</em></strong></span> <span class='ocrx_word' id='word_1_128' title='bbox 196 1136 310 1191; x_wconf 79' lang='grc' dir='ltr'><strong><em>ἐλέγχεσθαι</em></strong></span> <span class='ocrx_word' id='word_1_129' title='bbox 324 1135 349 1178; x_wconf 81' lang='grc' dir='ltr'><strong><em>τοί</em></strong></span> <span class='ocrx_word' id='word_1_130' title='bbox 364 1142 400 1191; x_wconf 77' lang='grc' dir='ltr'><strong><em>τῆς</em></strong></span> <span class='ocrx_word' id='word_1_131' title='bbox 411 1136 567 1192; x_wconf 82' lang='grc' dir='ltr'><strong><em>παραποιήσεως</em></strong></span> <span class='ocrx_word' id='word_1_132' title='bbox 578 1137 628 1194; x_wconf 87' lang='grc' dir='ltr'><strong><em>μέρη</em></strong></span> <span class='ocrx_word' id='word_1_133' title='bbox 639 1141 679 1179; x_wconf 82' lang='grc' dir='ltr'><strong><em>τῶν</em></strong></span> <span class='ocrx_word' id='word_1_134' title='bbox 694 1136 769 1193; x_wconf 86' lang='grc' dir='ltr'><strong><em>λόγων,</em></strong></span> <span class='ocrx_word' id='word_1_135' title='bbox 790 1133 818 1186; x_wconf 79' lang='grc' dir='ltr'><strong><em>αλς</em></strong></span> <span class='ocrx_word' id='word_1_136' title='bbox 830 1135 869 1179; x_wconf 83' lang='grc' dir='ltr'><strong><em>οὑκ</em></strong></span> <span class='ocrx_word' id='word_1_137' title='bbox 880 1136 932 1179; x_wconf 77' lang='grc' dir='ltr'><strong><em>ἐνδέ-</em></strong></span> 
     </span>
     <span class='ocr_line' id='line_1_15' title="bbox 149 1201 933 1265; baseline 0.003 -18"><span class='ocrx_word' id='word_1_138' title='bbox 149 1221 203 1260; x_wconf 87' lang='grc' dir='ltr'><strong><em>χεται</em></strong></span> <span class='ocrx_word' id='word_1_139' title='bbox 214 1201 311 1259; x_wconf 80' lang='grc' dir='ltr'><strong><em>οἶνόμοιον</em></strong></span> <span class='ocrx_word' id='word_1_140' title='bbox 322 1202 372 1249; x_wconf 83' lang='grc' dir='ltr'><strong><em>εἶναι</em></strong></span> <span class='ocrx_word' id='word_1_141' title='bbox 382 1203 417 1249; x_wconf 90' lang='grc' dir='ltr'><strong><em>τδν</em></strong></span> <span class='ocrx_word' id='word_1_142' title='bbox 428 1203 475 1249; x_wconf 81' lang='grc' dir='ltr'><strong><em>υἱόν</em></strong></span> <span class='ocrx_word' id='word_1_143' title='bbox 489 1210 517 1265; x_wconf 79' lang='grc' dir='ltr'><strong><em>τῷ</em></strong></span> <span class='ocrx_word' id='word_1_144' title='bbox 532 1206 602 1262; x_wconf 85' lang='grc' dir='ltr'><strong><em>πατρί,</em></strong></span> <span class='ocrx_word' id='word_1_145' title='bbox 624 1204 669 1250; x_wconf 73' lang='grc' dir='ltr'><strong><em>οὐδ’</em></strong></span> <span class='ocrx_word' id='word_1_146' title='bbox 684 1203 756 1251; x_wconf 83' lang='grc' dir='ltr'><strong><em>όῖνισον</em></strong></span> <span class='ocrx_word' id='word_1_147' title='bbox 772 1210 807 1261; x_wconf 76' lang='grc' dir='ltr'><strong><em>τῆς</em></strong></span> <span class='ocrx_word' id='word_1_148' title='bbox 824 1204 887 1250; x_wconf 79' lang='grc' dir='ltr'><strong><em>αὑτοῦ</em></strong></span> <span class='ocrx_word' id='word_1_149' title='bbox 904 1222 933 1249; x_wconf 85' lang='grc' dir='ltr'><strong><em>τε·-</em></strong></span> 
     </span>
    </p>
   </div>
   <div class='ocr_carea' id='block_1_4' title="bbox 126 1273 937 3071">
    <p class='ocr_par' dir='ltr' id='par_1_4' title="bbox 126 1273 937 3071">
     <span class='ocr_line' id='line_1_16' title="bbox 149 1273 934 1335; baseline 0.005 -19"><span class='ocrx_word' id='word_1_150' title='bbox 149 1276 202 1325; x_wconf 87' lang='grc' dir='ltr'><strong><em>λείας</em></strong></span> <span class='ocrx_word' id='word_1_151' title='bbox 213 1274 316 1330; x_wconf 80' lang='grc' dir='ltr'><strong><em>θεότητος.</em></strong></span> <span class='ocrx_word' id='word_1_152' title='bbox 346 1277 376 1318; x_wconf 75' lang='lat' dir='ltr'><strong><em>El</em></strong></span> <span class='ocrx_word' id='word_1_153' title='bbox 385 1274 422 1335; x_wconf 84' lang='grc' dir='ltr'><strong><em>γὺρ</em></strong></span> <span class='ocrx_word' id='word_1_154' title='bbox 435 1275 487 1327; x_wconf 81' lang='grc' dir='ltr'><strong><em>όλως</em></strong></span> <span class='ocrx_word' id='word_1_155' title='bbox 498 1275 570 1330; x_wconf 87' lang='grc' dir='ltr'><strong><em>φὺσκει</em></strong></span> <span class='ocrx_word' id='word_1_156' title='bbox 585 1277 746 1332; x_wconf 76' lang='grc' dir='ltr'><strong><em>5βεβιασμένως,</em></strong></span> <span class='ocrx_word' id='word_1_157' title='bbox 766 1273 815 1319; x_wconf 81' lang='grc' dir='ltr'><strong><em>καθ’</em></strong></span> <span class='ocrx_word' id='word_1_158' title='bbox 825 1276 899 1320; x_wconf 77' lang='grc' dir='ltr'><strong><em>ἑαυτοῦ</em></strong></span> <span class='ocrx_word' id='word_1_159' title='bbox 912 1275 934 1321; x_wconf 82' lang='grc' dir='ltr'><strong><em>δὲ</em></strong></span> 
     </span>
     <span class='ocr_line' id='line_1_17' title="bbox 150 1343 933 1404; baseline 0.004 -17"><span class='ocrx_word' id='word_1_160' title='bbox 150 1345 264 1402; x_wconf 78' lang='grc' dir='ltr'><strong><em>ἐπιστρέφει</em></strong></span> <span class='ocrx_word' id='word_1_161' title='bbox 274 1344 324 1403; x_wconf 76' lang='grc' dir='ltr'><strong><em>ρἠτὺ</em></strong></span> <span class='ocrx_word' id='word_1_162' title='bbox 334 1345 347 1389; x_wconf 82' lang='grc' dir='ltr'><strong><em>δί</em></strong></span> <span class='ocrx_word' id='word_1_163' title='bbox 359 1348 465 1403; x_wconf 85' lang='grc' dir='ltr'><strong><em>διηγεῖται,</em></strong></span> <span class='ocrx_word' id='word_1_164' title='bbox 486 1344 508 1390; x_wconf 86' lang='grc' dir='ltr'><strong><em>τό</em></strong></span> <span class='ocrx_word' id='word_1_165' title='bbox 519 1344 614 1404; x_wconf 88' lang='grc' dir='ltr'><strong><em>γεννητόν</em></strong></span> <span class='ocrx_word' id='word_1_166' title='bbox 629 1347 663 1390; x_wconf 82' lang='grc' dir='ltr'><strong><em>καὶ</em></strong></span> <span class='ocrx_word' id='word_1_167' title='bbox 678 1344 786 1404; x_wconf 77' lang='grc' dir='ltr'><strong><em>ολγέννητον</em></strong></span> <span class='ocrx_word' id='word_1_168' title='bbox 798 1343 830 1390; x_wconf 86' lang='grc' dir='ltr'><strong><em>αἷελ</em></strong></span> <span class='ocrx_word' id='word_1_169' title='bbox 841 1345 933 1401; x_wconf 73' lang='grc' dir='ltr'><strong><em>φάσκων,</em></strong></span> 
     </span>
     <span class='ocr_line' id='line_1_18' title="bbox 150 1413 933 1473; baseline 0.001 -15"><span class='ocrx_word' id='word_1_170' title='bbox 150 1413 191 1458; x_wconf 83' lang='grc' dir='ltr'><strong><em>ὑπό</em></strong></span> <span class='ocrx_word' id='word_1_171' title='bbox 203 1413 276 1458; x_wconf 75' lang='grc' dir='ltr'><strong><em>τούτου</em></strong></span> <span class='ocrx_word' id='word_1_172' title='bbox 292 1417 374 1470; x_wconf 82' lang='grc' dir='ltr'><strong><em>μαθέτω</em></strong></span> <span class='ocrx_word' id='word_1_173' title='bbox 389 1414 411 1459; x_wconf 85' lang='grc' dir='ltr'><strong><em>τό</em></strong></span> <span class='ocrx_word' id='word_1_174' title='bbox 423 1415 502 1460; x_wconf 90' lang='grc' dir='ltr'><strong><em>κτιστδυ</em></strong></span> <span class='ocrx_word' id='word_1_175' title='bbox 512 1417 547 1460; x_wconf 85' lang='grc' dir='ltr'><strong><em>καλ</em></strong></span> <span class='ocrx_word' id='word_1_176' title='bbox 557 1414 649 1460; x_wconf 82' lang='grc' dir='ltr'><strong><em>όίκτιστον</em></strong></span> <span class='ocrx_word' id='word_1_177' title='bbox 659 1415 690 1460; x_wconf 83' lang='grc' dir='ltr'><strong><em>ότι</em></strong></span> <span class='ocrx_word' id='word_1_178' title='bbox 699 1416 738 1460; x_wconf 82' lang='grc' dir='ltr'><strong><em>οὑκ</em></strong></span> <span class='ocrx_word' id='word_1_179' title='bbox 749 1417 847 1473; x_wconf 81' lang='grc' dir='ltr'><strong><em>ἐνδέχεται</em></strong></span> <span class='ocrx_word' id='word_1_180' title='bbox 857 1417 933 1460; x_wconf 89' lang='grc' dir='ltr'><strong><em>ε’πικοι-</em></strong></span> 
     </span>
     <span class='ocr_line' id='line_1_19' title="bbox 150 1480 933 1545; baseline 0.003 -18"><span class='ocrx_word' id='word_1_181' title='bbox 150 1491 220 1528; x_wconf 85' lang='grc' dir='ltr'><strong><em>νωνεῖν</em></strong></span> <span class='ocrx_word' id='word_1_182' title='bbox 229 1490 288 1529; x_wconf 80' lang='grc' dir='ltr'><strong><em>τοῦτο</em></strong></span> <span class='ocrx_word' id='word_1_183' title='bbox 300 1484 364 1545; x_wconf 82' lang='grc' dir='ltr'><strong><em>τοὺιρι</em></strong></span> <span class='ocrx_word' id='word_1_184' title='bbox 375 1484 426 1543; x_wconf 84' lang='grc' dir='ltr'><strong><em>πρός</em></strong></span> <span class='ocrx_word' id='word_1_185' title='bbox 436 1484 458 1529; x_wconf 79' lang='grc' dir='ltr'><strong><em>τό</em></strong></span> <span class='ocrx_word' id='word_1_186' title='bbox 472 1484 562 1541; x_wconf 79' lang='grc' dir='ltr'><strong><em>ὑξίωμα,</em></strong></span> <span class='ocrx_word' id='word_1_187' title='bbox 582 1485 631 1543; x_wconf 79' lang='grc' dir='ltr'><strong><em>ὅπερ</em></strong></span> <span class='ocrx_word' id='word_1_188' title='bbox 642 1487 682 1529; x_wconf 79' lang='grc' dir='ltr'><strong><em>ἐστὶ</em></strong></span> <span class='ocrx_word' id='word_1_189' title='bbox 694 1480 716 1529; x_wconf 87' lang='grc' dir='ltr'><strong><em>τδ</em></strong></span> <span class='ocrx_word' id='word_1_190' title='bbox 728 1485 775 1530; x_wconf 85' lang='grc' dir='ltr'><strong><em>όλου</em></strong></span> <span class='ocrx_word' id='word_1_191' title='bbox 789 1483 933 1543; x_wconf 88' lang='grc' dir='ltr'><strong><em>προςκυνητόν.</em></strong></span> 
     </span>
     <span class='ocr_line' id='line_1_20' title="bbox 151 1552 935 1614; baseline 0.003 -18"><span class='ocrx_word' id='word_1_192' title='bbox 151 1556 179 1597; x_wconf 82' lang='grc' dir='ltr'><strong><em>Εἰ</em></strong></span> <span class='ocrx_word' id='word_1_193' title='bbox 188 1553 226 1611; x_wconf 82' lang='grc' dir='ltr'><strong><em>γὺρ</em></strong></span> <span class='ocrx_word' id='word_1_194' title='bbox 238 1554 289 1605; x_wconf 75' lang='grc' dir='ltr'><strong><em>ὅλως</em></strong></span> <span class='ocrx_word' id='word_1_195' title='bbox 299 1554 437 1611; x_wconf 86' lang='grc' dir='ltr'><strong><em>προςκυυητὺν</em></strong></span> <span class='ocrx_word' id='word_1_196' title='bbox 445 1553 467 1597; x_wconf 87' lang='grc' dir='ltr'><strong><em>ιδ</em></strong></span> <span class='ocrx_word' id='word_1_197' title='bbox 477 1553 574 1608; x_wconf 77' lang='grc' dir='ltr'><strong><em>ὑνόμοιυν</em></strong></span> <span class='ocrx_word' id='word_1_198' title='bbox 583 1559 610 1613; x_wconf 77' lang='grc' dir='ltr'><strong><em>τῷ</em></strong></span> <span class='ocrx_word' id='word_1_199' title='bbox 620 1553 709 1614; x_wconf 80' lang='grc' dir='ltr'><strong><em>ὑνομοίφ</em></strong></span> <span class='ocrx_word' id='word_1_200' title='bbox 719 1554 852 1610; x_wconf 82' lang='grc' dir='ltr'><strong><em>έξισοὺμενον,</em></strong></span> <span class='ocrx_word' id='word_1_201' title='bbox 867 1552 935 1598; x_wconf 84' lang='grc' dir='ltr'><strong><em>οὑκέτι</em></strong></span> 
     </span>
     <span class='ocr_line' id='line_1_21' title="bbox 151 1622 935 1706; baseline -0.001 -40"><span class='ocrx_word' id='word_1_202' title='bbox 151 1626 222 1667; x_wconf 85' lang='grc' dir='ltr'><strong><em>διοίσει</em></strong></span> <span class='ocrx_word' id='word_1_203' title='bbox 232 1622 290 1680; x_wconf 82' lang='grc' dir='ltr'><strong><em>λόγος</em></strong></span> <span class='ocrx_word' id='word_1_204' title='bbox 302 1622 337 1667; x_wconf 86' lang='grc' dir='ltr'><strong><em>τόν</em></strong></span> <span class='ocrx_word' id='word_1_205' title='bbox 353 1624 389 1666; x_wconf 74' lang='grc' dir='ltr'><strong><em>ἕνα</em></strong></span> <span class='ocrx_word' id='word_1_206' title='bbox 403 1622 443 1672; x_wconf 79' lang='grc' dir='ltr'><strong><em>οἷπδ</em></strong></span> <span class='ocrx_word' id='word_1_207' title='bbox 456 1628 496 1666; x_wconf 78' lang='grc' dir='ltr'><strong><em>τῶν</em></strong></span> <span class='ocrx_word' id='word_1_208' title='bbox 512 1622 574 1676; x_wconf 78' lang='grc' dir='ltr'><strong><em>ὅλων,</em></strong></span> <span class='ocrx_word' id='word_1_209' title='bbox 594 1627 630 1706; x_wconf 71' lang='grc' dir='ltr'><strong><em>της</em></strong></span> <span class='ocrx_word' id='word_1_210' title='bbox 644 1622 741 1678; x_wconf 81' lang='grc' dir='ltr'><strong><em>υῗνομυίας</em></strong></span> <span class='ocrx_word' id='word_1_211' title='bbox 754 1622 779 1667; x_wconf 83' lang='grc' dir='ltr'><strong><em>οὑ</em></strong></span> <span class='ocrx_word' id='word_1_212' title='bbox 791 1625 903 1678; x_wconf 83' lang='grc' dir='ltr'><strong><em>δυναμένης</em></strong></span> <span class='ocrx_word' id='word_1_213' title='bbox 913 1624 935 1666; x_wconf 76' lang='grc' dir='ltr'><strong><em>ἐν</em></strong></span> 
     </span>
     <span class='ocr_line' id='line_1_22' title="bbox 151 1690 933 1778; baseline 0.003 -44"><span class='ocrx_word' id='word_1_214' title='bbox 151 1692 204 1744; x_wconf 78' lang='grc' dir='ltr'><strong><em>τάξει</em></strong></span> <span class='ocrx_word' id='word_1_215' title='bbox 215 1709 251 1735; x_wconf 93' lang='grc' dir='ltr'><strong><em>του</em></strong></span> <span class='ocrx_word' id='word_1_216' title='bbox 263 1690 325 1748; x_wconf 88' lang='grc' dir='ltr'><strong><em>αὑτης</em></strong></span> <span class='ocrx_word' id='word_1_217' title='bbox 336 1690 447 1748; x_wconf 77' lang='grc' dir='ltr'><strong><em>αξιυίματος</em></strong></span> <span class='ocrx_word' id='word_1_218' title='bbox 457 1691 570 1742; x_wconf 74' lang='grc' dir='ltr'><strong><em>τάττεσθαι,</em></strong></span> <span class='ocrx_word' id='word_1_219' title='bbox 585 1690 624 1736; x_wconf 80' lang='grc' dir='ltr'><strong><em>κόν</em></strong></span> <span class='ocrx_word' id='word_1_220' title='bbox 635 1709 655 1735; x_wconf 90' lang='grc' dir='ltr'><strong><em>τε</em></strong></span> <span class='ocrx_word' id='word_1_221' title='bbox 665 1693 686 1736; x_wconf 84' lang='grc' dir='ltr'><strong><em>έν</em></strong></span> <span class='ocrx_word' id='word_1_222' title='bbox 696 1693 731 1737; x_wconf 73' lang='grc' dir='ltr'><strong><em>δόὲ</em></strong></span> <span class='ocrx_word' id='word_1_223' title='bbox 721 1695 745 1753; x_wconf 82' lang='grc' dir='ltr'><strong><em>ξη</em></strong></span> <span class='ocrx_word' id='word_1_224' title='bbox 755 1691 933 1778; x_wconf 75' lang='grc' dir='ltr'><strong><em>ὑπερβάλλοιτο</em></strong></span> <span class='ocrx_word' id='word_1_225' title='bbox 911 1710 933 1736; x_wconf 91' lang='grc' dir='ltr'><strong><em>το</em></strong></span> 
     </span>
     <span class='ocr_line' id='line_1_23' title="bbox 151 1758 935 1817; baseline 0.001 -14"><span class='ocrx_word' id='word_1_226' title='bbox 151 1758 191 1804; x_wconf 79' lang='grc' dir='ltr'><strong><em>ὑπό</em></strong></span> <span class='ocrx_word' id='word_1_227' title='bbox 203 1760 302 1804; x_wconf 78' lang='grc' dir='ltr'><strong><em>πόντων“</em></strong></span> <span class='ocrx_word' id='word_1_228' title='bbox 293 1780 314 1804; x_wconf 88' lang='grc' dir='ltr'><strong><em>εν</em></strong></span> <span class='ocrx_word' id='word_1_229' title='bbox 325 1759 388 1804; x_wconf 83' lang='grc' dir='ltr'><strong><em>όντων</em></strong></span> <span class='ocrx_word' id='word_1_230' title='bbox 400 1761 502 1816; x_wconf 83' lang='grc' dir='ltr'><strong><em>ίιυομοίων</em></strong></span> <span class='ocrx_word' id='word_1_231' title='bbox 515 1759 582 1817; x_wconf 67' lang='grc' dir='ltr'><strong><em>θπρος</em></strong></span> <span class='ocrx_word' id='word_1_232' title='bbox 593 1760 644 1816; x_wconf 85' lang='grc' dir='ltr'><strong><em>[την]</em></strong></span> <span class='ocrx_word' id='word_1_233' title='bbox 656 1760 691 1804; x_wconf 87' lang='grc' dir='ltr'><strong><em>τόν</em></strong></span> <span class='ocrx_word' id='word_1_234' title='bbox 702 1763 747 1814; x_wconf 83' lang='grc' dir='ltr'><strong><em>ένα,</em></strong></span> <span class='ocrx_word' id='word_1_235' title='bbox 762 1760 830 1805; x_wconf 79' lang='grc' dir='ltr'><strong><em>διό</em></strong></span> <span class='ocrx_word' id='word_1_236' title='bbox 806 1779 843 1816; x_wconf 95' lang='grc' dir='ltr'><strong><em>την</em></strong></span> <span class='ocrx_word' id='word_1_237' title='bbox 854 1779 881 1816; x_wconf 88' lang='grc' dir='ltr'><strong><em>μη</em></strong></span> <span class='ocrx_word' id='word_1_238' title='bbox 892 1763 935 1804; x_wconf 86' lang='grc' dir='ltr'><strong><em>ε’πι-</em></strong></span> 
     </span>
     <span class='ocr_line' id='line_1_24' title="bbox 151 1828 935 1889; baseline 0 -16"><span class='ocrx_word' id='word_1_239' title='bbox 151 1834 287 1873; x_wconf 86' lang='grc' dir='ltr'><strong><em>κοινωνουσαν</em></strong></span> <span class='ocrx_word' id='word_1_240' title='bbox 300 1834 328 1889; x_wconf 78' lang='grc' dir='ltr'><strong><em>τῷ</em></strong></span> <span class='ocrx_word' id='word_1_241' title='bbox 344 1831 374 1873; x_wconf 86' lang='grc' dir='ltr'><strong><em>έυὶ</em></strong></span> <span class='ocrx_word' id='word_1_242' title='bbox 388 1829 493 1873; x_wconf 83' lang='grc' dir='ltr'><strong><em>πόντων</em></strong></span> <span class='ocrx_word' id='word_1_243' title='bbox 487 1828 539 1886; x_wconf 85' lang='grc' dir='ltr'><strong><em>πρός</em></strong></span> <span class='ocrx_word' id='word_1_244' title='bbox 551 1828 586 1872; x_wconf 84' lang='grc' dir='ltr'><strong><em>τόν</em></strong></span> <span class='ocrx_word' id='word_1_245' title='bbox 604 1831 638 1873; x_wconf 82' lang='grc' dir='ltr'><strong><em>έυα</em></strong></span> <span class='ocrx_word' id='word_1_246' title='bbox 653 1828 792 1885; x_wconf 69' lang='grc' dir='ltr'><strong><em>ανομοιότητα.</em></strong></span> <span class='ocrx_word' id='word_1_247' title='bbox 823 1831 887 1873; x_wconf 85' lang='grc' dir='ltr'><strong><em>Καί’</em></strong></span> <span class='ocrx_word' id='word_1_248' title='bbox 880 1831 935 1873; x_wconf 89' lang='grc' dir='ltr'><strong><em>ε’σται</em></strong></span> 
     </span>
     <span class='ocr_line' id='line_1_25' title="bbox 151 1897 935 1955; baseline 0 -14"><span class='ocrx_word' id='word_1_249' title='bbox 151 1897 221 1941; x_wconf 88' lang='grc' dir='ltr'><strong><em>λοιπόν</em></strong></span> <span class='ocrx_word' id='word_1_250' title='bbox 230 1900 266 1941; x_wconf 87' lang='grc' dir='ltr'><strong><em>καὶ</em></strong></span> <span class='ocrx_word' id='word_1_251' title='bbox 276 1875 343 1953; x_wconf 74' lang='grc' dir='ltr'><strong><em>ἥλιός,</em></strong></span> <span class='ocrx_word' id='word_1_252' title='bbox 359 1901 394 1941; x_wconf 90' lang='grc' dir='ltr'><strong><em>καί</em></strong></span> <span class='ocrx_word' id='word_1_253' title='bbox 406 1898 488 1953; x_wconf 80' lang='grc' dir='ltr'><strong><em>σελήνη,</em></strong></span> <span class='ocrx_word' id='word_1_254' title='bbox 503 1899 538 1941; x_wconf 85' lang='grc' dir='ltr'><strong><em>καί</em></strong></span> <span class='ocrx_word' id='word_1_255' title='bbox 549 1897 622 1955; x_wconf 76' lang='grc' dir='ltr'><strong><em>ὑστρα,</em></strong></span> <span class='ocrx_word' id='word_1_256' title='bbox 637 1899 671 1942; x_wconf 85' lang='grc' dir='ltr'><strong><em>καί</em></strong></span> <span class='ocrx_word' id='word_1_257' title='bbox 683 1903 719 1955; x_wconf 81' lang='grc' dir='ltr'><strong><em>γῆ,</em></strong></span> <span class='ocrx_word' id='word_1_258' title='bbox 739 1901 774 1942; x_wconf 88' lang='grc' dir='ltr'><strong><em>καί</em></strong></span> <span class='ocrx_word' id='word_1_259' title='bbox 782 1897 860 1942; x_wconf 86' lang='grc' dir='ltr'><strong><em>τοότων</em></strong></span> <span class='ocrx_word' id='word_1_260' title='bbox 870 1899 899 1942; x_wconf 83' lang='grc' dir='ltr'><strong><em>έτι</em></strong></span> <span class='ocrx_word' id='word_1_261' title='bbox 910 1898 935 1941; x_wconf 81' lang='grc' dir='ltr'><strong><em>τοί</em></strong></span> 
     </span>
     <span class='ocr_line' id='line_1_26' title="bbox 151 1964 934 2026; baseline 0.003 -17"><span class='ocrx_word' id='word_1_262' title='bbox 151 1965 294 2022; x_wconf 85' lang='grc' dir='ltr'><strong><em>ὑποβεβηκότα</em></strong></span> <span class='ocrx_word' id='word_1_263' title='bbox 304 1965 439 2023; x_wconf 80' lang='grc' dir='ltr'><strong><em>προςκυνηιὺ,</em></strong></span> <span class='ocrx_word' id='word_1_264' title='bbox 454 1968 488 2009; x_wconf 84' lang='grc' dir='ltr'><strong><em>καὶ</em></strong></span> <span class='ocrx_word' id='word_1_265' title='bbox 499 1964 565 2010; x_wconf 85' lang='grc' dir='ltr'><strong><em>οὑκέτι</em></strong></span> <span class='ocrx_word' id='word_1_266' title='bbox 576 1965 588 2009; x_wconf 86' lang='grc' dir='ltr'><strong><em>ὑ</em></strong></span> <span class='ocrx_word' id='word_1_267' title='bbox 600 1965 628 2017; x_wconf 80' lang='grc' dir='ltr'><strong><em>εἷς</em></strong></span> <span class='ocrx_word' id='word_1_268' title='bbox 638 1965 676 2009; x_wconf 88' lang='grc' dir='ltr'><strong><em>σὺν</em></strong></span> <span class='ocrx_word' id='word_1_269' title='bbox 685 1972 713 2026; x_wconf 74' lang='grc' dir='ltr'><strong><em>τῷ</em></strong></span> <span class='ocrx_word' id='word_1_270' title='bbox 724 1968 754 2010; x_wconf 85' lang='grc' dir='ltr'><strong><em>ἕνὶ</em></strong></span> <span class='ocrx_word' id='word_1_271' title='bbox 765 1965 869 2021; x_wconf 85' lang='grc' dir='ltr'><strong><em>πνεόματι,</em></strong></span> <span class='ocrx_word' id='word_1_272' title='bbox 885 1966 934 2024; x_wconf 79' lang='grc' dir='ltr'><strong><em>ὅπερ</em></strong></span> 
     </span>
     <span class='ocr_line' id='line_1_27' title="bbox 152 2029 937 2092; baseline 0.001 -15"><span class='ocrx_word' id='word_1_273' title='bbox 152 2036 192 2078; x_wconf 82' lang='grc' dir='ltr'><strong><em>ἐστὶ</em></strong></span> <span class='ocrx_word' id='word_1_274' title='bbox 202 2038 238 2090; x_wconf 90' lang='grc' dir='ltr'><strong><em>μία</em></strong></span> <span class='ocrx_word' id='word_1_275' title='bbox 249 2033 315 2092; x_wconf 81' lang='grc' dir='ltr'><strong><em>τριδς,</em></strong></span> <span class='ocrx_word' id='word_1_276' title='bbox 331 2036 365 2077; x_wconf 82' lang='grc' dir='ltr'><strong><em>καί</em></strong></span> <span class='ocrx_word' id='word_1_277' title='bbox 376 2037 412 2089; x_wconf 87' lang='grc' dir='ltr'><strong><em>μία</em></strong></span> <span class='ocrx_word' id='word_1_278' title='bbox 422 2034 506 2089; x_wconf 87' lang='grc' dir='ltr'><strong><em>θεότης,</em></strong></span> <span class='ocrx_word' id='word_1_279' title='bbox 522 2036 557 2077; x_wconf 85' lang='grc' dir='ltr'><strong><em>καί</em></strong></span> <span class='ocrx_word' id='word_1_280' title='bbox 569 2037 604 2089; x_wconf 92' lang='grc' dir='ltr'><strong><em>μία</em></strong></span> <span class='ocrx_word' id='word_1_281' title='bbox 615 2034 756 2091; x_wconf 86' lang='grc' dir='ltr'><strong><em>προςκόνησις.</em></strong></span> <span class='ocrx_word' id='word_1_282' title='bbox 787 2033 856 2092; x_wconf 76' lang='grc' dir='ltr'><strong><em>7”Αρα</em></strong></span> <span class='ocrx_word' id='word_1_283' title='bbox 867 2029 905 2079; x_wconf 81' lang='grc' dir='ltr'><strong><em>οὑν</em></strong></span> <span class='ocrx_word' id='word_1_284' title='bbox 918 2037 937 2078; x_wconf 93' lang='grc' dir='ltr'><strong><em>εί</em></strong></span> 
     </span>
     <span class='ocr_line' id='line_1_28' title="bbox 151 2101 936 2161; baseline 0.001 -16"><span class='ocrx_word' id='word_1_285' title='bbox 151 2108 209 2147; x_wconf 81' lang='grc' dir='ltr'><strong><em>τοῦτο</em></strong></span> <span class='ocrx_word' id='word_1_286' title='bbox 222 2103 256 2146; x_wconf 82' lang='grc' dir='ltr'><strong><em>διδ</em></strong></span> <span class='ocrx_word' id='word_1_287' title='bbox 266 2108 324 2146; x_wconf 78' lang='grc' dir='ltr'><strong><em>τοῦτο</em></strong></span> <span class='ocrx_word' id='word_1_288' title='bbox 336 2105 483 2159; x_wconf 89' lang='grc' dir='ltr'><strong><em>συλλογιστέον,</em></strong></span> <span class='ocrx_word' id='word_1_289' title='bbox 498 2104 553 2145; x_wconf 69' lang='grc' dir='ltr'><strong><em>ἔσται</em></strong></span> <span class='ocrx_word' id='word_1_290' title='bbox 562 2103 597 2156; x_wconf 81' lang='grc' dir='ltr'><strong><em>μέν</em></strong></span> <span class='ocrx_word' id='word_1_291' title='bbox 609 2102 659 2145; x_wconf 64' lang='lat' dir='ltr'><em>aino*</em></span> <span class='ocrx_word' id='word_1_292' title='bbox 670 2105 692 2145; x_wconf 86' lang='grc' dir='ltr'><strong><em>έν</em></strong></span> <span class='ocrx_word' id='word_1_293' title='bbox 705 2102 801 2161; x_wconf 71' lang='grc' dir='ltr'><strong><em>ἀληθείᾳ,</em></strong></span> <span class='ocrx_word' id='word_1_294' title='bbox 817 2102 886 2157; x_wconf 76' lang='grc' dir='ltr'><strong><em>ἐπειδη</em></strong></span> <span class='ocrx_word' id='word_1_295' title='bbox 899 2101 936 2158; x_wconf 80' lang='grc' dir='ltr'><strong><em>οὑχ</em></strong></span> 
     </span>
     <span class='ocr_line' id='line_1_29' title="bbox 126 2168 937 2228; baseline -0.002 -13"><span class='ocrx_word' id='word_1_296' title='bbox 126 2209 129 2217; x_wconf 92' lang='grc'><strong><em>,</em></strong></span> <span class='ocrx_word' id='word_1_297' title='bbox 152 2170 223 2226; x_wconf 76' lang='grc' dir='ltr'><strong><em>ὅμοιος</em></strong></span> <span class='ocrx_word' id='word_1_298' title='bbox 234 2170 245 2214; x_wconf 89' lang='grc' dir='ltr'><strong><em>ό</em></strong></span> <span class='ocrx_word' id='word_1_299' title='bbox 257 2170 285 2222; x_wconf 83' lang='grc' dir='ltr'><strong><em>εἷς</em></strong></span> <span class='ocrx_word' id='word_1_300' title='bbox 295 2171 354 2228; x_wconf 82' lang='grc' dir='ltr'><strong><em>λόγος</em></strong></span> <span class='ocrx_word' id='word_1_301' title='bbox 363 2177 405 2220; x_wconf 90' lang='grc' dir='ltr'><strong><em>τοῖς</em></strong></span> <span class='ocrx_word' id='word_1_302' title='bbox 415 2176 464 2213; x_wconf 80' lang='grc' dir='ltr'><strong><em>πᾶσι</em></strong></span> <span class='ocrx_word' id='word_1_303' title='bbox 474 2169 543 2225; x_wconf 82' lang='grc' dir='ltr'><strong><em>λόγος,</em></strong></span> <span class='ocrx_word' id='word_1_304' title='bbox 563 2168 611 2212; x_wconf 78' lang='grc' dir='ltr'><strong><em>οὑδὲ</em></strong></span> <span class='ocrx_word' id='word_1_305' title='bbox 623 2169 651 2213; x_wconf 82' lang='lat'><strong>⁸6</strong></span> <span class='ocrx_word' id='word_1_306' title='bbox 664 2168 693 2220; x_wconf 85' lang='grc' dir='ltr'><strong><em>εἷς</em></strong></span> <span class='ocrx_word' id='word_1_307' title='bbox 706 2169 751 2220; x_wconf 86' lang='grc' dir='ltr'><strong><em>οἷός</em></strong></span> <span class='ocrx_word' id='word_1_308' title='bbox 765 2177 808 2221; x_wconf 85' lang='grc' dir='ltr'><strong><em>τοῖς</em></strong></span> <span class='ocrx_word' id='word_1_309' title='bbox 822 2175 873 2213; x_wconf 82' lang='grc' dir='ltr'><strong><em>πᾶσι</em></strong></span> <span class='ocrx_word' id='word_1_310' title='bbox 885 2170 937 2213; x_wconf 84' lang='grc' dir='ltr'><strong><em>καιιί</em></strong></span> 
     </span>
     <span class='ocr_line' id='line_1_30' title="bbox 151 2235 937 2295; baseline 0 -15"><span class='ocrx_word' id='word_1_311' title='bbox 151 2238 258 2295; x_wconf 81' lang='grc' dir='ltr'><strong><em>ίιναγωγην</em></strong></span> <span class='ocrx_word' id='word_1_312' title='bbox 269 2240 434 2292; x_wconf 88' lang='grc' dir='ltr'><strong><em>κικλησκομέυοις</em></strong></span> <span class='ocrx_word' id='word_1_313' title='bbox 447 2241 501 2288; x_wconf 71' lang='grc' dir='ltr'><strong><em>’ίσοςς</em></strong></span> <span class='ocrx_word' id='word_1_314' title='bbox 533 2236 563 2279; x_wconf 80' lang='grc' dir='ltr'><strong><em>Οιί</em></strong></span> <span class='ocrx_word' id='word_1_315' title='bbox 577 2235 615 2293; x_wconf 82' lang='grc' dir='ltr'><strong><em>γὺρ</em></strong></span> <span class='ocrx_word' id='word_1_316' title='bbox 630 2239 670 2281; x_wconf 84' lang='grc' dir='ltr'><strong><em>έσιι</em></strong></span> <span class='ocrx_word' id='word_1_317' title='bbox 686 2237 723 2280; x_wconf 87' lang='grc' dir='ltr'><strong><em>σὺν</em></strong></span> <span class='ocrx_word' id='word_1_318' title='bbox 738 2243 781 2287; x_wconf 87' lang='grc' dir='ltr'><strong><em>τοῖς</em></strong></span> <span class='ocrx_word' id='word_1_319' title='bbox 796 2242 868 2290; x_wconf 80' lang='grc' dir='ltr'><strong><em>πᾶσιν,</em></strong></span> <span class='ocrx_word' id='word_1_320' title='bbox 887 2235 937 2280; x_wconf 73' lang='grc' dir='ltr'><strong><em>ἄλλοί</em></strong></span> 
     </span>
     <span class='ocr_line' id='line_1_31' title="bbox 152 2303 937 2365; baseline 0 -16"><span class='ocrx_word' id='word_1_321' title='bbox 152 2306 178 2350; x_wconf 88' lang='grc' dir='ltr'><strong><em>δι’</em></strong></span> <span class='ocrx_word' id='word_1_322' title='bbox 189 2303 214 2349; x_wconf 81' lang='grc' dir='ltr'><strong><em>οὑ</em></strong></span> <span class='ocrx_word' id='word_1_323' title='bbox 225 2310 246 2350; x_wconf 83' lang='grc' dir='ltr'><strong><em>οἱ</em></strong></span> <span class='ocrx_word' id='word_1_324' title='bbox 255 2307 333 2357; x_wconf 80' lang='grc' dir='ltr'><strong><em>πάντες.</em></strong></span> <span class='ocrx_word' id='word_1_325' title='bbox 366 2305 394 2350; x_wconf 85' lang='grc' dir='ltr'><strong><em>Τό</em></strong></span> <span class='ocrx_word' id='word_1_326' title='bbox 406 2311 455 2362; x_wconf 77' lang='grc' dir='ltr'><strong><em>γοῦν</em></strong></span> <span class='ocrx_word' id='word_1_327' title='bbox 468 2303 574 2355; x_wconf 74' lang='grc' dir='ltr'><strong><em>ἀδυνάτως</em></strong></span> <span class='ocrx_word' id='word_1_328' title='bbox 588 2303 635 2363; x_wconf 71' lang='grc' dir='ltr'><strong><em>παρ’</em></strong></span> <span class='ocrx_word' id='word_1_329' title='bbox 647 2305 703 2364; x_wconf 74' lang='grc' dir='ltr'><strong><em>αὐτῷ</em></strong></span> <span class='ocrx_word' id='word_1_330' title='bbox 713 2311 740 2364; x_wconf 76' lang='grc' dir='ltr'><strong><em>τῷ</em></strong></span> <span class='ocrx_word' id='word_1_331' title='bbox 750 2306 820 2365; x_wconf 83' lang='grc' dir='ltr'><strong><em>Ἀετίφ</em></strong></span> <span class='ocrx_word' id='word_1_332' title='bbox 832 2306 906 2361; x_wconf 81' lang='grc' dir='ltr'><strong><em>ταχθὲν</em></strong></span> <span class='ocrx_word' id='word_1_333' title='bbox 916 2307 937 2357; x_wconf 78' lang='grc' dir='ltr'><strong><em>ἐξ</em></strong></span> 
     </span>
     <span class='ocr_line' id='line_1_32' title="bbox 152 2373 936 2433; baseline 0.001 -15"><span class='ocrx_word' id='word_1_334' title='bbox 152 2373 253 2433; x_wconf 75' lang='grc' dir='ltr'><strong><em>ὑπαρχῆς,</em></strong></span> <span class='ocrx_word' id='word_1_335' title='bbox 268 2377 302 2420; x_wconf 85' lang='grc' dir='ltr'><strong><em>καὶ</em></strong></span> <span class='ocrx_word' id='word_1_336' title='bbox 313 2377 342 2427; x_wconf 88' lang='grc' dir='ltr'><strong><em>είς</em></strong></span> <span class='ocrx_word' id='word_1_337' title='bbox 352 2375 412 2433; x_wconf 84' lang='grc' dir='ltr'><strong><em>ὑβριν</em></strong></span> <span class='ocrx_word' id='word_1_338' title='bbox 423 2376 493 2431; x_wconf 79' lang='grc' dir='ltr'><strong><em>ἐπέχον</em></strong></span> <span class='ocrx_word' id='word_1_339' title='bbox 504 2374 569 2418; x_wconf 85' lang='grc' dir='ltr'><strong><em>τόπον</em></strong></span> <span class='ocrx_word' id='word_1_340' title='bbox 582 2377 711 2430; x_wconf 85' lang='grc' dir='ltr'><strong><em>βλασφημίας</em></strong></span> <span class='ocrx_word' id='word_1_341' title='bbox 722 2373 757 2419; x_wconf 79' lang='grc' dir='ltr'><strong><em>διδ</em></strong></span> <span class='ocrx_word' id='word_1_342' title='bbox 768 2373 790 2419; x_wconf 84' lang='grc' dir='ltr'><strong><em>τό</em></strong></span> <span class='ocrx_word' id='word_1_343' title='bbox 801 2376 862 2432; x_wconf 83' lang='grc' dir='ltr'><strong><em>μέρος</em></strong></span> <span class='ocrx_word' id='word_1_344' title='bbox 873 2373 886 2419; x_wconf 84' lang='grc' dir='ltr'><strong><em>δ</em></strong></span> <span class='ocrx_word' id='word_1_345' title='bbox 896 2376 936 2430; x_wconf 84' lang='grc' dir='ltr'><strong><em>έφη</em></strong></span> 
     </span>
     <span class='ocr_line' id='line_1_33' title="bbox 153 2441 937 2503; baseline 0 -16"><span class='ocrx_word' id='word_1_346' title='bbox 153 2447 175 2488; x_wconf 81' lang='grc' dir='ltr'><strong><em>έν</em></strong></span> <span class='ocrx_word' id='word_1_347' title='bbox 189 2450 232 2503; x_wconf 80' lang='grc' dir='ltr'><strong><em>θεῷ</em></strong></span> <span class='ocrx_word' id='word_1_348' title='bbox 249 2445 273 2487; x_wconf 81' lang='grc' dir='ltr'><strong><em>δν</em></strong></span> <span class='ocrx_word' id='word_1_349' title='bbox 290 2445 347 2503; x_wconf 74' lang='grc' dir='ltr'><strong><em>(ὅπερ</em></strong></span> <span class='ocrx_word' id='word_1_350' title='bbox 362 2444 387 2488; x_wconf 85' lang='grc' dir='ltr'><strong><em>οὑ</em></strong></span> <span class='ocrx_word' id='word_1_351' title='bbox 407 2447 509 2500; x_wconf 77' lang='grc' dir='ltr'><strong><em>διαφορᾶς</em></strong></span> <span class='ocrx_word' id='word_1_352' title='bbox 528 2444 589 2500; x_wconf 86' lang='grc' dir='ltr'><strong><em>μέρος</em></strong></span> <span class='ocrx_word' id='word_1_353' title='bbox 607 2441 701 2500; x_wconf 76' lang='grc' dir='ltr'><strong><em>ὑπάρχει,</em></strong></span> <span class='ocrx_word' id='word_1_354' title='bbox 722 2442 762 2487; x_wconf 80' lang='grc' dir='ltr'><strong><em>ἄλλ’</em></strong></span> <span class='ocrx_word' id='word_1_355' title='bbox 779 2442 882 2500; x_wconf 80' lang='grc' dir='ltr'><strong><em>ἰσότητος,</em></strong></span> <span class='ocrx_word' id='word_1_356' title='bbox 902 2444 937 2487; x_wconf 81' lang='grc' dir='ltr'><strong><em>καὶ</em></strong></span> 
     </span>
     <span class='ocr_line' id='line_1_34' title="bbox 153 2512 936 2573; baseline -0.003 -15"><span class='ocrx_word' id='word_1_357' title='bbox 153 2514 199 2558; x_wconf 83' lang='grc' dir='ltr'><strong><em>οὑτε</em></strong></span> <span class='ocrx_word' id='word_1_358' title='bbox 208 2517 334 2573; x_wconf 80' lang='grc' dir='ltr'><strong><em>μεριζομένης</em></strong></span> <span class='ocrx_word' id='word_1_359' title='bbox 346 2521 381 2571; x_wconf 79' lang='grc' dir='ltr'><strong><em>τῆς</em></strong></span> <span class='ocrx_word' id='word_1_360' title='bbox 391 2514 498 2570; x_wconf 87' lang='grc' dir='ltr'><strong><em>θεότητος,</em></strong></span> <span class='ocrx_word' id='word_1_361' title='bbox 515 2512 553 2556; x_wconf 76' lang='grc' dir='ltr'><strong><em>ἀλλ’</em></strong></span> <span class='ocrx_word' id='word_1_362' title='bbox 567 2512 598 2556; x_wconf 86' lang='grc' dir='ltr'><strong><em>ιἰεὶ</em></strong></span> <span class='ocrx_word' id='word_1_363' title='bbox 608 2512 670 2569; x_wconf 81' lang='grc' dir='ltr'><strong><em>ολίσης</em></strong></span> <span class='ocrx_word' id='word_1_364' title='bbox 680 2514 813 2570; x_wconf 80' lang='grc' dir='ltr'><strong><em>τελειοτάτης,</em></strong></span> <span class='ocrx_word' id='word_1_365' title='bbox 832 2517 877 2572; x_wconf 90' lang='grc' dir='ltr'><strong><em>τρία</em></strong></span> <span class='ocrx_word' id='word_1_366' title='bbox 888 2512 936 2557; x_wconf 83' lang='grc' dir='ltr'><strong><em>όντα</em></strong></span> 
     </span>
     <span class='ocr_line' id='line_1_35' title="bbox 153 2582 937 2644; baseline -0.003 -15"><span class='ocrx_word' id='word_1_367' title='bbox 153 2587 225 2639; x_wconf 88' lang='grc' dir='ltr'><strong><em>τέλεια,</em></strong></span> <span class='ocrx_word' id='word_1_368' title='bbox 246 2589 282 2642; x_wconf 90' lang='grc' dir='ltr'><strong><em>μία</em></strong></span> <span class='ocrx_word' id='word_1_369' title='bbox 297 2587 388 2643; x_wconf 87' lang='grc' dir='ltr'><strong><em>θεότης),</em></strong></span> <span class='ocrx_word' id='word_1_370' title='bbox 409 2590 482 2641; x_wconf 78' lang='grc' dir='ltr'><strong><em>μᾶλλον</em></strong></span> <span class='ocrx_word' id='word_1_371' title='bbox 498 2582 744 2641; x_wconf 80' lang='grc' dir='ltr'><strong><em>δὲείςσὺστασιυτῆςέν</em></strong></span> <span class='ocrx_word' id='word_1_372' title='bbox 756 2584 842 2644; x_wconf 72' lang='grc' dir='ltr'><strong><em>ἀληθεία</em></strong></span> <span class='ocrx_word' id='word_1_373' title='bbox 853 2586 937 2635; x_wconf 86' lang='grc' dir='ltr'><strong><em>πίστεως</em></strong></span> 
     </span>
     <span class='ocr_line' id='line_1_36' title="bbox 152 2652 937 2713; baseline -0.004 -12"><span class='ocrx_word' id='word_1_374' title='bbox 152 2655 175 2701; x_wconf 90' lang='grc' dir='ltr'><strong><em>τό</em></strong></span> <span class='ocrx_word' id='word_1_375' title='bbox 188 2654 286 2712; x_wconf 81' lang='grc' dir='ltr'><strong><em>υίνόμοιον</em></strong></span> <span class='ocrx_word' id='word_1_376' title='bbox 301 2656 349 2713; x_wconf 80' lang='grc' dir='ltr'><strong><em>ἡμῖν</em></strong></span> <span class='ocrx_word' id='word_1_377' title='bbox 362 2658 520 2711; x_wconf 82' lang='grc' dir='ltr'><strong><em>έτιησφαλίσατο,</em></strong></span> <span class='ocrx_word' id='word_1_378' title='bbox 541 2655 569 2704; x_wconf 84' lang='grc' dir='ltr'><strong><em>είς</em></strong></span> <span class='ocrx_word' id='word_1_379' title='bbox 579 2652 601 2698; x_wconf 87' lang='grc' dir='ltr'><strong><em>τό</em></strong></span> <span class='ocrx_word' id='word_1_380' title='bbox 613 2652 641 2710; x_wconf 75' lang='grc' dir='ltr'><strong><em>μὴ</em></strong></span> <span class='ocrx_word' id='word_1_381' title='bbox 652 2659 748 2711; x_wconf 83' lang='grc' dir='ltr'><strong><em>νομίζειν,</em></strong></span> <span class='ocrx_word' id='word_1_382' title='bbox 769 2654 817 2710; x_wconf 83' lang='grc' dir='ltr'><strong><em>μήτε</em></strong></span> <span class='ocrx_word' id='word_1_383' title='bbox 828 2658 937 2699; x_wconf 84' lang='grc' dir='ltr'><strong><em>πείθεσθαι</em></strong></span> 
     </span>
     <span class='ocr_line' id='line_1_37' title="bbox 175 2745 936 2808; baseline -0.001 -23"><span class='ocrx_word' id='word_1_384' title='bbox 175 2752 191 2785; x_wconf 75' lang='lat'><strong><em>2.</em></strong></span> <span class='ocrx_word' id='word_1_385' title='bbox 205 2754 232 2786; x_wconf 68' lang='grc' dir='ltr'><strong><em>διο</em></strong></span> <span class='ocrx_word' id='word_1_386' title='bbox 242 2762 309 2785; x_wconf 69' lang='lat' dir='ltr'><em>currem</em></span> <span class='ocrx_word' id='word_1_387' title='bbox 321 2753 365 2785; x_wconf 77' lang='grc' dir='ltr'><strong><em>Ικοιι</em></strong></span> <span class='ocrx_word' id='word_1_388' title='bbox 376 2753 433 2785; x_wconf 68' lang='lat' dir='ltr'><strong><em>habent</em></strong></span> <span class='ocrx_word' id='word_1_389' title='bbox 443 2747 533 2793; x_wconf 82' lang='grc' dir='ltr'><strong><em>αιομοιως</em></strong></span> <span class='ocrx_word' id='word_1_390' title='bbox 579 2745 595 2781; x_wconf 75' lang='grc' dir='ltr'><strong><em>ί.</em></strong></span> <span class='ocrx_word' id='word_1_391' title='bbox 607 2751 670 2791; x_wconf 76' lang='grc' dir='ltr'><strong><em>Βκμοιικ</em></strong></span> <span class='ocrx_word' id='word_1_392' title='bbox 679 2748 699 2786; x_wconf 89' lang='grc' dir='ltr'><strong><em>το</em></strong></span> <span class='ocrx_word' id='word_1_393' title='bbox 712 2748 745 2808; x_wconf 81' lang='grc' dir='ltr'><strong><em>γαρ</em></strong></span> <span class='ocrx_word' id='word_1_394' title='bbox 755 2754 798 2784; x_wconf 80' lang='grc' dir='ltr'><strong><em>ειιαι</em></strong></span> <span class='ocrx_word' id='word_1_395' title='bbox 809 2761 851 2785; x_wconf 84' lang='grc' dir='ltr'><strong><em>αυτο</em></strong></span> <span class='ocrx_word' id='word_1_396' title='bbox 847 2747 882 2784; x_wconf 86' lang='grc' dir='ltr'><strong><em>τέ</em></strong></span> <span class='ocrx_word' id='word_1_397' title='bbox 893 2748 936 2789; x_wconf 78' lang='grc' dir='ltr'><strong><em>ἐστι,</em></strong></span> 
     </span>
     <span class='ocr_line' id='line_1_38' title="bbox 175 2793 804 2853; baseline -0.005 -20.995"><span class='ocrx_word' id='word_1_398' title='bbox 175 2797 192 2831; x_wconf 93' lang='grc'><strong><em>3.</em></strong></span> <span class='ocrx_word' id='word_1_399' title='bbox 198 2797 227 2833; x_wconf 80' lang='grc' dir='ltr'><strong><em>τοῦ</em></strong></span> <span class='ocrx_word' id='word_1_400' title='bbox 239 2798 275 2832; x_wconf 75' lang='grc' dir='ltr'><strong><em>υἱοῦ</em></strong></span> <span class='ocrx_word' id='word_1_401' title='bbox 286 2796 441 2853; x_wconf 78' lang='grc' dir='ltr'><strong><em>πρὸςπατεραυιιο</em></strong></span> <span class='ocrx_word' id='word_1_402' title='bbox 451 2799 474 2829; x_wconf 78' lang='grc' dir='ltr'><strong><em>εει</em></strong></span> <span class='ocrx_word' id='word_1_403' title='bbox 482 2805 534 2828; x_wconf 80' lang='lat' dir='ltr'><strong><em>emen·</em></strong></span> <span class='ocrx_word' id='word_1_404' title='bbox 557 2799 586 2828; x_wconf 85' lang='grc' dir='ltr'><strong><em>οιιι</em></strong></span> <span class='ocrx_word' id='word_1_405' title='bbox 597 2793 648 2831; x_wconf 75' lang='grc' dir='ltr'><strong><em>ταδτδ</em></strong></span> <span class='ocrx_word' id='word_1_406' title='bbox 661 2794 695 2840; x_wconf 83' lang='grc' dir='ltr'><strong><em>γὰρ</em></strong></span> <span class='ocrx_word' id='word_1_407' title='bbox 707 2793 750 2830; x_wconf 77' lang='grc' dir='ltr'><strong><em>εἷναί</em></strong></span> <span class='ocrx_word' id='word_1_408' title='bbox 762 2794 804 2830; x_wconf 79' lang='grc' dir='ltr'><strong><em>ἐστι.</em></strong></span> 
     </span>
     <span class='ocr_line' id='line_1_39' title="bbox 152 2840 890 2887; baseline -0.001 -10"><span class='ocrx_word' id='word_1_409' title='bbox 152 2845 201 2877; x_wconf 70' lang='grc' dir='ltr'><strong><em>ιίαίίο</em></strong></span> <span class='ocrx_word' id='word_1_410' title='bbox 221 2855 251 2879; x_wconf 88' lang='grc' dir='ltr'><strong><em>τοιι</em></strong></span> <span class='ocrx_word' id='word_1_411' title='bbox 262 2855 327 2886; x_wconf 78' lang='grc' dir='ltr'><strong><em>ποτμος</em></strong></span> <span class='ocrx_word' id='word_1_412' title='bbox 335 2855 364 2879; x_wconf 82' lang='grc' dir='ltr'><strong><em>τοι</em></strong></span> <span class='ocrx_word' id='word_1_413' title='bbox 376 2840 412 2878; x_wconf 82' lang='grc' dir='ltr'><strong><em>ιιιυι</em></strong></span> <span class='ocrx_word' id='word_1_414' title='bbox 423 2843 501 2875; x_wconf 66' lang='lat' dir='ltr'><em>andalus</em></span> <span class='ocrx_word' id='word_1_415' title='bbox 512 2843 535 2874; x_wconf 79' lang='lat' dir='ltr'><strong><em>est</em></strong></span> <span class='ocrx_word' id='word_1_416' title='bbox 580 2843 595 2874; x_wconf 79' lang='lat'><strong><em>5.</em></strong></span> <span class='ocrx_word' id='word_1_417' title='bbox 608 2840 812 2887; x_wconf 80' lang='grc' dir='ltr'><strong><em>καὶβεβιασμέιωςοοδ.</em></strong></span> <span class='ocrx_word' id='word_1_418' title='bbox 824 2843 890 2884; x_wconf 71' lang='grc' dir='ltr'><strong><em>Βασιλίς</em></strong></span> 
     </span>
     <span class='ocr_line' id='line_1_40' title="bbox 152 2885 936 2933; baseline 0 -10"><span class='ocrx_word' id='word_1_419' title='bbox 152 2893 232 2923; x_wconf 73' lang='lat' dir='ltr'><em>petavius.</em></span> <span class='ocrx_word' id='word_1_420' title='bbox 258 2891 345 2923; x_wconf 70' lang='lat' dir='ltr'><em>Carnarius</em></span> <span class='ocrx_word' id='word_1_421' title='bbox 354 2892 400 2922; x_wconf 78' lang='grc' dir='ltr'><strong><em>υιιιιι</em></strong></span> <span class='ocrx_word' id='word_1_422' title='bbox 410 2886 533 2920; x_wconf 82' lang='lat' dir='ltr'><strong>dissimilitudi-</strong></span> <span class='ocrx_word' id='word_1_423' title='bbox 580 2886 596 2921; x_wconf 98' lang='lat'><strong>6</strong></span> <span class='ocrx_word' id='word_1_424' title='bbox 605 2889 727 2921; x_wconf 77' lang='lat' dir='ltr'><strong><em>Rescribendum</em></strong></span> <span class='ocrx_word' id='word_1_425' title='bbox 736 2889 808 2929; x_wconf 79' lang='lat' dir='ltr'><strong><em>suspicor</em></strong></span> <span class='ocrx_word' id='word_1_426' title='bbox 817 2886 860 2931; x_wconf 84' lang='grc' dir='ltr'><strong><em>πρδς</em></strong></span> <span class='ocrx_word' id='word_1_427' title='bbox 869 2886 892 2933; x_wconf 73' lang='grc' dir='ltr'><strong><em>δι’]</em></strong></span> <span class='ocrx_word' id='word_1_428' title='bbox 901 2885 936 2929; x_wconf 82' lang='grc' dir='ltr'><strong><em>τίι,</em></strong></span> 
     </span>
     <span class='ocr_line' id='line_1_41' title="bbox 153 2932 754 2988; baseline -0.002 -20"><span class='ocrx_word' id='word_1_429' title='bbox 153 2947 192 2968; x_wconf 86' lang='lat' dir='ltr'><strong><em>nem</em></strong></span> <span class='ocrx_word' id='word_1_430' title='bbox 201 2936 230 2968; x_wconf 80' lang='lat' dir='ltr'><strong>filii</strong></span> <span class='ocrx_word' id='word_1_431' title='bbox 240 2935 261 2968; x_wconf 81' lang='lat' dir='ltr'><strong><em>ad</em></strong></span> <span class='ocrx_word' id='word_1_432' title='bbox 273 2943 349 2979; x_wconf 77' lang='lat' dir='ltr'><strong>patrem,</strong></span> <span class='ocrx_word' id='word_1_433' title='bbox 365 2937 407 2976; x_wconf 83' lang='grc' dir='ltr'><strong><em>ηιιοδ</em></strong></span> <span class='ocrx_word' id='word_1_434' title='bbox 421 2945 457 2967; x_wconf 77' lang='lat' dir='ltr'><strong><em>cum</em></strong></span> <span class='ocrx_word' id='word_1_435' title='bbox 471 2943 489 2966; x_wconf 89' lang='lat' dir='ltr'><strong><em>eo</em></strong></span> <span class='ocrx_word' id='word_1_436' title='bbox 498 2944 535 2966; x_wconf 88' lang='grc' dir='ltr'><strong><em>οοιι-</em></strong></span> <span class='ocrx_word' id='word_1_437' title='bbox 558 2936 586 2966; x_wconf 78' lang='grc' dir='ltr'><strong><em>σαί</em></strong></span> <span class='ocrx_word' id='word_1_438' title='bbox 596 2932 641 2988; x_wconf 80' lang='grc' dir='ltr'><strong><em>πρὸς</em></strong></span> <span class='ocrx_word' id='word_1_439' title='bbox 649 2945 706 2969; x_wconf 77' lang='grc' dir='ltr'><strong><em>τουτον</em></strong></span> <span class='ocrx_word' id='word_1_440' title='bbox 718 2932 754 2968; x_wconf 85' lang='grc' dir='ltr'><strong><em>τδι.</em></strong></span> 
     </span>
     <span class='ocr_line' id='line_1_42' title="bbox 152 2973 936 3024; baseline -0.004 -9"><span class='ocrx_word' id='word_1_441' title='bbox 152 2982 471 3024; x_wconf 61' lang='lat' dir='ltr'><strong><em>mammam-quodsuprareposui.</em></strong></span> <span class='ocrx_word' id='word_1_442' title='bbox 496 2980 534 3012; x_wconf 78' lang='lat' dir='ltr'><em>God.</em></span> <span class='ocrx_word' id='word_1_443' title='bbox 580 2978 595 3013; x_wconf 78' lang='grc' dir='ltr'><strong><em>λ</em></strong></span> <span class='ocrx_word' id='word_1_444' title='bbox 613 2976 641 3022; x_wconf 83' lang='grc' dir='ltr'><strong><em>ἀρ’</em></strong></span> <span class='ocrx_word' id='word_1_445' title='bbox 653 2978 681 3014; x_wconf 79' lang='grc' dir='ltr'><strong><em>οίι</em></strong></span> <span class='ocrx_word' id='word_1_446' title='bbox 697 2981 732 3012; x_wconf 82' lang='grc' dir='ltr'><strong><em>οοιλ</em></strong></span> <span class='ocrx_word' id='word_1_447' title='bbox 749 2981 780 3012; x_wconf 82' lang='grc' dir='ltr'><strong><em>λιιι.</em></strong></span> <span class='ocrx_word' id='word_1_448' title='bbox 809 2973 844 3022; x_wconf 70' lang='grc' dir='ltr'><strong><em>ἄρα</em></strong></span> <span class='ocrx_word' id='word_1_449' title='bbox 858 2991 886 3014; x_wconf 81' lang='grc' dir='ltr'><strong><em>ουιι</em></strong></span> <span class='ocrx_word' id='word_1_450' title='bbox 901 2981 936 3013; x_wconf 74' lang='lat' dir='ltr'><em>cod.</em></span> 
     </span>
     <span class='ocr_line' id='line_1_43' title="bbox 153 3025 701 3071; baseline -0.004 -11"><span class='ocrx_word' id='word_1_451' title='bbox 153 3030 183 3060; x_wconf 80' lang='lat' dir='ltr'><strong><em>Ieu.</em></strong></span> <span class='ocrx_word' id='word_1_452' title='bbox 198 3029 245 3060; x_wconf 76' lang='lat' dir='ltr'><em>habet</em></span> <span class='ocrx_word' id='word_1_453' title='bbox 259 3028 289 3062; x_wconf 80' lang='grc' dir='ltr'><strong><em>τοι]</em></strong></span> <span class='ocrx_word' id='word_1_454' title='bbox 304 3025 347 3071; x_wconf 81' lang='grc' dir='ltr'><strong><em>πρός</em></strong></span> <span class='ocrx_word' id='word_1_455' title='bbox 357 3038 402 3070; x_wconf 82' lang='grc' dir='ltr'><strong><em>πρα,</em></strong></span> <span class='ocrx_word' id='word_1_456' title='bbox 420 3028 454 3059; x_wconf 69' lang='lat' dir='ltr'><em>cod.</em></span> <span class='ocrx_word' id='word_1_457' title='bbox 467 3026 533 3066; x_wconf 81' lang='lat' dir='ltr'><em>Rhedi9.</em></span> <span class='ocrx_word' id='word_1_458' title='bbox 556 3025 621 3066; x_wconf 76' lang='grc' dir='ltr'><strong><em>Βλιαίὶς.</em></strong></span> <span class='ocrx_word' id='word_1_459' title='bbox 634 3029 648 3057; x_wconf 76' lang='grc' dir='ltr'><strong><em>τι</em></strong></span> <span class='ocrx_word' id='word_1_460' title='bbox 659 3027 701 3059; x_wconf 68' lang='lat' dir='ltr'><strong><em>editi.</em></strong></span> 
     </span>
    </p>
   </div>
   <div class='ocr_carea' id='block_1_5' title="bbox 153 3068 910 3164">
    <p class='ocr_par' dir='ltr' id='par_1_5' title="bbox 153 3068 910 3164">
     <span class='ocr_line' id='line_1_44' title="bbox 153 3068 910 3117; baseline 0.001 -12"><span class='ocrx_word' id='word_1_461' title='bbox 153 3073 183 3106; x_wconf 80' lang='grc' dir='ltr'><strong><em>τοῦ</em></strong></span> <span class='ocrx_word' id='word_1_462' title='bbox 195 3070 226 3117; x_wconf 81' lang='grc' dir='ltr'><strong><em>πρὸ</em></strong></span> <span class='ocrx_word' id='word_1_463' title='bbox 238 3074 314 3116; x_wconf 80' lang='grc' dir='ltr'><strong><em>πατέρα,</em></strong></span> <span class='ocrx_word' id='word_1_464' title='bbox 326 3075 406 3105; x_wconf 73' lang='lat' dir='ltr'><em>sedam.</em></span> <span class='ocrx_word' id='word_1_465' title='bbox 417 3083 429 3106; x_wconf 85' lang='lat' dir='ltr'>s</span> <span class='ocrx_word' id='word_1_466' title='bbox 454 3073 534 3105; x_wconf 79' lang='grc' dir='ltr'><strong><em>Εοῐιιεκ-</em></strong></span> <span class='ocrx_word' id='word_1_467' title='bbox 579 3068 617 3103; x_wconf 78' lang='grc'><strong><em>8.</em></strong></span> <span class='ocrx_word' id='word_1_468' title='bbox 608 3083 616 3104; x_wconf 88' lang='grc' dir='ltr'><strong><em>ο</em></strong></span> <span class='ocrx_word' id='word_1_469' title='bbox 633 3068 658 3109; x_wconf 80' lang='grc' dir='ltr'><strong><em>εἷς</em></strong></span> <span class='ocrx_word' id='word_1_470' title='bbox 675 3072 721 3104; x_wconf 80' lang='grc' dir='ltr'><strong><em>τοιίδ</em></strong></span> <span class='ocrx_word' id='word_1_471' title='bbox 733 3080 770 3105; x_wconf 82' lang='lat' dir='ltr'>mss.</span> <span class='ocrx_word' id='word_1_472' title='bbox 788 3075 856 3116; x_wconf 77' lang='lat' dir='ltr'><strong><em>uterque.</em></strong></span> <span class='ocrx_word' id='word_1_473' title='bbox 886 3068 910 3111; x_wconf 79' lang='grc' dir='ltr'><strong><em>εἷς</em></strong></span> 
     </span>
     <span class='ocr_line' id='line_1_45' title="bbox 153 3116 647 3164; baseline -0.008 -10"><span class='ocrx_word' id='word_1_474' title='bbox 153 3119 205 3154; x_wconf 74' lang='lat' dir='ltr'><em>hibent</em></span> <span class='ocrx_word' id='word_1_475' title='bbox 216 3119 246 3154; x_wconf 82' lang='grc' dir='ltr'><strong><em>τοῦ</em></strong></span> <span class='ocrx_word' id='word_1_476' title='bbox 257 3117 322 3164; x_wconf 79' lang='grc' dir='ltr'><strong><em>πατρὸς</em></strong></span> <span class='ocrx_word' id='word_1_477' title='bbox 333 3117 402 3164; x_wconf 81' lang='grc' dir='ltr'><strong><em>πατέρα</em></strong></span> <span class='ocrx_word' id='word_1_478' title='bbox 558 3116 595 3151; x_wconf 70' lang='lat' dir='ltr'><strong><em>editi</em></strong></span> <span class='ocrx_word' id='word_1_479' title='bbox 606 3118 647 3150; x_wconf 79' lang='lat' dir='ltr'>libn&#39;</span> 
     </span>
    </p>
   </div>
   <div class='ocr_carea' id='block_1_6' title="bbox 0 0 1004 3392">
    <p class='ocr_par' dir='ltr' id='par_1_6' title="bbox 0 0 1004 3392">
     <span class='ocr_line' id='line_1_46' title="bbox 0 0 1004 3392; baseline 0 0"><span class='ocrx_word' id='word_1_480' title='bbox 0 0 1004 3392; x_wconf 95' lang='lat' dir='ltr'><strong><em> </em></strong></span> 
     </span>
    </p>
   </div>
  </div>
 </body>
</html>
