1988 3392
120 222 162 264 112
309 203 310 206 Ἴ
411 229 493 265 ειαοτι
504 229 621 263 τνιενιατι

119 307 191 364 ὅμοιον
201 307 252 352 κατά
263 308 370 364 βούλησιν,
390 306 487 363 ἀνόμοιον
498 304 540 351 κατ’
552 304 628 351 οὑσίαν.
659 305 699 351 Διί
709 304 766 363 ῆμείς
778 304 905 363 ἀντεγράψα·

121 394 168 432 μεν,
189 375 220 420 ὅτι
230 377 301 432 ὅμοιος
313 376 338 421 οὑ
350 375 400 421 κατά
411 378 493 431 μίμησιν
508 374 582 430 μόνον,
603 373 651 420 ἀλλά
664 376 698 419 καὶ
710 373 751 419 κατ’
766 372 843 418 οὑσίαν.
870 375 905 418 'E-

119 444 178 500 πειδῆ
189 448 258 489 τοίνυν
269 450 345 502 πρῶτον
356 444 412 500 ὑμεῖς
424 443 495 495 οάσίας
505 443 630 499 ἐμνήσθητε,
650 445 740 501 λέγοντες
752 440 851 498 ἀνόμοιον
863 443 906 487 κατ’

120 512 203 566 οὑσίαν,
223 516 258 557 καί
270 513 305 558 διαί
313 518 370 557 τοῦτο
382 509 503 564 σπουδάζετε
513 512 604 569 ἀρθῆναι
614 511 637 555 τί
648 510 712 567 ἀνομα
723 516 759 567 τῆς
770 509 851 564 οὐσίας,
871 513 906 555 ἵνα

120 581 171 626 κατά
185 582 280 638 βούλησιν
294 581 365 636 ὅμοιον
376 577 427 624 εἶναι
438 579 501 636 μόνον
513 581 588 637 λέγοιτε
597 580 633 624 τόν
643 580 700 632 υίὺν,
721 582 739 624 εί
748 578 831 636 ἀληθῶς
841 583 906 623 σαντί·

33 667 68 698 1³³8·
77 660 109 689 Βίλ-
121 657 186 694 θεσθε
196 650 247 695 κατά
257 651 322 694 πάντα
332 649 403 704 ὅμοιον
413 647 448 692 τιλα
459 648 505 692 υίιλν
514 652 543 708 τῷ
553 649 621 706 πατρί,
636 649 796 703 ἀναθεματίσατε
805 646 854 698 τοὺς
864 650 907 691 δια·
960 704 961 708 ¹

122 718 189 777 φοράν
199 720 290 777 λέγοντας
304 716 431 773 ὁμοιότητος,
451 718 485 760 καλ
496 715 588 774 γράψατε
599 715 716 771 οάταςάττ,
736 719 768 761 Εί
776 735 807 770 τις
817 715 845 773 μῆ
855 716 907 761 κατά

121 788 187 831 πάντα
198 789 251 845 λέγοι
262 786 333 842 ὅμοιον
345 785 381 830 τὺν
395 784 441 830 υίὺν
457 791 485 845 τῷ
496 787 568 843 πατρί,
589 784 616 837 οἷς
630 785 691 830 1υίιλν
705 788 776 844 πατρὶ,
797 785 845 830 ἀλλά
856 785 907 831 κατά

122 857 158 912 μὲν
173 855 268 912 βούλησιν
283 857 337 913 λέγοι
352 854 435 911 ὅμοιον,
454 853 505 899 κατά
517 855 539 899 ὑὲ
553 853 589 911 τῆν
601 852 672 899 οὑσίαν
684 855 793 911 ἀνόμοιον,
814 854 908 911 ἀνάθεμα

123 926 178 968 ἔσται.
209 925 251 967 Καὶ
261 923 310 980 μεταλ
321 928 384 968 ταῦτα
393 926 411 967 εί
420 923 527 979 βούλονται
540 923 611 976 ου’σίας
621 922 722 980 ἀνόματος
734 930 858 982 μεμνῆσθαι,
873 925 908 968 καί

123 993 220 1038 ἀθετοῦσι
234 995 288 1037 ίκαλ
302 992 339 1045 τολς
355 994 432 1037 ἑαυτῶν
445 991 577 1051 ὑπογραφάς,
598 991 668 1044 οὑσίας
684 999 787 1051 πανταχοῦ
799 991 909 1050 μνημονεύ-

123 1077 203 1115 σαντες,
218 1063 252 1107 καλ
264 1062 289 1105 τά
300 1067 341 1106 τῶν
350 1063 443 1120 πατέρων
453 1058 621 1120 ὑμολογελτοισαν,
640 1061 667 1118 μῆ
678 1062 741 1119 μόνον
751 1063 803 1108 κατά
812 1061 849 1119 τῆν
861 1061 910 1118 βοά-

124 1136 192 1187 λησιν,
213 1129 262 1175 ἀλλά
272 1130 324 1175 κατά
337 1129 360 1175 τὺ
374 1128 435 1184 εἶναι,
455 1131 490 1174 καί
506 1129 557 1175 κατά
575 1129 613 1175 3τελ
628 1129 750 1187 ὑφεστάναι,
769 1134 803 1177 καί
818 1129 870 1177 κατά
886 1129 909 1176 τά

87 1194 89 1198 ⁴
124 1199 233 1258 ὑπάρχειν,
255 1200 323 1245 4κατά
335 1200 401 1244 πάντα
411 1199 510 1252 καθάπαξ
524 1200 596 1256 ὅμοιον
610 1197 661 1245 εἶναι
677 1199 713 1245 τὺν
727 1200 774 1246 υίελν
789 1202 860 1261 πατρί,
882 1198 910 1252 νίς

127 1269 191 1314 ῧυὶὑν
205 1272 278 1329 πατρί,
292 1268 363 1320 καθείς
378 1271 400 1312 αί
412 1274 469 1313 θεῖαι
483 1269 564 1327 λέγουσι
578 1272 660 1328 γραφαί.

184 1480 222 1530 Εἰς
233 1477 270 1534 τῆν
285 1479 402 1521 έκτεθεῖσαν
416 1480 493 1531 πίστιν,
514 1478 560 1535 περὶ
577 1482 614 1521 τοὺ
628 1477 700 1535 ὅμοιον
716 1475 767 1522 εἶναι
781 1476 817 1523 τιλν
827 1476 873 1522 νίὺν
883 1483 912 1538 τῷ

126 1549 187 1606 πατρί
199 1546 251 1592 κατά
260 1545 336 1600 πάντα,
351 1545 472 1605 ὑπέγραψαν
482 1545 555 1598 οὑτως·
576 1546 666 1606 Μάρκος
675 1545 687 1592 ὑ
697 1549 807 1599 ἐπίσκοπος
816 1544 911 1603 Ἀρεθον·

127 1621 172 1668 σίας
181 1616 235 1661 οὑτοι
246 1615 332 1661 πιστεὺω
343 1617 377 1659 καί
389 1621 459 1673 φρονῶ
472 1621 514 1667 τοῖς
523 1618 716 1675 προγεγραμμένοις,
735 1617 770 1661 καί
785 1617 807 1661 ολ
815 1614 913 1673 παρόντες

128 1685 209 1742 ὁμοίως.
241 1684 320 1740 Οάάλης
331 1685 353 1728 ὑὲ
364 1683 438 1735 οὑτως·
454 1683 529 1736 ’Ὅπως
543 1686 579 1740 μὲν
591 1684 736 1743 ὑπεγράψαμεν
747 1690 773 1745 τῆ
785 1686 859 1729 6νυκτί
870 1686 912 1729 ἔπι-

129 1754 252 1810 φεοσκοὺσης
265 1759 300 1810 τῆς
311 1759 447 1810 πεντηκοστῆς
456 1752 492 1810 τῆν
501 1757 678 1813 προγεγραμμένην
685 1753 820 1813 ὑπογραφὴν,
835 1756 913 1798 οἴδασιν

128 1827 150 1868 σί
158 1823 261 1882 παρόντες,
276 1824 310 1867 καί
320 1821 332 1867 ὑ
342 1821 424 1879 εὑσεβῆς
432 1822 534 1878 βασιλεὺς,
549 1823 600 1882 πρὸς
611 1823 635 1868 ὃν
643 1825 678 1867 καί
689 1823 838 1881 ἐμαρτυράμην,
853 1821 914 1882 ἀγρά-

129 1910 174 1947 φως
190 1894 259 1937 τεκαὶ
276 1892 387 1951 ἐγγράψας.
419 1891 479 1936 Μετά
494 1892 515 1935 δὲ
530 1896 593 1937 ταῦτα
609 1895 675 1953 οἰκείῳ
692 1891 740 1949 ῆθει
757 1890 914 1951 ὑπογράψαντος

132 1961 254 2015 Οὐάλεντος,
274 1964 308 2006 καί
321 1961 488 2018 προςτεθεικότος
501 1966 526 2022 τῆ
539 1960 660 2023 ὑπογραφῇ,
676 1961 764 2018 Ὅμοιον
779 1961 815 2007 τὸν
830 1960 875 2006 υίιλν
886 1967 914 2022 τῷ

129 2033 202 2089 πατρί,
222 2029 426 2089 μῆπροςτεθεικότος
439 2031 471 2084 ὑὲ,
493 2029 551 2075 Κατά
562 2030 640 2085 πάντα,
659 2029 916 2087 καλὺείξαντοςάπωςῖῆ

78 2157 80 2160 .
129 2102 225 2144 συνέθετο
234 2106 277 2151 τοῖς
285 2101 475 2158 προγεγραμμένοις,
490 2099 505 2156 ἢ
516 2099 539 2145 τά
551 2099 661 2156 ὑμοοὺσιον
672 2105 716 2152 πῶς
725 2106 778 2155 νοεῖ,
793 2102 915 2157 ἐπισημηνα-

130 2170 221 2225 μένοντε
230 2174 303 2213 τοῦτον
311 2173 347 2214 τοῦ
356 2167 451 2225 εὐσεβοῦς
462 2170 565 2224 βασιλέως,
580 2170 615 2213 καί
624 2168 774 2227 ἀναγκάσαντος
783 2167 845 2214 αὑτὺν
855 2186 915 2227 προς-

129 2244 198 2282 θεῖναι
207 2238 242 2291 τί,
265 2237 323 2281 Κανά
337 2238 414 2292 πάντα,
435 2237 680 2296 ἀπερκαίπροςτέθεικε,
702 2236 915 2290 Βασίλειοςὺποπτεὺ-

130 2322 167 2358 σας
176 2310 212 2351 καί
223 2305 257 2360 τὺ,
273 2306 332 2350 Κατά
343 2306 419 2361 πάντα,
441 2308 485 2366 ἰὺίμ
495 2311 525 2366 νῷ
539 2306 602 2351 αὑτὺα
611 2308 775 2364 προςτεθεικέναι
786 2308 830 2359 θείς
840 2306 865 2351 τά
874 2308 915 2361 ἰ’σα,

131 2374 260 2420 ἐσπούδασαν
269 2377 291 2419 οἱ
297 2377 343 2434 περὶ
353 2374 453 2419 Οὐάλεντα
459 2378 534 2432 λαβεῖν,
550 2373 582 2431 ἐφ’
590 2371 606 2436 ᾧ
613 2393 634 2419 τε
645 2375 767 2432 ἀποκομίσαι
778 2378 806 2428 είς
816 2375 853 2433 τῆν
864 2375 916 2421 κατά

131 2444 233 2502 Ἀρίμινον
245 2443 341 2498 σὺνοὺον,
356 2443 473 2503 ὑπέγραψεν
483 2443 557 2496 οὑτως·
581 2448 685 2496 Βασίλειος
696 2446 806 2498 ἐπίσκοπος
817 2444 916 2503 Ἀγκὺρας

131 2513 218 2558 πιστεὺω
230 2516 265 2558 καὶ
276 2516 392 2558 συνευδοκεῖ
403 2519 446 2565 τοῖς
458 2514 652 2572 προγεγραμμένοις,
672 2513 744 2569 ὅμοιον
759 2512 863 2572 ὁμολογῶν
880 2513 928 2572 τὺν

130 2582 177 2627 υίὺν
187 2587 215 2641 τῷ
227 2584 287 2640 πατρί
297 2580 348 2626 κατά
359 2580 425 2626 πάντα
429 2617 436 2636 ,
456 2580 507 2625 κατά
520 2580 587 2626 πάντα
598 2581 620 2625 δὲ
631 2579 656 2626 οὑ
667 2581 729 2638 μόνον
735 2582 786 2627 κατά
797 2582 835 2639 τῆν
843 2583 915 2640 βοὺλη-

131 2666 174 2705 σιν,
194 2650 242 2695 ἀλλά
252 2651 303 2695 κατά
315 2650 352 2707 τῆν
361 2649 483 2705 ὑπόστασιν,
504 2652 539 2694 καί
550 2649 601 2694 κατά
614 2650 651 2707 τῆν
667 2650 763 2710 ὕπαρξιν,
784 2652 819 2696 καὶ
830 2650 882 2696 κατά
892 2649 915 2697 τά

131 2719 194 2775 εἶναι,
216 2718 309 2774 αλςνίάν,
329 2718 380 2764 κατά
390 2719 426 2772 τάς
436 2722 495 2771 θείας
508 2718 587 2778 γραφάς
597 2725 676 2775 πνεῦμα
687 2722 709 2765 ἐκ
720 2719 844 2777 πνεύματος,
864 2720 917 2777 ζαῆν

131 2791 154 2834 ἐκ
164 2793 227 2845 ζωῆς,
248 2793 293 2843 φιῖς
307 2790 329 2832 ἐκ
340 2787 418 2843 φωτὸς,
439 2787 490 2832 θεάν
502 2790 525 2833 ἒκ
535 2793 598 2843 θεοῦ,
613 2788 712 2846 ἀληθινόν
721 2789 768 2834 αίὺν
779 2791 799 2842 ἐξ
810 2788 917 2846 ἀληθινοῦ,

156 2905 196 2939 Gn.
208 2906 268 2939 xxss.
282 2925 304 2931 -
325 2905 340 2939 1.
352 2907 424 2940 Fortasse
435 2903 476 2945 υἱὸς.
561 2907 577 2940 5.
589 2908 662 2941 Fortasse
671 2904 713 2946 νίός.

155 2951 171 2984 2.
183 2950 213 2987 καὶ
224 2962 255 2986 om.
268 2952 292 2985 αλ.
304 2952 360 2986 Ραλαυ.
560 2950 576 2985 6.
588 2953 641 2998 νοκτῆ
653 2954 700 2987 codd.
711 2961 748 2985 νιεε.
759 2955 773 2985 ελ
784 2952 809 2985 ed.
820 2955 871 2994 princ.

155 2995 172 3031 3.
183 2995 203 3032 τί
216 3007 247 3030 οτι.
259 2998 284 3031 αλ.
295 2999 350 3031 Petav-
363 2999 415 3031 θοίνα.
427 3000 475 3039 νομοί.
561 2997 578 3032 7.
589 2994 603 3043 ἦ
615 2998 694 3034 συνέὶλετσ
708 3007 736 3040 εςο
750 3000 828 3040 rescripsi.
852 2998 867 3035 εί
879 3009 917 3035 σνν-

155 3038 171 3075 4.
183 3044 253 3085 Excidit,
263 3045 281 3077 αι’
289 3044 343 3087 fallor,
354 3042 384 3079 καὶ
390 3044 472 3086 particula
480 3045 517 3077 ουλε
539 3041 588 3079 ε’ῗλετο
602 3046 637 3078 τοιλ.
648 3046 680 3078 λεν.
704 3041 812 3078 εἰσσννέὲετο
828 3046 862 3078 τοο.
874 3046 918 3079 mue-

132 3086 182 3124 κατά.
539 3089 572 3132 στρ.
595 3089 626 3126 καὶ
637 3089 717 3126 συνέθετο
727 3090 766 3124 editu·
776 3091 817 3124 libri.
