1988 3392
179 203 207 244 20
468 211 552 244 ειιιοτι
563 209 678 244 ιιιιοιιιαιι

178 291 215 329 τοῦ
228 287 265 343 {zv
276 286 363 346 οὐρανῷ.
388 286 449 330 Ἀλλά
460 286 540 337 πάντως
552 288 595 343 έρεῖ
606 304 635 337 τις
646 288 753 344 εἰρηκέναι
762 285 798 342 τήν
808 288 869 329 θείαν
884 286 966 344 γραφήν

179 353 227 405 τοδς
245 353 352 412 προφήτας
367 356 474 414 ἑωρακέναι
490 354 525 399 τόν
541 353 593 398 θεόν
609 357 631 400 έν
641 359 669 415 τῷ
680 359 721 415 νῷ,
742 353 782 399 άπδ
798 359 834 398 τοῦ
849 356 912 412 ῥητοῦ
922 358 965 407 τοῦ,

180 426 222 469 Καὶ
235 427 256 469 οί
267 424 346 485 άγγελοι
356 425 432 471 τοότων
444 424 507 484 δράσι
518 423 540 469 τό
549 423 659 483 πρόςωπον
669 430 706 469 τοῦ
716 426 792 484 πατρός
803 443 842 480 μου
850 429 887 469 τοῦ
899 425 920 469 έν
932 425 966 470 οὗ·

180 500 246 555 ρανῷ,
261 499 296 540 καὶ
307 495 368 541 πάλιν
383 495 424 540 ιἰπδ
436 500 481 548 τοῦ,
501 495 609 553 Μακάριοι
620 498 641 539 οί
649 496 739 553 καθαροί
749 501 773 555 τῇ
784 497 867 552 καρδίᾳ,
889 494 920 538 ὅτι
930 495 967 538 αό-

179 566 211 607 τοί
221 563 258 608 τόν
270 563 321 609 θεόν
330 564 425 619 όφονται·
450 563 518 619 φήσας
528 564 550 607 δὲ
562 569 621 608 τοῦτο
636 565 670 607 καί
684 564 808 621 παραζεύξας
822 562 873 608 κατά
882 562 919 618 τήν
930 564 966 607 αδ-

180 638 216 675 τοῦ
227 635 305 677 ἔννοιαν
316 633 352 684 τάς
361 635 420 684 λέξεις
431 635 483 675 ε’ίποι
492 630 509 674 δ’
521 630 554 684 δν,
569 631 601 675 ότι
612 634 633 675 έν
642 636 671 690 τῷ
679 637 709 690 νῷ
718 634 800 681 ἕκαστος
810 630 850 691 ὁρᾷ
860 630 896 674 τόν
906 630 965 674 θεόν·

181 700 206 742 οὗ
218 699 256 756 γάρ
267 701 387 755 ὀφθαλμοῖς.
417 699 538 742 ’Λντιπίπτει
553 699 575 748 δὲ
585 698 649 757 τούτῳ
659 697 672 742 ό
682 705 740 749 θεῖος
750 699 820 755 λόγος,
835 697 921 752 φάσκων
932 696 966 742 διά

179 766 263 811 Ἠσαίου
273 773 309 811 τοῦ
320 766 438 824 προφήτου,
460 766 526 816 Τάλας
537 764 585 822 ἒγοί,
601 765 632 809 ότι
643 768 800 823 κατανένυγμαι,
815 766 846 810 ότι
856 765 967 822 άνθρωπος

149 851 151 853 ·
181 835 289 890 ἀκάθαρτα
298 839 349 889 χείλη
362 836 411 888 έχων
423 835 444 876 ἓν
456 839 497 892 λαῷ
508 833 615 890 ἀκάθαρτα
625 837 676 888 χείλη
687 834 750 888 έχοντι
763 833 801 890 έγιί
813 840 912 886 κατοικῶ,
931 835 967 876 καί

181 902 216 944 τόν
227 901 298 958 κόριον
308 900 402 956 Σαβαιόθ
412 899 466 945 εἶδον
475 908 518 952 τοῖς
528 901 646 956 ὀφθαλμοῖς
655 919 701 956 μου.
731 903 773 944 Καί
784 901 822 944 οὐκ
833 898 876 944 εἶπε
887 906 920 960 Τῷ
930 905 967 961 νῷ,

181 968 269 1015 οάδὲἘν
279 975 304 1031 τή
317 972 395 1031 έννοίμ,
417 968 464 1014 άλλά
480 976 526 1022 Τοῖς
539 967 666 1026 όφθαλμοῖς,
687 969 712 1014 τά
723 970 792 1028 άληθή
802 971 837 1026 καί
851 968 919 1029 στερεά
932 975 968 1028 τής

181 1045 266 1093 πίστεως
280 1040 429 1098 βεβαιούμενος.
469 1045 493 1085 Τί
507 1036 544 1085 οὖν
560 1043 675 1096 ὓεἴποιμεν,
697 1047 733 1086 τοῦ
749 1040 863 1100 εὐαγγελίου
877 1043 967 1098 λέγοντος

181 1109 233 1154 θεόν
248 1110 275 1165 μή
293 1111 401 1168 ἑωρακέναι
416 1108 461 1154 τινά
474 1109 566 1161 ποίποτε,
587 1115 627 1153 τῶν
640 1111 661 1154 δέ
673 1115 784 1167 προφητῶν
801 1113 835 1154 καί
850 1108 967 1154 άποστόλων

182 1178 314 1232 φασκόντων,
334 1181 369 1222 καί
379 1177 442 1221 αάτοῦ
452 1183 489 1221 τοῦ
502 1182 585 1234 κυρίους
603 1173 666 1235 ξιῗΛλρα
676 1177 781 1221 άντίθετον
794 1180 815 1221 έν
826 1183 851 1238 τῇ
861 1182 909 1236 θεία
920 1195 967 1235 γρα-

182 1252 212 1305 φῇ
224 1245 274 1301 πρός
285 1247 357 1300 ἑαυτήν
367 1264 384 1289 τι
388 1266 395 1298 ,-
411 1245 439 1300 μή
451 1247 534 1301 γένοιτο.
563 1244 620 1287 Ἀλλά
631 1243 685 1288 εἶδον
694 1251 798 1302 προφῆται
805 1247 840 1288 καί
851 1244 966 1297 οίττόστολοι,

181 1315 216 1355 καί
229 1310 303 1366 άληθές
320 1312 417 1368 ὑπάρχον·
438 1311 493 1354 εἶδον
504 1312 526 1354 δέ
538 1311 593 1354 καθδ
605 1311 705 1366 ήδάναντο
721 1311 788 1365 αότοί,
808 1314 843 1355 καί
857 1311 913 1355 καθό
927 1314 968 1355 ἔνε-

180 1379 250 1435 χοίρει,
272 1377 698 1434 καίάίφθηαάτοῖςόθεόςοίςήθέλησεν.
730 1381 802 1422 Πάντα
813 1379 851 1436 γάρ
862 1379 917 1437 αὐτῷ
931 1382 966 1422 δν-

181 1446 238 1491 νατά.
271 1448 312 1489 Καὶ
323 1446 354 1490 ότι
366 1447 402 1501 μέν
414 1445 444 1490 40‘
455 1445 542 1503 ἀόρατος
553 1444 602 1496 θεός
617 1448 651 1489 καί
665 1446 815 1503 άκατάληπτος,
836 1452 894 1499 τοῦτο
906 1445 968 1502 δῆλόν

183 1517 225 1559 ἔστι
241 1516 276 1559 καί
292 1514 422 1574 άμολόγηται.
457 1512 514 1559 Ἀλλοί
529 1514 590 1559 πάλιν
606 1513 692 1567 δυνατός
709 1518 748 1561 έστι
764 1522 829 1562 ποιεῖν
845 1514 857 1560 δ
870 1515 967 1573 βούλεται.

184 1584 215 1629 Οκί
227 1584 265 1644 γάρ
280 1604 310 1637 τις
322 1586 448 1641 άντιτίθησιν
464 1585 528 1629 αὐτοῦ
540 1591 568 1645 τῷ
579 1584 696 1641 βουλήματι.
725 1584 820 1644 Ἀόρατος
832 1581 919 1644 οδνέστι
930 1585 967 1642 τήν

182 1654 245 1709 φάσιν
260 1657 294 1698 καὶ
309 1654 450 1710 άκατάληπτος
460 1654 497 1710 τήν
509 1654 580 1707 δόξαν,
601 1656 727 1710 βουλομένου
741 1656 763 1699 δέ
773 1660 800 1715 τῷ
812 1653 847 1699 λίπ’
863 1654 925 1699 αὐτοῦ
936 1672 967 1713 γε-

181 1723 250 1780 γονότι
260 1723 364 1781 ολν-θρτάπφ
376 1722 510 1775 όπτάγεσθαι,
533 1723 593 1771 οὐδέν
604 1725 728 1767 ἐναντιοῦται
739 1729 767 1782 τῷ
777 1722 840 1767 αότοῢ
851 1723 967 1778 βουλήματι.

185 1791 216 1832 Οό
233 1790 271 1846 γάρ
289 1790 369 1833 5πάθει
384 1792 485 1845 συνέχεται
496 1789 518 1834 τδ
528 1797 597 1842 θεῖον,
616 1792 651 1833 λνα
662 1791 674 1833 δ
684 1791 775 1844 βούλεται
788 1790 816 1845 μή
830 1791 933 1849 θπράττη,
950 1790 969 1845 ή

182 1857 260 1914 πράττη
277 1857 289 1899 ὃ
307 1856 334 1910 μή
350 1858 444 1910 βούλεται
461 1856 554 1906 (δυνατός
569 1856 608 1913 γάρ
623 1858 663 1899 ἐστι
680 1863 745 1900 ποιῶν
761 1857 773 1899 δ
786 1857 898 1912 βούλεται),
920 1856 968 1900 άλλοί

158 1981 160 1983 ¹
182 1926 264 1979 πράττει
275 1922 327 1978 άπερ
339 1922 419 1966 7αὐτοῦ
429 1925 499 1980 πρέπει
510 1928 534 1982 τῇ
545 1922 636 1977 θεότητι·
652 1925 714 1978 μηδὲν
723 1924 774 1974 ὅλως
786 1930 814 1982 τῷ
823 1925 920 1979 θελήματι
932 1925 968 1967 αὐ-

183 1995 220 2033 τοῦ
234 1990 362 2043 ίιντιπίπτον,
382 1990 431 2041 άςτε
447 1989 475 2045 μή
488 1990 588 2033 δύνασθαι
604 1989 696 2047 πράττειν
707 1990 831 2046 δβοόλεται,
852 1990 968 2049 πρεπόντως

183 2063 209 2119 τῇ
221 2056 284 2102 αὐτοῦ
293 2058 381 2114 θεότητι.
412 2060 453 2102 Καὶ
463 2056 564 2103 άδόνατόν
572 2060 625 2103 ἐστιν
636 2061 685 2104 ίδεῖν
695 2059 756 2114 θεόν,
771 2060 854 2117 μάλιστα
864 2060 968 2119 ἀνθρωπί-

183 2146 220 2184 νην
230 2129 303 2184 φόσιν,
324 2132 360 2173 καί
370 2129 408 2173 οόκ
420 2131 502 2187 ἐγχωρεῖ
514 2128 536 2172 τό
554 2127 627 2187 ὁρατόν
638 2128 689 2186 δρᾶν
700 2130 722 2174 τό
735 2128 826 2188 οίόρατον.
858 2130 923 2175 8Ἀλλ’
934 2130 968 2176 άό-

98 2223 129 2254 pag
142 2213 173 2242 ιιι,
184 2216 244 2254 ρατος
254 2198 304 2247 θεός
315 2201 335 2241 ἒν
348 2201 493 2256 φιλανθρωπία
507 2200 540 2240 καὶ
553 2197 637 2253 δυνάμει
649 2199 752 2254 ένισχάσας
762 2199 785 2244 τό
797 2199 899 2244 άδόνατον
909 2219 968 2256 κατη-
985 2192 987 2196 ’

183 2270 241 2317 ξίωσε
252 2272 276 2325 τῇ
289 2268 362 2309 ἑαυτοῦ
375 2265 467 2320 δυνάμει,
487 2266 543 2315 ὅπως
557 2269 591 2325 ἴδη
602 2266 623 2310 τό
635 2267 732 2324 άόρατον,
752 2270 786 2311 καί
798 2268 810 2311 δ
821 2267 860 2312 εἶδε
873 2268 895 2314 τό
907 2268 968 2328 ολόρα·

183 2334 218 2376 τόν
238 2339 274 2375 θτε
286 2335 319 2375 καί
332 2333 425 2388 άπειρον,
446 2332 470 2376 οὕ
485 2333 557 2383 καθιίς
573 2337 616 2388 έσχε
630 2334 652 2377 τό
669 2334 761 2392 άπειρον,
781 2335 821 2379 ἀλλ’
837 2334 865 2386 τίς
879 2336 967 2392 ήδόνατο

182 2407 253 2455 χωρεῖν
268 2399 282 2453 ή
292 2400 354 2452 φάσις
367 2403 531 2454 ένδυναμιοθεῐσα
546 2406 582 2444 τοῦ
594 2401 697 2451 α’δυνάτως
712 2405 790 2457 έχοντος
801 2403 853 2459 πρός
864 2405 969 2448 ἒπέκτασιν

182 2472 220 2508 τοῦ
232 2469 326 2509 δυνατοῦ.
357 2470 397 2509 Καὶ
414 2467 474 2509 οὐδὲν
491 2471 559 2510 διοίσει
569 2469 591 2510 έν
602 2474 627 2527 τῇ
641 2475 688 2527 θεία
705 2475 784 2529 γραφῇ,
804 2469 849 2513 οίίτε
864 2468 969 2522 άντίθετος

182 2536 233 2585 λέξις
248 2533 301 2591 πρός
314 2536 365 2586 λέξιν
380 2533 516 2591 εὑρεθήσεται,

207 2699 246 2732 Οιο.
259 2699 296 2731 VH.
310 2717 329 2723 -
350 2700 364 2732 1.
378 2697 395 2734 ἐν
405 2698 430 2745 τῷ
443 2695 509 2746 ον’ραιῷ
521 2701 564 2734 editi.
611 2699 627 2735 6.
639 2697 719 2746 πράττει,
736 2696 749 2747 ἦ
762 2699 832 2749 πράττει
847 2705 894 2739 codd.
905 2715 943 2741 mss.
954 2708 968 2740 ιλ

205 2757 221 2798 2.
233 2758 278 2790 Libri
289 2757 347 2790 habent
358 2757 431 2801 εἴπομεν.
589 2748 625 2780 edit·
636 2750 691 2802 Ρίξῃῆ

205 2813 221 2847 3.
234 2810 268 2857 ἄρα
280 2816 323 2847 edm.
611 2793 627 2827 7.
638 2804 690 2828 αοτου
701 2799 802 2828 correxerunt
814 2798 900 2830 comorius
916 2800 970 2837 [vertit

206 2870 212 2887 s
265 2873 268 2879 ¹
485 2876 488 2882 Ι
587 2840 629 2872 enim
644 2838 705 2882 ipsius)
722 2844 737 2874 τι
753 2843 835 2874 Ριιαυιιιε.
849 2843 894 2875 Libri
912 2844 969 2877 habeut

205 2875 221 2904 -λ,
234 2873 322 2904 Αντιοαλυω
333 2880 366 2904 esse
377 2872 461 2905 delendum
471 2875 521 2906 υιιλοι.
587 2883 640 2927 αὐτῷ,

205 2927 221 2958 5.
233 2924 281 2970 πάλη
297 2930 354 2960 vitium
365 2931 388 2960 est
402 2929 427 2961 ecl.
439 2930 495 2963 Ριιαο.
509 2930 562 2962 Calon.
609 2933 626 2961 ὅ.
638 2924 682 2964 α’λλά
694 2932 728 2963 cod.
740 2932 806 2971 Rhediy.

181 2974 229 3012 repet.
609 2974 625 3008 9.
636 2972 676 3009 τότε
687 2975 718 3009 καὶ
728 2977 763 3009 ταί.
775 2977 842 3017 λιλααίμ.
