1988 3392
139 206 181 249 520
429 212 638 248 ειαουιοειειιιυιι

139 293 201 348 σάσης
217 292 300 349 κέντρον
316 290 419 345 θανάτου,
441 291 574 351 διαρρηξάσης
586 290 610 335 τά
620 296 716 350 κλεῖθρα,
739 293 772 336 καλ
785 291 833 344 τούς
843 290 927 348 μοχλοιλς

139 361 186 413 τοός
198 362 359 418 ἀδαμαντίνους,
379 363 414 405 καὶ
425 361 512 419 λυσάσης
523 361 597 413 ὠδῖνας
607 360 661 422 ᾅδου
674 364 695 407 ἐν
708 364 750 423 ἰθέα
761 364 852 422 ἐξουσία,
874 360 928 405 άνελ-
973 355 975 359 ’

139 430 220 487 θοόσης
235 430 273 476 σάν
288 436 312 492 τῇ
328 436 394 492 ψυχῇ,
415 430 443 487 μή
460 434 553 488 έαθείσης
568 436 605 488 τῆς
619 437 687 489 ψυχῆς
700 433 729 484 εἰς
743 429 808 493 ᾅδην,
828 432 879 488 μηδὲ
891 436 928 487 τῆς

140 500 213 559 σαρκός
229 503 340 559 ἓωρακυίας
355 500 485 559 διαφθοράν,
508 499 647 557 ἀναστησάσης
660 500 724 557 αὐτὴν
734 506 771 558 τῆς
784 499 893 557 θεότητος,
913 500 928 558 ἢ

141 570 264 621 άναστάντος
280 570 343 615 αὐτοῦ
359 576 395 614 τοῦ
406 575 479 628 κυρίου
491 576 542 614 θεοῦ
558 569 619 628 λόχου
633 572 666 614 καλ
678 573 726 615 υἱοῦ
737 576 799 625 θεοῦ,
821 569 858 614 σάν
871 575 928 630 ψυχῇ

140 636 274 695 καὶσάματι,
295 640 330 683 καὶ
342 641 403 683 παντὶ
414 645 443 700 τῷ
452 640 529 694 σκεύει,
551 641 700 691 συνεναθὲντος
717 639 787 684 λοιπόν
797 645 834 684 τοῦ
845 639 929 692 σκεάονς

142 711 170 761 εἷς
179 713 269 764 πνεῦμα,
289 708 338 753 αὐτό
351 707 374 753 τό
385 712 442 765 σῶμα
453 707 588 765 πνευματικόν
606 706 707 767 ὑπάρξαν,
727 707 753 753 τό
763 726 812 753 ποτε
822 707 867 769 άφῇ
878 707 928 753 άπο-

141 781 242 834 κείμενον,
258 779 292 821 καὶ
304 778 382 834 μάστιξι
392 778 511 836 παραδοθὲν
523 779 608 837 ἑκουσίῳ
620 783 657 833 τῆς
667 778 764 833 θεότητος
775 777 879 834 θελήματι,
894 780 930 822 καὶ

144 846 289 905 9πειράζοντος
306 845 347 891 άπὸ
363 852 399 891 τοῦ
413 852 497 891 Σατανᾶ
513 846 678 905 συγχωρήσαντος
694 848 728 891 καὶ
745 849 805 907 πείνη
819 846 929 906 προςπελά-

142 922 192 971 ζειν,
207 917 241 960 καὶ
256 915 325 976 ὕπνῳ,
340 918 376 960 καλ
390 915 486 977 καμάτῳ,
501 916 555 977 λόπη
570 934 591 960 τε
606 918 640 961 καὶ
656 916 760 976 αἰθημονίηι.

49 1002 95 1047 Ksop.
104 998 131 1041 ις’,
201 983 259 1030 Αὐτό
273 985 295 1029 τό
308 990 366 1041 σῶμα
383 985 406 1030 τό
420 986 478 1043 άχιον
494 988 607 1030 συνενωθὲν
622 984 693 1030 λοιπόν
708 984 801 1041 θεότητι,
823 985 930 1043 άπαραλεί-

142 1072 198 1106 πτας
208 1060 245 1110 τῆς
255 1054 354 1111 θεότητος
369 1056 511 1111 συνηνωμένης
522 1060 550 1115 τῷ
565 1054 592 1099 τά
604 1060 686 1099 τοιαῦτα
701 1054 814 1099 πεπονθότι
826 1053 876 1113 άχλῳ
892 1053 931 1099 σαό-

47 1140 130 1178 ῃκρΛιοο.
144 1143 195 1179 ματι.
224 1122 305 1179 Ἀυέστη
318 1123 366 1182 γάρ,
387 1126 423 1168 καὶ
438 1123 552 1179 συνήνωσεν
567 1123 616 1168 τιν’τό
632 1124 754 1178 εἰςέαυτόυ,
775 1126 803 1175 εἰς
812 1127 836 1168 ἓν
845 1129 931 1179 πνεῦμα,

144 1196 172 1245 εἶς
184 1196 231 1250 μίαν
243 1193 326 1249 ἑνότητα
331 1228 337 1246 ,
353 1195 381 1244 εἰς
391 1197 439 1248 μίαν
451 1196 579 1251 θοξολοχὶαν,
595 1196 623 1245 εἷς
634 1197 680 1250 μίαν
690 1195 763 1238 ἑαυτοῦ
773 1192 867 1249 θεότητα,
890 1194 930 1236 Πέ·

144 1280 196 1318 φηνε
207 1263 243 1318 μὲν
254 1262 292 1320 γάρ
305 1265 326 1306 ἕν
337 1260 433 1322 άληθείηι,
455 1264 489 1306 καὶ
501 1261 627 1319 ε’ψηλαφήθη
638 1260 679 1306 άπό
694 1268 731 1306 τοῦ
744 1265 819 1318 (θαμά,
840 1263 932 1314 καὶτοῖς

144 1330 263 1382 άποστόλοις
273 1334 374 1389 συνέφαχε
388 1332 422 1375 καὶ
432 1333 518 1384 συνέπιε,
534 1333 567 1375 καλ
581 1335 722 1388 1σονηυλίσθη
733 1331 774 1387 μετ’
785 1330 851 1375 αὐτῶν
863 1346 931 1375 τεσσα-

146 1400 235 1459 ράκοντα
252 1399 327 1459 ἡμέρας
339 1401 373 1444 καὶ
387 1401 533 1458 τεσσαράκοντα
550 1399 629 1452 νύκτας.
657 1398 715 1445 Ἀλλά
728 1403 807 1457 ελςῐχλθε
818 1405 891 1459 θυρῶν
901 1418 933 1444 κε·

146 1471 275 1525 κλεισμένων,
296 1471 330 1513 καὶ
346 1467 395 1524 μετά
407 1468 430 1512 τό
445 1471 540 1520 εἰςελθεῖν
552 1471 640 1513 ἐδείκνυε
651 1475 723 1527 νεῦρα,
744 1471 778 1514 καὶ
790 1469 849 1522 όστά,
869 1467 933 1513 τόπον

146 1538 210 1594 ἥλων,
226 1539 260 1581 καὶ
271 1537 335 1582 τόπου
345 1538 426 1594 λόγχης,
442 1537 473 1582 ὅτι
484 1537 533 1581 αὐτό
544 1533 569 1593 ἦν
580 1536 679 1594 άληθινόν
688 1537 711 1582 τό
722 1543 780 1593 σῶμα
784 1573 790 1592 ,
811 1538 842 1583 ότι
854 1538 876 1581 δὲ
887 1552 934 1581 συν-

145 1606 207 1662 ηφθη
221 1608 249 1657 εἰς
267 1610 314 1662 μίαν
330 1606 411 1662 ἑνότητα
429 1608 462 1650 καὶ
479 1610 526 1660 μίαν
538 1605 636 1662 θεότητα,
658 1607 728 1663 μηκέτι
739 1610 883 1664 Ξπροςδοκοῦν
895 1625 933 1651 πα-

146 1682 202 1729 θεῖν,
218 1677 287 1731 μηκέτι
300 1674 443 1730 άποθνῆσκον,
459 1675 486 1726 όός
497 1690 548 1731 φησι
559 1673 572 1719 ό
583 1675 641 1732 άχιος
653 1675 776 1729 ἀπόστολος,
788 1676 872 1730 Ἀνέστη
884 1681 933 1732 Χρι·

146 1744 204 1797 στός,
225 1743 291 1787 οὐκέτι
303 1743 442 1799 ἀποθνήσκει,
463 1741 554 1794 θάνατος
569 1744 633 1788 αὐτοῦ
649 1745 716 1788 οὐκέτι
728 1743 822 1802 κυριεάει.
856 1743 931 1787 Τόπο-

145 1811 210 1867 θητόν
225 1812 305 1862 ἀπαθές
319 1811 351 1854 ἀεὶ
362 1813 433 1866 μένον,
447 1811 470 1855 τό
482 1810 554 1855 θεϊκόν
566 1811 602 1854 σάν
616 1811 736 1867 σωματικαὶ
748 1817 816 1872 ψυχῇ,
831 1814 865 1856 καὶ
876 1814 932 1872 πάση

144 1886 170 1942 τῇ
182 1879 345 1939 ἒνανθρωπήσει,
361 1880 461 1930 αὐτόθεος
473 1879 512 1931 τόν,
528 1879 620 1924 ἆνελθάν
634 1881 655 1924 δὲ
666 1882 695 1931 εἷς
707 1880 820 1938 οὐρανοάς,
836 1880 933 1925 ἐκάθισεν

145 1952 167 1994 ε’ν
179 1953 234 2009 δεξιᾷ
244 1954 280 1993 τοῦ
291 1947 367 2005 πατρός
379 1951 400 1992 ἒν
414 1947 475 2008 θόξη,
496 1948 535 1992 οὐκ
551 1948 679 2004 ἀποθέμενος
691 1947 713 1993 τό
726 1954 794 2005 σῶμα,
817 1949 933 1993 άλλάσυνε·

145 2017 213 2069 νάσας
225 2019 253 2068 εἷς
263 2016 407 2072 πνευματικόν,
423 2019 445 2059 έν
456 2016 561 2072 τελειότητι
576 2022 623 2071 μιᾶς
633 2016 740 2072 θεότητος·
756 2016 784 2067 οἷς
796 2018 830 2060 καὶ
840 2017 865 2060 τά
875 2016 933 2073 ἡμῶν

146 2087 228 2142 σοι’ματα
239 2087 313 2141 μέλλει,
328 2083 352 2128 τά
364 2090 402 2128 νῦν
412 2084 532 2140 σπειρόμενα
545 2090 648 2140 ψυχικοῖς,
664 2087 776 2142 έχείρεσθαι
786 2090 932 2141 πνευματικῶς,

145 2154 170 2198 τά
181 2160 218 2198 νῦν
228 2150 350 2208 σπειρόμενα
361 2155 382 2196 ἐν
393 2157 467 2212 φθορᾷ
478 2155 590 2210 ἐγείρεσθαι
600 2155 621 2197 ἕν
632 2153 752 2212 ἀφθαρσίᾳ,
771 2153 795 2196 τά
806 2157 843 2196 νῦν
854 2153 933 2211 σπειρό-

146 2240 196 2278 μενα
207 2224 228 2266 ἓν
239 2221 322 2280 θανάτῳ
341 2223 453 2277 ἐγείρεσθαι
465 2222 486 2264 ἕν
498 2218 607 2281 άθανασίηι.
639 2223 668 2264 Εἰ
682 2225 751 2265 τοίνυν
761 2220 786 2265 τά
799 2220 885 2278 ἡμέτερα
898 2222 933 2265 οὓ-

146 2309 195 2343 τοις,
216 2290 273 2348 πόσῳ
285 2306 307 2346 χε
319 2294 393 2344 μᾶλλον
405 2288 580 2346 ἒκεῖνοτόάχιον,
602 2291 637 2333 καὶ
650 2288 807 2347 άνεκθιηχητον,
828 2288 934 2347 καλάσόχ-

146 2376 226 2415 κριτον,
241 2360 276 2402 καὶ
288 2358 409 2415 ἀκραιφνὲς,
427 2362 471 2415 3τῷ
483 2362 528 2417 θεῷ
539 2359 691 2413 συνηνωμένον,
715 2356 737 2401 τό
747 2361 772 2400 ἓν
783 2357 806 2401 όν
816 2357 888 2401 λοιπόν
898 2376 934 2413 μο-

147 2428 233 2478 νοειδές,·
254 2425 282 2476 τός
294 2427 329 2468 καὶ
342 2427 364 2468 ἒν
376 2425 440 2484 τούτῳ
458 2432 556 2482 μαρτυρεῖ
566 2424 579 2468 ό
589 2424 702 2476 οἷπόστολος
712 2426 775 2482 λέγων
790 2428 820 2468 Εἰ
829 2427 864 2469 καὶ
874 2427 935 2483 έχυω·

147 2513 182 2551 μεν
191 2493 243 2539 κατά
253 2493 318 2552 σάρκα
330 2492 425 2552 Χριστόν,
440 2492 507 2538 οάκέτι
517 2494 649 2552 χιντόσκομεν·
665 2492 700 2550 οὐχ
711 2493 742 2538 ότι
753 2496 811 2538 διεῖλε
822 2492 858 2550 τήν
868 2493 934 2553 σάρκα

147 2563 188 2609 άπό
201 2570 237 2620 τῆς
251 2564 358 2619 θεότητος,
379 2562 428 2606 ἄλλά
440 2561 503 2618 αάτιὶν
520 2564 574 2619 4μέν
586 2559 659 2617 οὖσαν,
681 2564 715 2606 καὶ
727 2567 756 2623 τῷ
767 2567 810 2622 θεῷ
821 2565 935 2619 συνηνωμέ-

147 2652 195 2689 νην,
215 2634 285 2688 μηκέτι
302 2634 324 2676 δὲ
337 2628 399 2676 οὖσαν
414 2631 466 2675 κατά
485 2630 560 2688 σάρκα,
583 2631 632 2676 άλλά
649 2631 700 2675 κατά
718 2636 807 2687 πνεῦμα,
830 2631 859 2683 όές
876 2647 934 2688 φησι,

147 2700 199 2745 κατά
215 2706 294 2755 πνεῦμα
309 2700 449 2759 5άχιασόνης,
472 2702 493 2751 ἐξ
509 2700 637 2752 ἀναστάσεως
652 2705 729 2758 νεκρῶν
743 2704 781 2743 τοῦ
792 2704 865 2756 κυρίου
876 2698 935 2756 ἡμῶν

145 2769 212 2827 Ἰησοῦ
225 2775 318 2827 Χριστοῦ.
350 2776 446 2815 6’Ῑόῦτον
461 2770 514 2826 όμου
530 2769 580 2814 θεόν
594 2772 677 2827 έχουσα,
698 2767 771 2825 άπαθῆ
784 2771 819 2813 καὶ
834 2768 934 2825 παθόντα,

170 2876 187 2912 9.
199 2874 312 2920 πειράζεσθαι
321 2879 395 2919 αορλιυυιι
403 2864 485 2910 mamus.
498 2875 530 2909 Sed
575 2875 592 2909 2.
603 2875 701 2919 προςδοκῶν
712 2876 737 2909 ed.
750 2876 815 2918 Petam,
827 2876 905 2910 mendose.

147 2925 187 2958 nihil
198 2924 303 2965 mutandum,
321 2933 356 2956 τυκι
369 2925 473 2964 participium
490 2933 530 2966 συγ·
576 2924 592 2958 3.
604 2924 677 2956 Fortasse
686 2920 706 2957 τό
720 2922 761 2967 θεῷ.

148 2969 259 3016 χωρήσαντος
270 2981 307 3003 oum
320 2971 398 3012 infinitivo
411 2965 530 3013 προςπελάζεικ
575 2968 592 3005 4.
610 2968 693 3013 μένουσαν
704 2970 761 3010 λιρίλκν
772 2970 789 3001 in
800 2970 880 3011 Αοοτουλι.
897 2979 935 3012 μορ.

148 3018 312 3059 οοκὶνυρευιλυυιοὶλ
347 3018 348 3021 ’
554 3015 592 3051 156.

173 3063 213 3095 Οτι.
220 3063 268 3095 XVI.
281 3081 302 3088 -
327 3062 341 3095 1.
354 3063 379 3103 Of.
391 3063 454 3096 Petavz'i
463 3062 485 3094 ad
495 3062 510 3094 λι.
519 3063 529 3094 λ.
575 3063 591 3094 5.
604 3057 697 3103 οἱχιοοέιης
708 3061 732 3092 αλ,
745 3061 801 3094 Ραου.

149 3112 203 3144 annot.
575 3106 591 3142 ό.
605 3102 693 3152 ἅνθρωποι
712 3102 755 3151 ἐμοῦ
771 3107 801 3143 καλ
814 3104 854 3145 θεόν
871 3106 935 3156 ἔχοντα
