<?xml version="1.0" encoding="UTF-8"?>
<!DOCTYPE html PUBLIC "-//W3C//DTD XHTML 1.0 Transitional//EN"
    "http://www.w3.org/TR/xhtml1/DTD/xhtml1-transitional.dtd">
<html xmlns="http://www.w3.org/1999/xhtml" xml:lang="en" lang="en">
 <head>
  <title>
</title>
<meta http-equiv="Content-Type" content="text/html;charset=utf-8" />
  <meta name='ocr-system' content='tesseract 3.04.00' />
  <meta name='ocr-capabilities' content='ocr_page ocr_carea ocr_par ocr_line ocrx_word'/>
</head>
<body>
  <div class='ocr_page' id='page_1' title='image "./MN41650ucmf_1/MN41650ucmf_1_0612.png"; bbox 0 0 1988 3392; ppageno 0'>
   <div class='ocr_carea' id='block_1_1' title="bbox 165 224 661 268">
    <p class='ocr_par' dir='ltr' id='par_1_1' title="bbox 165 224 661 268">
     <span class='ocr_line' id='line_1_1' title="bbox 165 224 661 268; baseline 0.004 -2"><span class='ocrx_word' id='word_1_1' title='bbox 165 224 207 267; x_wconf 78' lang='lat'><em>590</em></span> <span class='ocrx_word' id='word_1_2' title='bbox 450 233 661 268; x_wconf 75' lang='grc' dir='ltr'><em>ειιιοτιοοιοαιαιι</em></span> 
     </span>
    </p>
   </div>
   <div class='ocr_carea' id='block_1_2' title="bbox 164 307 948 647">
    <p class='ocr_par' dir='ltr' id='par_1_2' title="bbox 164 307 948 647">
     <span class='ocr_line' id='line_1_2' title="bbox 164 307 948 370; baseline 0.005 -16"><span class='ocrx_word' id='word_1_3' title='bbox 164 316 206 370; x_wconf 77' lang='grc' dir='ltr'><em>θεῷ</em></span> <span class='ocrx_word' id='word_1_4' title='bbox 223 312 373 368; x_wconf 84' lang='grc' dir='ltr'><em>συνηναμένην,</em></span> <span class='ocrx_word' id='word_1_5' title='bbox 393 312 463 367; x_wconf 98' lang='grc' dir='ltr'><em>μηκέτι</em></span> <span class='ocrx_word' id='word_1_6' title='bbox 478 313 500 356; x_wconf 81' lang='grc' dir='ltr'><em>δὲ</em></span> <span class='ocrx_word' id='word_1_7' title='bbox 514 307 578 357; x_wconf 73' lang='grc' dir='ltr'><em>οὖσαν</em></span> <span class='ocrx_word' id='word_1_8' title='bbox 588 312 640 357; x_wconf 87' lang='grc' dir='ltr'><em>ιιατά</em></span> <span class='ocrx_word' id='word_1_9' title='bbox 650 311 725 370; x_wconf 86' lang='grc' dir='ltr'><em>σάρκα,</em></span> <span class='ocrx_word' id='word_1_10' title='bbox 744 310 794 358; x_wconf 85' lang='grc' dir='ltr'><em>ἀλλά</em></span> <span class='ocrx_word' id='word_1_11' title='bbox 804 312 856 357; x_wconf 83' lang='grc' dir='ltr'><em>κατά</em></span> <span class='ocrx_word' id='word_1_12' title='bbox 865 318 948 370; x_wconf 63' lang='grc' dir='ltr'><em>πνεῦμα,</em></span> 
     </span>
     <span class='ocr_line' id='line_1_3' title="bbox 164 379 945 440; baseline 0.005 -18"><span class='ocrx_word' id='word_1_13' title='bbox 164 379 290 436; x_wconf 76' lang='grc' dir='ltr'><strong><em>ἁγιωσύνης,</em></strong></span> <span class='ocrx_word' id='word_1_14' title='bbox 315 384 335 432; x_wconf 81' lang='grc' dir='ltr'><em>ἐξ</em></span> <span class='ocrx_word' id='word_1_15' title='bbox 353 379 480 432; x_wconf 72' lang='grc' dir='ltr'><em>ἀναστάσεως</em></span> <span class='ocrx_word' id='word_1_16' title='bbox 501 380 603 437; x_wconf 69' lang='grc' dir='ltr'><em>80Ἰησοῦ</em></span> <span class='ocrx_word' id='word_1_17' title='bbox 623 386 713 439; x_wconf 77' lang='grc' dir='ltr'><em>Χριστοῦ</em></span> <span class='ocrx_word' id='word_1_18' title='bbox 730 388 768 426; x_wconf 88' lang='grc' dir='ltr'><em>τοῦ</em></span> <span class='ocrx_word' id='word_1_19' title='bbox 786 386 859 440; x_wconf 92' lang='grc' dir='ltr'><em>κυρίου</em></span> <span class='ocrx_word' id='word_1_20' title='bbox 878 381 945 438; x_wconf 76' lang='grc' dir='ltr'><em>ημῦν·</em></span> 
     </span>
     <span class='ocr_line' id='line_1_4' title="bbox 166 448 946 506; baseline 0.005 -14"><span class='ocrx_word' id='word_1_21' title='bbox 166 454 267 493; x_wconf 76' lang='grc' dir='ltr'><em>81τοῦτον</em></span> <span class='ocrx_word' id='word_1_22' title='bbox 278 448 329 505; x_wconf 88' lang='grc' dir='ltr'><em>όμοῦ</em></span> <span class='ocrx_word' id='word_1_23' title='bbox 339 448 389 493; x_wconf 78' lang='grc' dir='ltr'><em>θεόν</em></span> <span class='ocrx_word' id='word_1_24' title='bbox 401 451 483 505; x_wconf 79' lang='grc' dir='ltr'><em>έγουσα,</em></span> <span class='ocrx_word' id='word_1_25' title='bbox 504 448 576 506; x_wconf 78' lang='grc' dir='ltr'><em>ἀπαθῆ</em></span> <span class='ocrx_word' id='word_1_26' title='bbox 592 451 627 494; x_wconf 84' lang='grc' dir='ltr'><em>καὶ</em></span> <span class='ocrx_word' id='word_1_27' title='bbox 642 449 746 506; x_wconf 75' lang='grc' dir='ltr'><em>παθόντα,</em></span> <span class='ocrx_word' id='word_1_28' title='bbox 766 452 800 495; x_wconf 81' lang='grc' dir='ltr'><em>καὶ</em></span> <span class='ocrx_word' id='word_1_29' title='bbox 811 452 899 505; x_wconf 77' lang='grc' dir='ltr'><em>ταφέντα</em></span> <span class='ocrx_word' id='word_1_30' title='bbox 911 454 946 496; x_wconf 85' lang='grc' dir='ltr'><em>καλ</em></span> 
     </span>
     <span class='ocr_line' id='line_1_5' title="bbox 166 518 946 579; baseline 0.004 -19"><span class='ocrx_word' id='word_1_31' title='bbox 166 518 286 574; x_wconf 84' lang='grc' dir='ltr'><em>ἀναστάντα,</em></span> <span class='ocrx_word' id='word_1_32' title='bbox 306 519 341 560; x_wconf 87' lang='grc' dir='ltr'><em>καλ</em></span> <span class='ocrx_word' id='word_1_33' title='bbox 351 518 462 562; x_wconf 78' lang='grc' dir='ltr'><em>ἀνελθόντα</em></span> <span class='ocrx_word' id='word_1_34' title='bbox 476 520 498 562; x_wconf 75' lang='grc' dir='ltr'><em>ἓν</em></span> <span class='ocrx_word' id='word_1_35' title='bbox 508 519 569 579; x_wconf 82' lang='grc' dir='ltr'><em>δόξη,</em></span> <span class='ocrx_word' id='word_1_36' title='bbox 589 518 697 577; x_wconf 79' lang='grc' dir='ltr'><em>ἐρχόμενον</em></span> <span class='ocrx_word' id='word_1_37' title='bbox 709 526 777 577; x_wconf 87' lang='grc' dir='ltr'><em>κρῖναι</em></span> <span class='ocrx_word' id='word_1_38' title='bbox 787 524 861 576; x_wconf 70' lang='grc' dir='ltr'><em>ζοξντας</em></span> <span class='ocrx_word' id='word_1_39' title='bbox 871 521 906 563; x_wconf 82' lang='grc' dir='ltr'><em>καὶ</em></span> <span class='ocrx_word' id='word_1_40' title='bbox 915 537 946 563; x_wconf 91' lang='grc' dir='ltr'><em>νε-</em></span> 
     </span>
     <span class='ocr_line' id='line_1_6' title="bbox 164 583 912 647; baseline 0.003 -17"><span class='ocrx_word' id='word_1_41' title='bbox 164 585 236 644; x_wconf 87' lang='grc' dir='ltr'><em>κρούς,</em></span> <span class='ocrx_word' id='word_1_42' title='bbox 251 586 279 637; x_wconf 79' lang='grc' dir='ltr'><em>ῦς</em></span> <span class='ocrx_word' id='word_1_43' title='bbox 293 601 364 642; x_wconf 83' lang='grc' dir='ltr'><em>φησιν,</em></span> <span class='ocrx_word' id='word_1_44' title='bbox 379 589 401 631; x_wconf 82' lang='grc' dir='ltr'><em>ἐν</em></span> <span class='ocrx_word' id='word_1_45' title='bbox 415 586 511 647; x_wconf 76' lang='grc' dir='ltr'><em>ἀληθεία,</em></span> <span class='ocrx_word' id='word_1_46' title='bbox 527 583 552 632; x_wconf 82' lang='grc' dir='ltr'><em>οῦ</em></span> <span class='ocrx_word' id='word_1_47' title='bbox 565 593 602 645; x_wconf 84' lang='grc' dir='ltr'><em>τῆς</em></span> <span class='ocrx_word' id='word_1_48' title='bbox 615 590 715 643; x_wconf 77' lang='grc' dir='ltr'><em>βασιλείας</em></span> <span class='ocrx_word' id='word_1_49' title='bbox 729 589 769 633; x_wconf 84' lang='grc' dir='ltr'><em>οῦκ</em></span> <span class='ocrx_word' id='word_1_50' title='bbox 783 590 837 634; x_wconf 72' lang='grc' dir='ltr'><em>ἔσται</em></span> <span class='ocrx_word' id='word_1_51' title='bbox 851 589 912 640; x_wconf 80' lang='grc' dir='ltr'><em>τέλος.</em></span> 
     </span>
    </p>
   </div>
   <div class='ocr_carea' id='block_1_3' title="bbox 81 792 950 2440">
    <p class='ocr_par' dir='ltr' id='par_1_3' title="bbox 165 792 948 1335">
     <span class='ocr_line' id='line_1_7' title="bbox 223 792 947 854; baseline 0.004 -17"><span class='ocrx_word' id='word_1_52' title='bbox 223 795 265 838; x_wconf 81' lang='grc' dir='ltr'><em>Καὶ</em></span> <span class='ocrx_word' id='word_1_53' title='bbox 281 792 319 851; x_wconf 85' lang='grc' dir='ltr'><em>γάρ</em></span> <span class='ocrx_word' id='word_1_54' title='bbox 336 796 370 838; x_wconf 82' lang='grc' dir='ltr'><em>καί</em></span> <span class='ocrx_word' id='word_1_55' title='bbox 384 793 470 838; x_wconf 78' lang='grc' dir='ltr'><em>πιστεύει</em></span> <span class='ocrx_word' id='word_1_56' title='bbox 489 793 578 851; x_wconf 61' lang='grc' dir='ltr'><em>Μἡμῶν</em></span> <span class='ocrx_word' id='word_1_57' title='bbox 595 795 646 851; x_wconf 86' lang='grc' dir='ltr'><em>αῦτη</em></span> <span class='ocrx_word' id='word_1_58' title='bbox 663 794 737 854; x_wconf 74' lang='grc' dir='ltr'><em>ἦάγία</em></span> <span class='ocrx_word' id='word_1_59' title='bbox 748 798 852 851; x_wconf 78' lang='grc' dir='ltr'><em>ἐκκλησία,</em></span> <span class='ocrx_word' id='word_1_60' title='bbox 871 797 907 840; x_wconf 83' lang='grc' dir='ltr'><em>καί</em></span> <span class='ocrx_word' id='word_1_61' title='bbox 918 794 947 848; x_wconf 75' lang='grc' dir='ltr'><em>ῦς</em></span> 
     </span>
     <span class='ocr_line' id='line_1_8' title="bbox 166 861 947 924; baseline 0.004 -18"><span class='ocrx_word' id='word_1_62' title='bbox 166 861 216 924; x_wconf 73' lang='grc' dir='ltr'><em>αὐτῇ</em></span> <span class='ocrx_word' id='word_1_63' title='bbox 227 864 310 918; x_wconf 76' lang='grc' dir='ltr'><em>ἀληθῶς</em></span> <span class='ocrx_word' id='word_1_64' title='bbox 322 863 452 921; x_wconf 76' lang='grc' dir='ltr'><em>κεκήρυκται,</em></span> <span class='ocrx_word' id='word_1_65' title='bbox 469 866 534 908; x_wconf 75' lang='grc' dir='ltr'><em>83καὶ</em></span> <span class='ocrx_word' id='word_1_66' title='bbox 545 863 628 921; x_wconf 76' lang='grc' dir='ltr'><em>ἀληθοῦς</em></span> <span class='ocrx_word' id='word_1_67' title='bbox 641 867 820 922; x_wconf 70' lang='grc' dir='ltr'><em>84προςτέτακται·</em></span> <span class='ocrx_word' id='word_1_68' title='bbox 834 863 865 909; x_wconf 81' lang='grc' dir='ltr'><em>ότι</em></span> <span class='ocrx_word' id='word_1_69' title='bbox 877 882 947 921; x_wconf 90' lang='grc' dir='ltr'><em>κοιμη-</em></span> 
     </span>
     <span class='ocr_line' id='line_1_9' title="bbox 165 931 947 994; baseline 0 -17"><span class='ocrx_word' id='word_1_70' title='bbox 165 933 275 989; x_wconf 77' lang='grc' dir='ltr'><em>θησόμεθα</em></span> <span class='ocrx_word' id='word_1_71' title='bbox 289 932 372 985; x_wconf 87' lang='grc' dir='ltr'><em>πάντες,</em></span> <span class='ocrx_word' id='word_1_72' title='bbox 390 935 426 976; x_wconf 80' lang='grc' dir='ltr'><em>καὶ</em></span> <span class='ocrx_word' id='word_1_73' title='bbox 442 931 597 990; x_wconf 79' lang='grc' dir='ltr'><em>ἀναστησόμεθα</em></span> <span class='ocrx_word' id='word_1_74' title='bbox 614 933 651 978; x_wconf 85' lang='grc' dir='ltr'><em>σύν</em></span> <span class='ocrx_word' id='word_1_75' title='bbox 664 935 740 990; x_wconf 84' lang='grc' dir='ltr'><em>σάματι</em></span> <span class='ocrx_word' id='word_1_76' title='bbox 750 934 826 994; x_wconf 77' lang='grc' dir='ltr'><em>τούτῳ,</em></span> <span class='ocrx_word' id='word_1_77' title='bbox 841 932 879 978; x_wconf 87' lang='grc' dir='ltr'><em>σῦν</em></span> <span class='ocrx_word' id='word_1_78' title='bbox 890 940 947 994; x_wconf 77' lang='grc' dir='ltr'><em>ψυχῇ</em></span> 
     </span>
     <span class='ocr_line' id='line_1_10' title="bbox 165 1001 947 1063; baseline 0.001 -18"><span class='ocrx_word' id='word_1_79' title='bbox 165 1002 237 1063; x_wconf 75' lang='grc' dir='ltr'><em>ταύτῃ,</em></span> <span class='ocrx_word' id='word_1_80' title='bbox 259 1002 296 1046; x_wconf 83' lang='grc' dir='ltr'><em>σῦν</em></span> <span class='ocrx_word' id='word_1_81' title='bbox 306 1004 365 1045; x_wconf 85' lang='grc' dir='ltr'><em>παντί</em></span> <span class='ocrx_word' id='word_1_82' title='bbox 375 1007 404 1061; x_wconf 77' lang='grc' dir='ltr'><em>τῷ</em></span> <span class='ocrx_word' id='word_1_83' title='bbox 415 1001 503 1063; x_wconf 77' lang='grc' dir='ltr'><em>ἡμετέρῳ</em></span> <span class='ocrx_word' id='word_1_84' title='bbox 516 1003 592 1058; x_wconf 78' lang='grc' dir='ltr'><em>σκεύει,</em></span> <span class='ocrx_word' id='word_1_85' title='bbox 613 1006 648 1046; x_wconf 84' lang='grc' dir='ltr'><em>ίνα</em></span> <span class='ocrx_word' id='word_1_86' title='bbox 662 1005 744 1055; x_wconf 72' lang='grc' dir='ltr'><em>ἕκαστος</em></span> <span class='ocrx_word' id='word_1_87' title='bbox 760 1003 855 1063; x_wconf 80' lang='grc' dir='ltr'><em>ἀπολάβη</em></span> <span class='ocrx_word' id='word_1_88' title='bbox 870 1001 921 1061; x_wconf 86' lang='grc' dir='ltr'><em>πρός</em></span> <span class='ocrx_word' id='word_1_89' title='bbox 933 1002 947 1046; x_wconf 81' lang='grc' dir='ltr'><em>δί</em></span> 
     </span>
     <span class='ocr_line' id='line_1_11' title="bbox 166 1070 947 1130; baseline 0 -15"><span class='ocrx_word' id='word_1_90' title='bbox 166 1074 256 1130; x_wconf 68' lang='grc' dir='ltr'><em>ἔπραξεν.</em></span> <span class='ocrx_word' id='word_1_91' title='bbox 287 1070 360 1114; x_wconf 60' lang='grc' dir='ltr'><em>θ5Ὅτι</em></span> <span class='ocrx_word' id='word_1_92' title='bbox 375 1070 483 1122; x_wconf 88' lang='grc' dir='ltr'><em>ἀνάστασις</em></span> <span class='ocrx_word' id='word_1_93' title='bbox 499 1077 575 1129; x_wconf 83' lang='grc' dir='ltr'><em>νεκρῦν</em></span> <span class='ocrx_word' id='word_1_94' title='bbox 590 1074 625 1116; x_wconf 80' lang='grc' dir='ltr'><em>καὶ</em></span> <span class='ocrx_word' id='word_1_95' title='bbox 641 1076 705 1130; x_wconf 90' lang='grc' dir='ltr'><em>κρίσις</em></span> <span class='ocrx_word' id='word_1_96' title='bbox 720 1072 802 1123; x_wconf 76' lang='grc' dir='ltr'><em>αἰώνιος</em></span> <span class='ocrx_word' id='word_1_97' title='bbox 812 1074 847 1116; x_wconf 80' lang='grc' dir='ltr'><em>καὶ</em></span> <span class='ocrx_word' id='word_1_98' title='bbox 858 1075 947 1127; x_wconf 85' lang='grc' dir='ltr'><em>βασιλεία</em></span> 
     </span>
     <span class='ocr_line' id='line_1_12' title="bbox 168 1138 947 1199; baseline 0 -15"><span class='ocrx_word' id='word_1_99' title='bbox 168 1139 260 1198; x_wconf 79' lang='grc' dir='ltr'><em>οῦρανῦν</em></span> <span class='ocrx_word' id='word_1_100' title='bbox 268 1141 303 1183; x_wconf 83' lang='grc' dir='ltr'><em>καὶ</em></span> <span class='ocrx_word' id='word_1_101' title='bbox 313 1138 426 1191; x_wconf 89' lang='grc' dir='ltr'><em>ἀνάπαυσις</em></span> <span class='ocrx_word' id='word_1_102' title='bbox 436 1146 479 1190; x_wconf 88' lang='grc' dir='ltr'><em>τοῖς</em></span> <span class='ocrx_word' id='word_1_103' title='bbox 489 1143 575 1192; x_wconf 88' lang='grc' dir='ltr'><em>δικαίοις</em></span> <span class='ocrx_word' id='word_1_104' title='bbox 584 1142 619 1184; x_wconf 81' lang='grc' dir='ltr'><em>καί</em></span> <span class='ocrx_word' id='word_1_105' title='bbox 627 1144 748 1199; x_wconf 81' lang='grc' dir='ltr'><em>κληρονομία</em></span> <span class='ocrx_word' id='word_1_106' title='bbox 759 1146 835 1185; x_wconf 73' lang='grc' dir='ltr'><em>πιστοῦν</em></span> <span class='ocrx_word' id='word_1_107' title='bbox 844 1142 879 1184; x_wconf 80' lang='grc' dir='ltr'><em>καὶ</em></span> <span class='ocrx_word' id='word_1_108' title='bbox 888 1139 947 1197; x_wconf 76' lang='grc' dir='ltr'><em>χορός</em></span> 
     </span>
     <span class='ocr_line' id='line_1_13' title="bbox 167 1208 948 1267; baseline 0.001 -15"><span class='ocrx_word' id='word_1_109' title='bbox 167 1208 207 1264; x_wconf 83' lang='grc' dir='ltr'><em>μετ’</em></span> <span class='ocrx_word' id='word_1_110' title='bbox 223 1209 311 1266; x_wconf 83' lang='grc' dir='ltr'><em>ἀγγέλων</em></span> <span class='ocrx_word' id='word_1_111' title='bbox 326 1213 366 1251; x_wconf 75' lang='grc' dir='ltr'><em>τοῖν</em></span> <span class='ocrx_word' id='word_1_112' title='bbox 381 1208 518 1265; x_wconf 88' lang='grc' dir='ltr'><em>τετηρηκότων</em></span> <span class='ocrx_word' id='word_1_113' title='bbox 534 1208 571 1265; x_wconf 76' lang='grc' dir='ltr'><em>τήν</em></span> <span class='ocrx_word' id='word_1_114' title='bbox 581 1213 656 1261; x_wconf 88' lang='grc' dir='ltr'><em>πίστιν,</em></span> <span class='ocrx_word' id='word_1_115' title='bbox 678 1211 712 1253; x_wconf 83' lang='grc' dir='ltr'><em>καί</em></span> <span class='ocrx_word' id='word_1_116' title='bbox 725 1209 760 1266; x_wconf 72' lang='grc' dir='ltr'><em>τὴν</em></span> <span class='ocrx_word' id='word_1_117' title='bbox 774 1208 854 1267; x_wconf 87' lang='grc' dir='ltr'><em>άγνείαν</em></span> <span class='ocrx_word' id='word_1_118' title='bbox 866 1209 948 1265; x_wconf 77' lang='grc' dir='ltr'><em>κοίτην</em></span> 
     </span>
     <span class='ocr_line' id='line_1_14' title="bbox 167 1276 947 1335; baseline 0 -14"><span class='ocrx_word' id='word_1_119' title='bbox 167 1281 237 1321; x_wconf 77' lang='grc' dir='ltr'><em>ἐλπίδα</em></span> <span class='ocrx_word' id='word_1_120' title='bbox 248 1279 283 1321; x_wconf 81' lang='grc' dir='ltr'><em>καὶ</em></span> <span class='ocrx_word' id='word_1_121' title='bbox 294 1276 329 1328; x_wconf 85' lang='grc' dir='ltr'><em>τάς</em></span> <span class='ocrx_word' id='word_1_122' title='bbox 339 1282 375 1321; x_wconf 85' lang='grc' dir='ltr'><em>τοῦ</em></span> <span class='ocrx_word' id='word_1_123' title='bbox 386 1280 459 1335; x_wconf 91' lang='grc' dir='ltr'><em>κυρίου</em></span> <span class='ocrx_word' id='word_1_124' title='bbox 471 1277 561 1331; x_wconf 85' lang='grc' dir='ltr'><em>ε’ντολάς,</em></span> <span class='ocrx_word' id='word_1_125' title='bbox 577 1277 659 1332; x_wconf 78' lang='grc' dir='ltr'><em>ἀληθῶς</em></span> <span class='ocrx_word' id='word_1_126' title='bbox 670 1280 721 1332; x_wconf 80' lang='grc' dir='ltr'><em>ἔστι,</em></span> <span class='ocrx_word' id='word_1_127' title='bbox 738 1280 772 1322; x_wconf 86' lang='grc' dir='ltr'><em>καί</em></span> <span class='ocrx_word' id='word_1_128' title='bbox 783 1278 904 1335; x_wconf 80' lang='grc' dir='ltr'><em>κεκήρυκται</em></span> <span class='ocrx_word' id='word_1_129' title='bbox 913 1279 947 1322; x_wconf 85' lang='grc' dir='ltr'><em>καί</em></span> 
     </span>
    </p>

    <p class='ocr_par' dir='ltr' id='par_1_4' title="bbox 81 1342 950 2440">
     <span class='ocr_line' id='line_1_15' title="bbox 81 1342 946 1403; baseline 0.003 -16"><span class='ocrx_word' id='word_1_130' title='bbox 81 1366 117 1396; x_wconf 76' lang='lat' dir='ltr'><em>pag.</em></span> <span class='ocrx_word' id='word_1_131' title='bbox 125 1358 156 1387; x_wconf 76' lang='grc' dir='ltr'><em>ιτα.</em></span> <span class='ocrx_word' id='word_1_132' title='bbox 168 1346 287 1403; x_wconf 75' lang='grc' dir='ltr'><em>ἦσφάλισται</em></span> <span class='ocrx_word' id='word_1_133' title='bbox 299 1347 334 1389; x_wconf 84' lang='grc' dir='ltr'><em>καί</em></span> <span class='ocrx_word' id='word_1_134' title='bbox 348 1346 460 1390; x_wconf 75' lang='grc' dir='ltr'><em>πιστεύεται</em></span> <span class='ocrx_word' id='word_1_135' title='bbox 475 1346 506 1391; x_wconf 79' lang='grc' dir='ltr'><em>ότι</em></span> <span class='ocrx_word' id='word_1_136' title='bbox 520 1342 578 1390; x_wconf 86' lang='grc' dir='ltr'><em>οῦτοι</em></span> <span class='ocrx_word' id='word_1_137' title='bbox 591 1346 736 1402; x_wconf 75' lang='grc' dir='ltr'><em>ἀναστήσονται</em></span> <span class='ocrx_word' id='word_1_138' title='bbox 750 1349 778 1399; x_wconf 84' lang='grc' dir='ltr'><em>είς</em></span> <span class='ocrx_word' id='word_1_139' title='bbox 792 1346 844 1403; x_wconf 70' lang='grc' dir='ltr'><em>ζωὴν</em></span> <span class='ocrx_word' id='word_1_140' title='bbox 858 1346 946 1399; x_wconf 86' lang='grc' dir='ltr'><em>αίοίνιον,</em></span> 
     </span>
     <span class='ocr_line' id='line_1_16' title="bbox 167 1412 947 1473; baseline 0 -14"><span class='ocrx_word' id='word_1_141' title='bbox 167 1418 201 1460; x_wconf 87' lang='grc' dir='ltr'><em>καί</em></span> <span class='ocrx_word' id='word_1_142' title='bbox 213 1412 270 1459; x_wconf 84' lang='grc' dir='ltr'><em>οῦτοι</em></span> <span class='ocrx_word' id='word_1_143' title='bbox 280 1417 308 1465; x_wconf 89' lang='grc' dir='ltr'><em>είς</em></span> <span class='ocrx_word' id='word_1_144' title='bbox 318 1418 383 1472; x_wconf 90' lang='grc' dir='ltr'><em>κρίσιν</em></span> <span class='ocrx_word' id='word_1_145' title='bbox 392 1414 482 1468; x_wconf 84' lang='grc' dir='ltr'><em>αιόίνιον,</em></span> <span class='ocrx_word' id='word_1_146' title='bbox 498 1415 549 1459; x_wconf 80' lang='grc' dir='ltr'><em>κατά</em></span> <span class='ocrx_word' id='word_1_147' title='bbox 560 1416 582 1459; x_wconf 80' lang='grc' dir='ltr'><em>τό</em></span> <span class='ocrx_word' id='word_1_148' title='bbox 593 1418 728 1473; x_wconf 74' lang='grc' dir='ltr'><em>γεγραμμένον</em></span> <span class='ocrx_word' id='word_1_149' title='bbox 736 1418 758 1460; x_wconf 83' lang='grc' dir='ltr'><em>έν</em></span> <span class='ocrx_word' id='word_1_150' title='bbox 768 1422 810 1467; x_wconf 83' lang='grc' dir='ltr'><em>τοῖς</em></span> <span class='ocrx_word' id='word_1_151' title='bbox 821 1415 947 1473; x_wconf 86' lang='grc' dir='ltr'><em>εῦαγγελίοις.</em></span> 
     </span>
     <span class='ocr_line' id='line_1_17' title="bbox 161 1483 947 1542; baseline 0 -14"><span class='ocrx_word' id='word_1_152' title='bbox 161 1485 215 1528; x_wconf 84' lang='grc' dir='ltr'><em>Ὅσα</em></span> <span class='ocrx_word' id='word_1_153' title='bbox 225 1483 264 1542; x_wconf 82' lang='grc' dir='ltr'><em>γάρ</em></span> <span class='ocrx_word' id='word_1_154' title='bbox 273 1485 323 1542; x_wconf 85' lang='grc' dir='ltr'><em>λέγει</em></span> <span class='ocrx_word' id='word_1_155' title='bbox 334 1483 345 1527; x_wconf 86' lang='grc' dir='ltr'><em>ό</em></span> <span class='ocrx_word' id='word_1_156' title='bbox 356 1484 472 1537; x_wconf 88' lang='grc' dir='ltr'><em>ἀπόστολος,</em></span> <span class='ocrx_word' id='word_1_157' title='bbox 488 1486 522 1528; x_wconf 83' lang='grc' dir='ltr'><em>καὶ</em></span> <span class='ocrx_word' id='word_1_158' title='bbox 532 1490 595 1528; x_wconf 78' lang='grc' dir='ltr'><em>πᾶσαι</em></span> <span class='ocrx_word' id='word_1_159' title='bbox 607 1488 630 1514; x_wconf 81' lang='lat'><em>⁸⁶</em></span> <span class='ocrx_word' id='word_1_160' title='bbox 637 1487 660 1527; x_wconf 89' lang='grc' dir='ltr'><em>αί</em></span> <span class='ocrx_word' id='word_1_161' title='bbox 668 1486 751 1542; x_wconf 83' lang='grc' dir='ltr'><em>γραφαὶ,</em></span> <span class='ocrx_word' id='word_1_162' title='bbox 767 1484 834 1540; x_wconf 75' lang='grc' dir='ltr'><em>ἀληθῆ</em></span> <span class='ocrx_word' id='word_1_163' title='bbox 844 1483 947 1541; x_wconf 85' lang='grc' dir='ltr'><em>τυγχάνει·</em></span> 
     </span>
     <span class='ocr_line' id='line_1_18' title="bbox 168 1551 948 1610; baseline 0 -13"><span class='ocrx_word' id='word_1_164' title='bbox 168 1556 230 1598; x_wconf 75' lang='grc' dir='ltr'><em>εἶκαὶ</em></span> <span class='ocrx_word' id='word_1_165' title='bbox 243 1552 299 1610; x_wconf 85' lang='grc' dir='ltr'><em>παρά</em></span> <span class='ocrx_word' id='word_1_166' title='bbox 309 1560 352 1604; x_wconf 86' lang='grc' dir='ltr'><em>τοῖς</em></span> <span class='ocrx_word' id='word_1_167' title='bbox 364 1552 493 1608; x_wconf 83' lang='grc' dir='ltr'><em>άπιστήσασι,</em></span> <span class='ocrx_word' id='word_1_168' title='bbox 514 1555 548 1597; x_wconf 81' lang='grc' dir='ltr'><em>καὶ</em></span> <span class='ocrx_word' id='word_1_169' title='bbox 566 1557 634 1604; x_wconf 82' lang='grc' dir='ltr'><em>κακῶς</em></span> <span class='ocrx_word' id='word_1_170' title='bbox 646 1553 761 1609; x_wconf 87' lang='grc' dir='ltr'><em>νενοηκόσιν</em></span> <span class='ocrx_word' id='word_1_171' title='bbox 775 1554 846 1610; x_wconf 72' lang='grc' dir='ltr'><em>ἑτέρως</em></span> <span class='ocrx_word' id='word_1_172' title='bbox 858 1551 948 1609; x_wconf 76' lang='grc' dir='ltr'><em>ῦπολαμ</em></span> 
     </span>
     <span class='ocr_line' id='line_1_19' title="bbox 169 1620 948 1680; baseline -0.003 -13"><span class='ocrx_word' id='word_1_173' title='bbox 169 1622 256 1679; x_wconf 84' lang='grc' dir='ltr'><em>βάνεται.</em></span> <span class='ocrx_word' id='word_1_174' title='bbox 285 1620 342 1677; x_wconf 84' lang='grc' dir='ltr'><em>Ἡμῖν</em></span> <span class='ocrx_word' id='word_1_175' title='bbox 352 1623 374 1665; x_wconf 81' lang='grc' dir='ltr'><em>δέ</em></span> <span class='ocrx_word' id='word_1_176' title='bbox 385 1623 435 1677; x_wconf 84' lang='grc' dir='ltr'><em>αῦτη</em></span> <span class='ocrx_word' id='word_1_177' title='bbox 445 1621 459 1677; x_wconf 72' lang='grc' dir='ltr'><em>οἱ</em></span> <span class='ocrx_word' id='word_1_178' title='bbox 468 1626 539 1675; x_wconf 88' lang='grc' dir='ltr'><em>πίστις,</em></span> <span class='ocrx_word' id='word_1_179' title='bbox 554 1624 589 1666; x_wconf 83' lang='grc' dir='ltr'><em>καί</em></span> <span class='ocrx_word' id='word_1_180' title='bbox 599 1622 650 1677; x_wconf 88' lang='grc' dir='ltr'><em>αῦτη</em></span> <span class='ocrx_word' id='word_1_181' title='bbox 660 1621 674 1678; x_wconf 77' lang='grc' dir='ltr'><em>ἡ</em></span> <span class='ocrx_word' id='word_1_182' title='bbox 683 1622 737 1678; x_wconf 71' lang='grc' dir='ltr'><em>τιμὴ,</em></span> <span class='ocrx_word' id='word_1_183' title='bbox 752 1624 786 1666; x_wconf 81' lang='grc' dir='ltr'><em>καί</em></span> <span class='ocrx_word' id='word_1_184' title='bbox 798 1622 848 1677; x_wconf 83' lang='grc' dir='ltr'><em>αῦτη</em></span> <span class='ocrx_word' id='word_1_185' title='bbox 859 1621 873 1677; x_wconf 77' lang='grc' dir='ltr'><em>η</em></span> <span class='ocrx_word' id='word_1_186' title='bbox 884 1623 948 1680; x_wconf 84' lang='grc' dir='ltr'><em>μήτηρ</em></span> 
     </span>
     <span class='ocr_line' id='line_1_20' title="bbox 169 1689 948 1748; baseline -0.001 -12"><span class='ocrx_word' id='word_1_187' title='bbox 169 1692 228 1748; x_wconf 74' lang='grc' dir='ltr'><em>ἡμῶν</em></span> <span class='ocrx_word' id='word_1_188' title='bbox 238 1690 253 1747; x_wconf 75' lang='grc' dir='ltr'><strong><em>ἡ</em></strong></span> <span class='ocrx_word' id='word_1_189' title='bbox 262 1693 359 1745; x_wconf 82' lang='grc' dir='ltr'><em>ἐκκλησία,</em></span> <span class='ocrx_word' id='word_1_190' title='bbox 375 1690 409 1735; x_wconf 87' lang='grc' dir='ltr'><em>διά</em></span> <span class='ocrx_word' id='word_1_191' title='bbox 419 1694 502 1741; x_wconf 87' lang='grc' dir='ltr'><em>πίστεως</em></span> <span class='ocrx_word' id='word_1_192' title='bbox 512 1690 615 1745; x_wconf 76' lang='grc' dir='ltr'><em>σώζουσα,</em></span> <span class='ocrx_word' id='word_1_193' title='bbox 634 1693 668 1734; x_wconf 83' lang='grc' dir='ltr'><em>καί</em></span> <span class='ocrx_word' id='word_1_194' title='bbox 678 1689 704 1734; x_wconf 86' lang='grc' dir='ltr'><em>δι’</em></span> <span class='ocrx_word' id='word_1_195' title='bbox 714 1693 794 1742; x_wconf 76' lang='grc' dir='ltr'><em>ἐλπίδος</em></span> <span class='ocrx_word' id='word_1_196' title='bbox 802 1693 948 1748; x_wconf 87' lang='grc' dir='ltr'><em>κρατυνομένη,</em></span> 
     </span>
     <span class='ocr_line' id='line_1_21' title="bbox 168 1758 948 1821; baseline -0.001 -16"><span class='ocrx_word' id='word_1_197' title='bbox 168 1763 203 1805; x_wconf 86' lang='grc' dir='ltr'><em>καὶ</em></span> <span class='ocrx_word' id='word_1_198' title='bbox 214 1760 283 1821; x_wconf 86' lang='grc' dir='ltr'><em>ἀγάπη</em></span> <span class='ocrx_word' id='word_1_199' title='bbox 295 1765 383 1817; x_wconf 79' lang='grc' dir='ltr'><em>Χριστοῦ</em></span> <span class='ocrx_word' id='word_1_200' title='bbox 395 1762 526 1815; x_wconf 79' lang='grc' dir='ltr'><em>τελειουμένη,</em></span> <span class='ocrx_word' id='word_1_201' title='bbox 541 1762 563 1804; x_wconf 81' lang='grc' dir='ltr'><em>έν</em></span> <span class='ocrx_word' id='word_1_202' title='bbox 574 1778 594 1804; x_wconf 89' lang='grc' dir='ltr'><em>τε</em></span> <span class='ocrx_word' id='word_1_203' title='bbox 605 1765 630 1820; x_wconf 74' lang='grc' dir='ltr'><em>τῇ</em></span> <span class='ocrx_word' id='word_1_204' title='bbox 640 1758 745 1820; x_wconf 77' lang='grc' dir='ltr'><em>ὁμολογία,</em></span> <span class='ocrx_word' id='word_1_205' title='bbox 760 1762 782 1804; x_wconf 76' lang='grc' dir='ltr'><em>έν</em></span> <span class='ocrx_word' id='word_1_206' title='bbox 792 1777 812 1803; x_wconf 86' lang='grc' dir='ltr'><em>τε</em></span> <span class='ocrx_word' id='word_1_207' title='bbox 820 1766 862 1811; x_wconf 90' lang='grc' dir='ltr'><em>τοῖς</em></span> <span class='ocrx_word' id='word_1_208' title='bbox 875 1775 948 1817; x_wconf 91' lang='grc' dir='ltr'><em>μυστη-</em></span> 
     </span>
     <span class='ocr_line' id='line_1_22' title="bbox 168 1828 947 1889; baseline -0.001 -14"><span class='ocrx_word' id='word_1_209' title='bbox 168 1834 224 1889; x_wconf 89' lang='grc' dir='ltr'><em>ρίοις,</em></span> <span class='ocrx_word' id='word_1_210' title='bbox 236 1833 257 1874; x_wconf 80' lang='grc' dir='ltr'><em>έν</em></span> <span class='ocrx_word' id='word_1_211' title='bbox 267 1847 288 1873; x_wconf 93' lang='grc' dir='ltr'><em>τε</em></span> <span class='ocrx_word' id='word_1_212' title='bbox 296 1835 322 1889; x_wconf 74' lang='grc' dir='ltr'><em>τῇ</em></span> <span class='ocrx_word' id='word_1_213' title='bbox 329 1834 365 1874; x_wconf 84' lang='grc' dir='ltr'><em>τοῦ</em></span> <span class='ocrx_word' id='word_1_214' title='bbox 374 1834 459 1886; x_wconf 77' lang='grc' dir='ltr'><em>λουτροῦ</em></span> <span class='ocrx_word' id='word_1_215' title='bbox 468 1832 574 1889; x_wconf 78' lang='grc' dir='ltr'><em>καθαρσίῳ</em></span> <span class='ocrx_word' id='word_1_216' title='bbox 583 1829 674 1885; x_wconf 89' lang='grc' dir='ltr'><em>δυνάμει,</em></span> <span class='ocrx_word' id='word_1_217' title='bbox 686 1828 725 1883; x_wconf 83' lang='grc' dir='ltr'><em>ότι,</em></span> <span class='ocrx_word' id='word_1_218' title='bbox 737 1828 867 1881; x_wconf 81' lang='grc' dir='ltr'><em>Ἀπελθόντες</em></span> <span class='ocrx_word' id='word_1_219' title='bbox 877 1832 947 1885; x_wconf 85' lang='grc' dir='ltr'><em>βαπτί-</em></span> 
     </span>
     <span class='ocr_line' id='line_1_23' title="bbox 169 1896 949 1956; baseline -0.001 -13"><span class='ocrx_word' id='word_1_220' title='bbox 169 1915 215 1943; x_wconf 87' lang='grc' dir='ltr'><em>σατε</em></span> <span class='ocrx_word' id='word_1_221' title='bbox 230 1902 258 1949; x_wconf 86' lang='grc' dir='ltr'><em>είς</em></span> <span class='ocrx_word' id='word_1_222' title='bbox 274 1897 339 1954; x_wconf 85' lang='grc' dir='ltr'><em>όνομα</em></span> <span class='ocrx_word' id='word_1_223' title='bbox 357 1898 433 1956; x_wconf 85' lang='grc' dir='ltr'><em>πατρός</em></span> <span class='ocrx_word' id='word_1_224' title='bbox 450 1899 484 1941; x_wconf 82' lang='grc' dir='ltr'><em>καὶ</em></span> <span class='ocrx_word' id='word_1_225' title='bbox 494 1900 542 1942; x_wconf 84' lang='grc' dir='ltr'><em>υἱοῦ</em></span> <span class='ocrx_word' id='word_1_226' title='bbox 552 1900 587 1942; x_wconf 87' lang='grc' dir='ltr'><em>καὶ</em></span> <span class='ocrx_word' id='word_1_227' title='bbox 598 1896 656 1956; x_wconf 83' lang='grc' dir='ltr'><em>ἀγίου</em></span> <span class='ocrx_word' id='word_1_228' title='bbox 669 1898 792 1954; x_wconf 83' lang='grc' dir='ltr'><em>πνεύματος,</em></span> <span class='ocrx_word' id='word_1_229' title='bbox 812 1900 841 1949; x_wconf 82' lang='grc' dir='ltr'><em>εἷς</em></span> <span class='ocrx_word' id='word_1_230' title='bbox 854 1897 949 1954; x_wconf 80' lang='grc' dir='ltr'><em>όνομαδέ</em></span> 
     </span>
     <span class='ocr_line' id='line_1_24' title="bbox 169 1965 949 2024; baseline -0.001 -12"><span class='ocrx_word' id='word_1_231' title='bbox 169 1974 241 2024; x_wconf 77' lang='grc' dir='ltr'><em>θεϊιιῦγς</em></span> <span class='ocrx_word' id='word_1_232' title='bbox 252 1968 344 2024; x_wconf 86' lang='grc' dir='ltr'><em>τριάδος,</em></span> <span class='ocrx_word' id='word_1_233' title='bbox 359 1967 468 2022; x_wconf 73' lang='grc' dir='ltr'><em>ὀνομασίας</em></span> <span class='ocrx_word' id='word_1_234' title='bbox 479 1971 575 2023; x_wconf 89' lang='grc' dir='ltr'><em>μηδεμίαν</em></span> <span class='ocrx_word' id='word_1_235' title='bbox 587 1967 689 2024; x_wconf 85' lang='grc' dir='ltr'><em>διαφοράν</em></span> <span class='ocrx_word' id='word_1_236' title='bbox 700 1968 794 2023; x_wconf 76' lang='grc' dir='ltr'><em>ἐχούσης,</em></span> <span class='ocrx_word' id='word_1_237' title='bbox 809 1965 848 2010; x_wconf 81' lang='grc' dir='ltr'><em>ἀλλ’</em></span> <span class='ocrx_word' id='word_1_238' title='bbox 859 1967 890 2011; x_wconf 81' lang='grc' dir='ltr'><em>δ’τι</em></span> <span class='ocrx_word' id='word_1_239' title='bbox 899 1966 949 2019; x_wconf 81' lang='grc' dir='ltr'><em>θεός</em></span> 
     </span>
     <span class='ocr_line' id='line_1_25' title="bbox 170 2034 948 2096; baseline -0.001 -14"><span class='ocrx_word' id='word_1_240' title='bbox 170 2037 198 2089; x_wconf 87' lang='grc' dir='ltr'><em>εἷς</em></span> <span class='ocrx_word' id='word_1_241' title='bbox 210 2037 260 2094; x_wconf 73' lang='grc' dir='ltr'><em>ημῖν</em></span> <span class='ocrx_word' id='word_1_242' title='bbox 274 2039 295 2081; x_wconf 80' lang='grc' dir='ltr'><em>ἐν</em></span> <span class='ocrx_word' id='word_1_243' title='bbox 309 2036 365 2096; x_wconf 78' lang='grc' dir='ltr'><em>νόμῳ</em></span> <span class='ocrx_word' id='word_1_244' title='bbox 376 2038 410 2080; x_wconf 83' lang='grc' dir='ltr'><em>καί</em></span> <span class='ocrx_word' id='word_1_245' title='bbox 420 2039 442 2081; x_wconf 82' lang='grc' dir='ltr'><em>έν</em></span> <span class='ocrx_word' id='word_1_246' title='bbox 453 2036 567 2092; x_wconf 81' lang='grc' dir='ltr'><em>προφήταις</em></span> <span class='ocrx_word' id='word_1_247' title='bbox 577 2039 611 2081; x_wconf 86' lang='grc' dir='ltr'><em>καὶ</em></span> <span class='ocrx_word' id='word_1_248' title='bbox 623 2038 645 2080; x_wconf 83' lang='grc' dir='ltr'><em>έν</em></span> <span class='ocrx_word' id='word_1_249' title='bbox 656 2037 775 2094; x_wconf 81' lang='grc' dir='ltr'><em>εὐαγγελίοις</em></span> <span class='ocrx_word' id='word_1_250' title='bbox 785 2037 820 2080; x_wconf 84' lang='grc' dir='ltr'><em>καὶ</em></span> <span class='ocrx_word' id='word_1_251' title='bbox 831 2038 853 2080; x_wconf 76' lang='grc' dir='ltr'><em>ἓν</em></span> <span class='ocrx_word' id='word_1_252' title='bbox 863 2034 948 2081; x_wconf 88' lang='grc' dir='ltr'><em>ἀποστό-</em></span> 
     </span>
     <span class='ocr_line' id='line_1_26' title="bbox 169 2104 949 2166; baseline 0 -16"><span class='ocrx_word' id='word_1_253' title='bbox 169 2113 210 2158; x_wconf 91' lang='grc' dir='ltr'><em>λοις</em></span> <span class='ocrx_word' id='word_1_254' title='bbox 220 2109 241 2151; x_wconf 83' lang='grc' dir='ltr'><em>ἒν</em></span> <span class='ocrx_word' id='word_1_255' title='bbox 257 2111 332 2165; x_wconf 71' lang='grc' dir='ltr'><em>παλαιᾷ</em></span> <span class='ocrx_word' id='word_1_256' title='bbox 347 2107 382 2150; x_wconf 81' lang='grc' dir='ltr'><em>καί</em></span> <span class='ocrx_word' id='word_1_257' title='bbox 393 2110 452 2165; x_wconf 74' lang='grc' dir='ltr'><em>καινῇ</em></span> <span class='ocrx_word' id='word_1_258' title='bbox 464 2106 555 2166; x_wconf 78' lang='grc' dir='ltr'><em>διαθήκη</em></span> <span class='ocrx_word' id='word_1_259' title='bbox 567 2105 697 2164; x_wconf 72' lang='grc' dir='ltr'><em>κεκήρυκται,</em></span> <span class='ocrx_word' id='word_1_260' title='bbox 716 2107 751 2149; x_wconf 85' lang='grc' dir='ltr'><em>καὶ</em></span> <span class='ocrx_word' id='word_1_261' title='bbox 763 2104 900 2163; x_wconf 78' lang='grc' dir='ltr'><em>αατήγγελται,</em></span> <span class='ocrx_word' id='word_1_262' title='bbox 914 2107 949 2150; x_wconf 81' lang='grc' dir='ltr'><em>καί</em></span> 
     </span>
     <span class='ocr_line' id='line_1_27' title="bbox 169 2174 949 2233; baseline -0.001 -13"><span class='ocrx_word' id='word_1_263' title='bbox 169 2180 306 2229; x_wconf 88' lang='grc' dir='ltr'><em>πεπίστευται,</em></span> <span class='ocrx_word' id='word_1_264' title='bbox 321 2174 398 2233; x_wconf 73' lang='grc' dir='ltr'><em>πατὴρ,</em></span> <span class='ocrx_word' id='word_1_265' title='bbox 412 2176 447 2219; x_wconf 84' lang='grc' dir='ltr'><em>καὶ</em></span> <span class='ocrx_word' id='word_1_266' title='bbox 458 2174 513 2228; x_wconf 83' lang='grc' dir='ltr'><em>υἱός,</em></span> <span class='ocrx_word' id='word_1_267' title='bbox 528 2176 563 2218; x_wconf 83' lang='grc' dir='ltr'><em>καὶ</em></span> <span class='ocrx_word' id='word_1_268' title='bbox 574 2174 634 2233; x_wconf 80' lang='grc' dir='ltr'><em>ἀγιον</em></span> <span class='ocrx_word' id='word_1_269' title='bbox 644 2180 732 2230; x_wconf 85' lang='grc' dir='ltr'><em>πνεῦμα,</em></span> <span class='ocrx_word' id='word_1_270' title='bbox 747 2174 795 2230; x_wconf 75' lang='grc' dir='ltr'><em>μήτε</em></span> <span class='ocrx_word' id='word_1_271' title='bbox 808 2174 949 2230; x_wconf 75' lang='grc' dir='ltr'><em>87συναλοιφή</em></span> 
     </span>
     <span class='ocr_line' id='line_1_28' title="bbox 170 2241 950 2301; baseline -0.001 -12"><span class='ocrx_word' id='word_1_272' title='bbox 170 2263 200 2296; x_wconf 89' lang='grc' dir='ltr'><em>τις</em></span> <span class='ocrx_word' id='word_1_273' title='bbox 212 2241 262 2289; x_wconf 83' lang='grc' dir='ltr'><em>οῦσα</em></span> <span class='ocrx_word' id='word_1_274' title='bbox 274 2243 288 2299; x_wconf 76' lang='grc' dir='ltr'><em>ἡ</em></span> <span class='ocrx_word' id='word_1_275' title='bbox 298 2244 384 2299; x_wconf 81' lang='grc' dir='ltr'><em>θεότης,</em></span> <span class='ocrx_word' id='word_1_276' title='bbox 400 2242 449 2287; x_wconf 83' lang='grc' dir='ltr'><em>ἀλλά</em></span> <span class='ocrx_word' id='word_1_277' title='bbox 459 2242 516 2301; x_wconf 89' lang='grc' dir='ltr'><em>τριάς</em></span> <span class='ocrx_word' id='word_1_278' title='bbox 526 2242 589 2295; x_wconf 83' lang='grc' dir='ltr'><em>όντυς</em></span> <span class='ocrx_word' id='word_1_279' title='bbox 598 2246 670 2298; x_wconf 89' lang='grc' dir='ltr'><em>τελεία,</em></span> <span class='ocrx_word' id='word_1_280' title='bbox 684 2245 757 2294; x_wconf 87' lang='grc' dir='ltr'><em>τέλειος</em></span> <span class='ocrx_word' id='word_1_281' title='bbox 767 2241 778 2287; x_wconf 85' lang='grc' dir='ltr'><em>ό</em></span> <span class='ocrx_word' id='word_1_282' title='bbox 789 2241 863 2300; x_wconf 72' lang='grc' dir='ltr'><em>πατὴρ,</em></span> <span class='ocrx_word' id='word_1_283' title='bbox 878 2244 950 2295; x_wconf 86' lang='grc' dir='ltr'><em>τέλειος</em></span> 
     </span>
     <span class='ocr_line' id='line_1_29' title="bbox 133 2306 949 2371; baseline -0.002 -13"><span class='ocrx_word' id='word_1_284' title='bbox 133 2318 135 2320; x_wconf 71' lang='grc'><strong>’</strong></span> <span class='ocrx_word' id='word_1_285' title='bbox 171 2312 248 2367; x_wconf 85' lang='grc' dir='ltr'><em>όυίός,</em></span> <span class='ocrx_word' id='word_1_286' title='bbox 263 2314 335 2356; x_wconf 87' lang='grc' dir='ltr'><em>τέλειον</em></span> <span class='ocrx_word' id='word_1_287' title='bbox 348 2312 370 2356; x_wconf 85' lang='grc' dir='ltr'><em>τό</em></span> <span class='ocrx_word' id='word_1_288' title='bbox 381 2318 460 2367; x_wconf 90' lang='grc' dir='ltr'><em>πνεῦμα</em></span> <span class='ocrx_word' id='word_1_289' title='bbox 472 2312 495 2357; x_wconf 85' lang='grc' dir='ltr'><em>τῦ</em></span> <span class='ocrx_word' id='word_1_290' title='bbox 505 2312 572 2369; x_wconf 81' lang='grc' dir='ltr'><em>άγιον,</em></span> <span class='ocrx_word' id='word_1_291' title='bbox 588 2316 623 2369; x_wconf 89' lang='grc' dir='ltr'><em>μία</em></span> <span class='ocrx_word' id='word_1_292' title='bbox 633 2312 718 2367; x_wconf 74' lang='grc' dir='ltr'><em>θεότης,</em></span> <span class='ocrx_word' id='word_1_293' title='bbox 733 2310 762 2363; x_wconf 85' lang='grc' dir='ltr'><em>εἷς</em></span> <span class='ocrx_word' id='word_1_294' title='bbox 771 2311 827 2365; x_wconf 86' lang='grc' dir='ltr'><em>θεός,</em></span> <span class='ocrx_word' id='word_1_295' title='bbox 843 2306 860 2371; x_wconf 72' lang='grc' dir='ltr'><em>ᾧ</em></span> <span class='ocrx_word' id='word_1_296' title='bbox 870 2310 884 2367; x_wconf 72' lang='grc' dir='ltr'><em>ἡ</em></span> <span class='ocrx_word' id='word_1_297' title='bbox 894 2311 949 2366; x_wconf 78' lang='grc' dir='ltr'><em>δόξα,</em></span> 
     </span>
     <span class='ocr_line' id='line_1_30' title="bbox 170 2380 935 2440; baseline -0.003 -14"><span class='ocrx_word' id='word_1_298' title='bbox 170 2382 225 2439; x_wconf 73' lang='grc' dir='ltr'><em>τιμὴ,</em></span> <span class='ocrx_word' id='word_1_299' title='bbox 243 2381 347 2440; x_wconf 78' lang='grc' dir='ltr'><em>88κράτος</em></span> <span class='ocrx_word' id='word_1_300' title='bbox 357 2388 393 2425; x_wconf 92' lang='grc' dir='ltr'><em>νῦν</em></span> <span class='ocrx_word' id='word_1_301' title='bbox 403 2383 438 2426; x_wconf 82' lang='grc' dir='ltr'><em>καὶ</em></span> <span class='ocrx_word' id='word_1_302' title='bbox 448 2380 478 2425; x_wconf 83' lang='grc' dir='ltr'><em>ἀεὶ</em></span> <span class='ocrx_word' id='word_1_303' title='bbox 488 2383 522 2425; x_wconf 82' lang='grc' dir='ltr'><em>καί</em></span> <span class='ocrx_word' id='word_1_304' title='bbox 533 2383 561 2431; x_wconf 87' lang='grc' dir='ltr'><em>εἶς</em></span> <span class='ocrx_word' id='word_1_305' title='bbox 571 2381 619 2432; x_wconf 88' lang='grc' dir='ltr'><em>τούς</em></span> <span class='ocrx_word' id='word_1_306' title='bbox 630 2383 705 2432; x_wconf 83' lang='grc' dir='ltr'><em>αίῦνας</em></span> <span class='ocrx_word' id='word_1_307' title='bbox 715 2386 755 2425; x_wconf 85' lang='grc' dir='ltr'><em>τῦν</em></span> <span class='ocrx_word' id='word_1_308' title='bbox 766 2380 855 2436; x_wconf 77' lang='grc' dir='ltr'><em>αίαίνοον,</em></span> <span class='ocrx_word' id='word_1_309' title='bbox 868 2380 935 2438; x_wconf 76' lang='grc' dir='ltr'><em>Ἀμήν.</em></span> 
     </span>
    </p>
   </div>
   <div class='ocr_carea' id='block_1_4' title="bbox 169 2494 949 2729">
    <p class='ocr_par' dir='ltr' id='par_1_5' title="bbox 193 2494 785 2544">
     <span class='ocr_line' id='line_1_31' title="bbox 193 2494 785 2544; baseline -0.005 -9"><span class='ocrx_word' id='word_1_310' title='bbox 193 2500 220 2535; x_wconf 80' lang='lat'><em>80.</em></span> <span class='ocrx_word' id='word_1_311' title='bbox 232 2499 295 2543; x_wconf 74' lang='grc' dir='ltr'><em>νεκρῶν</em></span> <span class='ocrx_word' id='word_1_312' title='bbox 307 2500 337 2534; x_wconf 84' lang='grc' dir='ltr'><em>τοῦ</em></span> <span class='ocrx_word' id='word_1_313' title='bbox 349 2499 407 2544; x_wconf 84' lang='grc' dir='ltr'><em>κυρίου</em></span> <span class='ocrx_word' id='word_1_314' title='bbox 422 2495 473 2543; x_wconf 67' lang='grc' dir='ltr'><em>ἡμῶν</em></span> <span class='ocrx_word' id='word_1_315' title='bbox 488 2495 548 2542; x_wconf 84' lang='grc' dir='ltr'><em>Ἰησοῦ</em></span> <span class='ocrx_word' id='word_1_316' title='bbox 571 2501 589 2532; x_wconf 81' lang='lat' dir='ltr'><em>F.</em></span> <span class='ocrx_word' id='word_1_317' title='bbox 600 2502 623 2533; x_wconf 80' lang='lat' dir='ltr'><em>est</em></span> <span class='ocrx_word' id='word_1_318' title='bbox 633 2496 647 2542; x_wconf 65' lang='grc' dir='ltr'><em>η’</em></span> <span class='ocrx_word' id='word_1_319' title='bbox 659 2494 716 2542; x_wconf 76' lang='grc' dir='ltr'><em>μήτηρ</em></span> <span class='ocrx_word' id='word_1_320' title='bbox 728 2495 785 2543; x_wconf 68' lang='grc' dir='ltr'><em>ἡμῶν.</em></span> 
     </span>
    </p>

    <p class='ocr_par' dir='ltr' id='par_1_6' title="bbox 170 2543 949 2635">
     <span class='ocr_line' id='line_1_32' title="bbox 170 2543 949 2591; baseline -0.003 -10"><span class='ocrx_word' id='word_1_321' title='bbox 170 2545 245 2591; x_wconf 76' lang='grc' dir='ltr'><em>Χριστοῦ</em></span> <span class='ocrx_word' id='word_1_322' title='bbox 257 2548 293 2579; x_wconf 76' lang='lat' dir='ltr'><strong><em>edit.</em></strong></span> <span class='ocrx_word' id='word_1_323' title='bbox 306 2548 361 2580; x_wconf 77' lang='grc' dir='ltr'><em>Ραλυν.</em></span> <span class='ocrx_word' id='word_1_324' title='bbox 593 2543 622 2579; x_wconf 76' lang='grc'><em>83.</em></span> <span class='ocrx_word' id='word_1_325' title='bbox 633 2543 664 2579; x_wconf 81' lang='grc' dir='ltr'><em>καὶ</em></span> <span class='ocrx_word' id='word_1_326' title='bbox 679 2547 732 2578; x_wconf 74' lang='lat' dir='ltr'><strong><em>omiss.</em></strong></span> <span class='ocrx_word' id='word_1_327' title='bbox 748 2547 765 2578; x_wconf 77' lang='lat' dir='ltr'><em>in</em></span> <span class='ocrx_word' id='word_1_328' title='bbox 780 2545 816 2578; x_wconf 78' lang='lat' dir='ltr'><strong><em>edit.</em></strong></span> <span class='ocrx_word' id='word_1_329' title='bbox 828 2546 883 2588; x_wconf 71' lang='grc' dir='ltr'><em>Ρηίαν.</em></span> <span class='ocrx_word' id='word_1_330' title='bbox 896 2547 949 2579; x_wconf 78' lang='grc' dir='ltr'><em>θοίνα.</em></span> 
     </span>
     <span class='ocr_line' id='line_1_33' title="bbox 193 2587 617 2635; baseline -0.007 -9"><span class='ocrx_word' id='word_1_331' title='bbox 193 2594 221 2626; x_wconf 79' lang='grc'><em>81.</em></span> <span class='ocrx_word' id='word_1_332' title='bbox 232 2592 290 2627; x_wconf 82' lang='grc' dir='ltr'><em>τοῦτον</em></span> <span class='ocrx_word' id='word_1_333' title='bbox 303 2587 391 2635; x_wconf 61' lang='grc' dir='ltr'><em>ἀνδροπον</em></span> <span class='ocrx_word' id='word_1_334' title='bbox 403 2589 446 2635; x_wconf 76' lang='grc' dir='ltr'><em>ὁμοῦ</em></span> <span class='ocrx_word' id='word_1_335' title='bbox 463 2591 508 2624; x_wconf 81' lang='grc' dir='ltr'><em>λανδ</em></span> <span class='ocrx_word' id='word_1_336' title='bbox 517 2592 548 2623; x_wconf 77' lang='lat' dir='ltr'><em>im·</em></span> <span class='ocrx_word' id='word_1_337' title='bbox 569 2593 617 2632; x_wconf 74' lang='grc' dir='ltr'><em>τηνεί.</em></span> 
     </span>
    </p>

    <p class='ocr_par' dir='ltr' id='par_1_7' title="bbox 169 2633 949 2729">
     <span class='ocr_line' id='line_1_34' title="bbox 169 2633 949 2682; baseline -0.003 -10"><span class='ocrx_word' id='word_1_338' title='bbox 169 2641 271 2682; x_wconf 79' lang='lat' dir='ltr'><em>probabiliter</em></span> <span class='ocrx_word' id='word_1_339' title='bbox 282 2640 371 2679; x_wconf 77' lang='lat' dir='ltr'><em>suspicatus</em></span> <span class='ocrx_word' id='word_1_340' title='bbox 381 2642 404 2671; x_wconf 79' lang='lat' dir='ltr'><em>est</em></span> <span class='ocrx_word' id='word_1_341' title='bbox 415 2638 497 2672; x_wconf 77' lang='grc' dir='ltr'><em>Ριιανῐαε.</em></span> <span class='ocrx_word' id='word_1_342' title='bbox 593 2633 621 2670; x_wconf 71' lang='lat'><em>84.</em></span> <span class='ocrx_word' id='word_1_343' title='bbox 637 2635 749 2680; x_wconf 81' lang='grc' dir='ltr'><em>προτέτακται</em></span> <span class='ocrx_word' id='word_1_344' title='bbox 763 2636 818 2670; x_wconf 74' lang='grc' dir='ltr'><em>τοῦδ-</em></span> <span class='ocrx_word' id='word_1_345' title='bbox 827 2646 866 2670; x_wconf 79' lang='lat' dir='ltr'><em>mss.</em></span> <span class='ocrx_word' id='word_1_346' title='bbox 882 2640 897 2671; x_wconf 78' lang='grc' dir='ltr'><em>τί</em></span> <span class='ocrx_word' id='word_1_347' title='bbox 912 2638 949 2671; x_wconf 71' lang='lat' dir='ltr'><strong><em>edit.</em></strong></span> 
     </span>
     <span class='ocr_line' id='line_1_35' title="bbox 193 2680 622 2729; baseline -0.012 -10"><span class='ocrx_word' id='word_1_348' title='bbox 193 2681 246 2729; x_wconf 64' lang='lat'><em>8225</em></span> <span class='ocrx_word' id='word_1_349' title='bbox 262 2680 312 2727; x_wconf 67' lang='grc' dir='ltr'><em>ἡμῶν</em></span> <span class='ocrx_word' id='word_1_350' title='bbox 326 2685 363 2717; x_wconf 80' lang='lat' dir='ltr'><em>edit.</em></span> <span class='ocrx_word' id='word_1_351' title='bbox 375 2685 430 2718; x_wconf 84' lang='grc' dir='ltr'><em>Ριίου.</em></span> <span class='ocrx_word' id='word_1_352' title='bbox 457 2684 476 2715; x_wconf 85' lang='grc' dir='ltr'><em>λιι</em></span> <span class='ocrx_word' id='word_1_353' title='bbox 490 2683 549 2723; x_wconf 72' lang='grc' dir='ltr'><em>Ευμοε.</em></span> <span class='ocrx_word' id='word_1_354' title='bbox 571 2685 622 2724; x_wconf 74' lang='grc' dir='ltr'><em>μήτε.</em></span> 
     </span>
    </p>
   </div>
   <div class='ocr_carea' id='block_1_5' title="bbox 0 0 1005 3392">
    <p class='ocr_par' dir='ltr' id='par_1_8' title="bbox 0 0 1005 3392">
     <span class='ocr_line' id='line_1_36' title="bbox 0 0 1005 3392; baseline 0 0"><span class='ocrx_word' id='word_1_355' title='bbox 0 0 1005 3392; x_wconf 95' lang='lat' dir='ltr'><em> </em></span> 
     </span>
    </p>
   </div>
  </div>
 </body>
</html>
