1988 3392
204 225 296 259 raanan
308 226 351 259 nin.
362 226 392 260 ui.
407 226 462 261 rou.
474 228 494 260 u.
512 226 590 260 uxros.
603 225 647 260 ein.
660 225 757 259 caunos.
832 215 874 257 527

87 310 166 359 lacere,
182 306 202 348 in
214 303 296 349 Christo
309 304 355 349 lesu
365 306 443 349 domino
457 315 537 360 nostro,
560 320 679 364 perquem,
701 313 722 347 et
733 320 817 363 quocum
830 305 873 361 glo-

87 378 117 420 ria
132 376 194 432 patri,
211 391 255 418 cum
271 375 342 432 spiritu
357 383 427 417 sancto
443 376 569 428 insaecula,
586 377 661 418 Amen.

145 443 247 487 Hactenus
268 444 328 500 igitur
343 460 439 500 quaenam
457 452 512 488 esset
530 447 588 488 unius
607 452 627 488 et
645 443 756 488 catholicae
775 445 873 487 ecclesiae
904 456 945 500 Gap.

87 517 147 566 fiaes,
169 515 276 571 simplicis,
299 514 392 571 iuquam,
408 514 460 556 illius
472 523 492 556 et
503 515 615 558 innocentis
629 515 741 568 columbae,
757 529 805 568 quae
816 517 873 555 unica
901 502 946 536 ΚΧ

87 592 115 626 est
126 587 167 624 viro
178 599 224 633 sac,
241 585 269 626 uti
281 584 376 640 Scriptum
390 591 433 635 est,
457 587 497 624 Una
508 593 538 624 est
546 586 632 625 columbo
642 599 694 635 mea,·
714 592 754 626 nec
765 598 805 625 non
817 590 837 625 et
849 584 873 624 de

85 652 168 696 infinitis
185 653 351 704 adolescentulis,
373 666 455 708 quarum
473 653 518 695 iniri
530 667 624 695 numerus
637 668 677 695 non
691 659 770 710 potest,
791 666 829 708 qua
838 666 873 708 po-

87 722 159 765 tuimus
168 721 266 764 brevitate
277 722 428 778 disputavimus,
450 721 580 778 inprimisque
590 722 614 764 de
625 723 694 764 eadem
704 722 765 780 patris
775 728 796 763 et
805 720 840 763 lilii
850 735 873 762 ac

87 790 168 848 spiritns
184 791 248 833 sancti
264 789 386 841 substantia,
415 791 478 845 deque
495 792 582 847 perlecta
599 788 674 833 Christi
690 790 764 833 domini
780 791 873 832 incarna-

87 862 141 903 tione
156 873 180 901 ac
196 859 278 916 reliquis
299 858 343 900 hdei
361 858 465 914 capitibus.
496 858 557 901 Nunc
575 860 599 901 de
611 860 699 901 eiusdem
716 859 814 902 ecclesiae
826 873 873 900 san-

86 927 185 972 ctionibus
205 942 228 969 ao
250 927 327 984 legibus
349 941 412 983 panca
435 927 481 968 mihi
501 941 585 970 necesse
599 934 642 980 est,
671 929 734 984 deque
757 928 870 971 earumdem

87 1000 150 1040 torma
163 997 229 1053 aliqua
240 998 311 1039 saltem
322 1011 350 1038 ex
366 1004 422 1051 parte
438 995 542 1053 persequi,
563 1010 699 1052 quaecumque
716 996 807 1039 nimirum
827 1011 872 1054 pro-

87 1066 129 1124 prie
140 1065 187 1108 olim
204 1066 224 1108 in
240 1066 282 1123 ipsa
295 1071 376 1107 servata
392 1071 450 1116 sunt,
471 1072 492 1107 et
507 1065 604 1121 hodieque
621 1072 741 1118 servantur,
762 1067 831 1121 partim
845 1080 872 1107 ex

87 1142 205 1193 praecepto,
226 1134 297 1191 partim
316 1147 343 1175 ex
362 1133 477 1176 inductione
494 1134 566 1187 aniani,
593 1134 631 1176 deo
647 1149 674 1176 ex
691 1133 807 1191 discipliuae
824 1148 872 1175 suae

87 1203 160 1247 virtute
180 1204 264 1245 fructum
285 1203 382 1258 quendam
400 1202 560 1260 voluptatemque
579 1203 677 1259 capiente.
713 1201 873 1245 Fundamentum

86 1272 158 1329 igitur,
180 1286 203 1314 ac
216 1273 271 1314 velut
283 1271 364 1328 crepido
380 1272 475 1327 quaedam
488 1273 507 1314 in
519 1271 606 1314 ecclesia
619 1272 724 1328 virginitas
735 1278 778 1324 est,
800 1285 873 1328 quaea

87 1341 186 1398 plerisque
199 1340 271 1382 colitur
282 1347 303 1382 et
315 1341 445 1391 observatur,
462 1348 482 1382 et
494 1342 514 1382 iu
526 1340 598 1383 illustri
610 1343 694 1397 quadam
704 1341 768 1396 gloria
780 1355 803 1382 ac
815 1354 874 1397 prae-

87 1408 186 1452 dicatione
200 1416 301 1451 versatur.
340 1407 481 1464 Virginitatem
499 1409 588 1452 solitaria
604 1409 646 1452 vita
664 1411 755 1466 proxime
773 1409 872 1466 sequitur,

88 1492 145 1535 quam
161 1479 181 1520 in
198 1477 299 1534 plerisque
317 1491 380 1520 sexus
398 1477 499 1533 utriusque
514 1477 616 1520 monachis
629 1478 727 1521 videmus.
759 1476 873 1520 Secundum

87 1548 137 1590 hanc
150 1545 274 1589 continentia
286 1546 310 1587 ad
321 1546 373 1588 idem
386 1546 464 1603 pietatis
477 1547 596 1589 curriculum
608 1548 690 1589 fundata
699 1555 731 1589 est
743 1560 766 1589 ac
777 1547 871 1589 stabilita.

86 1614 165 1659 Deinde
177 1616 264 1658 viduitas
272 1630 317 1657 cum
328 1614 417 1671 diligenti
428 1622 543 1671 attenteque
553 1615 646 1658 cautione
657 1623 678 1658 et
689 1623 743 1658 casta
753 1616 873 1671 'sinceraque

87 1686 139 1727 vitae
150 1685 229 1727 ratione
241 1684 356 1734 coniuncta.
387 1682 437 1726 Post-
453 1685 527 1739 gradus
543 1684 588 1727 illos
600 1691 621 1726 et
632 1685 713 1727 ordines
725 1699 783 1727 suum
795 1698 874 1740 quoque

86 1754 150 1796 locum
162 1754 252 1796 obtinent
263 1754 360 1795 honestae
372 1752 463 1808 nuptiae,
480 1766 531 1808 quae
543 1754 646 1809 magnoin
658 1754 733 1795 honore
745 1760 800 1805 sunt,
816 1767 874 1810 prae·

87 1823 156 1865 sertim
168 1822 280 1877 singulares
294 1836 318 1863 ac
329 1820 409 1863 minime
421 1822 531 1876 repetitae,
552 1836 603 1878 quae
614 1830 765 1878 praeceptorum
778 1822 875 1864 observa-

87 1891 136 1934 tioni
149 1892 238 1934 student.
270 1888 358 1945 Quodsi
371 1890 415 1945 quis
426 1897 504 1931 mortua
515 1904 592 1942 uxore,
613 1891 646 1933 vel
656 1891 727 1933 mulier
737 1897 816 1932 mortuo
828 1890 873 1931 viro

87 1959 107 2002 id
119 1960 217 2012 voluerit,
234 1960 318 2002 alterum
330 1960 394 2011 virum
406 1972 524 2010 uxoremve,
541 1960 638 2002 duntaxat
647 1968 691 2016 post
703 1960 818 2002 alterutrius
831 1959 873 2001 ohi-

88 2035 140 2082 tum,
161 2029 199 2071 sihi
216 2029 328 2070 adsciscere
346 2027 400 2069 licet.
432 2026 508 2069 Horum
525 2029 612 2070 omnium
624 2029 679 2070 velut
692 2029 805 2085 fastigium,
822 2035 842 2069 et
853 2035 874 2069 ut

86 2096 114 2139 ita
125 2097 202 2150 dicam,
223 2097 292 2139 matris
304 2111 327 2138 ac
337 2096 440 2152 genitricis
451 2095 516 2138 locum
527 2104 618 2138 sanctum
636 2096 674 2138 sibi
684 2097 818 2138 sacerdotium
830 2097 874 2138 vrin-

88 2166 152 2220 dicat,
175 2166 227 2222 qnod
242 2180 270 2208 ex
282 2165 381 2221 virgiuum
396 2164 466 2206 ordine
478 2165 583 2221 praecipue
596 2172 687 2217 constat,
707 2173 743 2207 aut
753 2166 770 2206 si
784 2166 873 2207 minuse

88 2234 199 2290 virginibus
216 2241 270 2276 certe
287 2248 314 2275 ex
329 2233 443 2285 monachis,
466 2240 501 2275 aut
512 2234 550 2275 nisi
564 2248 591 2276 ex
607 2233 749 2276 monachornm
763 2234 833 2275 ordine
848 2234 872 2275 ad

87 2302 141 2345 illam
159 2303 280 2345 functionem
298 2302 409 2344 obeundam
427 2302 493 2343 idonei
508 2303 598 2359 cooptari
614 2304 701 2359 possint,
723 2317 750 2345 ex
764 2302 795 2343 his
808 2303 874 2345 creari

89 2372 204 2421 sacerdotes
216 2372 293 2423 solent,
315 2372 349 2427 qui
362 2385 374 2413 a
385 2371 427 2414 suis
440 2384 462 2412 se
475 2370 573 2414 uxoribus
586 2371 701 2423 continent,
718 2378 752 2414 aut
764 2371 873 2414 secundum

89 2454 138 2483 unas
155 2439 233 2498 nuptias
243 2441 264 2481 in
277 2440 372 2482 viduitate
382 2446 496 2482 versantur.
529 2437 628 2482 Secundis
643 2455 692 2483 vero
705 2440 778 2498 nuptiis
790 2432 883 2498 implici?

61 2552 62 2555 Ἴ
89 2515 121 2550 tus
131 2509 152 2551 in
164 2508 250 2551 ecelesia
267 2509 291 2549 ad
307 2509 440 2551 sacerdotium
458 2523 497 2550 non
512 2509 633 2560 admittitur,
654 2510 733 2551 tametsi
744 2517 778 2550 aut
791 2524 837 2551 sese
849 2510 873 2551 ah

89 2591 154 2619 uxore
166 2577 278 2627 contineat,
302 2585 336 2619 aut
352 2577 378 2618 sit
390 2579 472 2630 vidnus3
496 2576 604 2629 eiusmodi,
626 2578 717 2634 inquam,
739 2577 764 2619 ah
776 2578 872 2635 episcopi,

89 2646 213 2702 presbyteri,
236 2646 314 2687 diaconi
330 2653 350 2687 et
364 2646 479 2688 subdiaconi
495 2646 558 2701 gradu
577 2645 674 2687 reiicitur.
707 2644 820 2688 Secundum
836 2646 873 2688 hos

89 2714 162 2768 gradus
176 2715 273 2756 lectorum
290 2714 339 2755 ordo
352 2726 377 2755 ex
392 2713 483 2755 omnihus
496 2713 598 2755 ordinibus
611 2713 657 2769 eligi
670 2721 748 2770 potest,
770 2715 808 2756 hoc
819 2722 850 2756 est
862 2729 873 2755 c

90 2781 211 2837 virginibus,
229 2782 343 2833 monachis,
364 2781 524 2833 continentibus,
546 2781 611 2823 viduis
623 2789 642 2823 et
652 2783 678 2824 iis
688 2783 720 2838 qui
732 2783 821 2824 honestis
832 2797 873 2824 ma-

91 2849 188 2894 trimoniis
199 2851 308 2907 illigantur.
339 2848 390 2901 lmo,
408 2850 426 2892 si
436 2850 546 2892 necessitas
557 2850 632 2902 tulerit,
648 2865 675 2892 ex
686 2851 726 2893 illis
737 2851 797 2893 etiam
809 2850 873 2892 adsci-

90 2925 172 2960 scuntur
188 2920 221 2975 qui
236 2926 281 2975 post
296 2917 368 2974 prioris
386 2918 457 2960 uxoris
473 2919 547 2960 obitum
561 2933 605 2959 cnm
618 2919 680 2961 altera
694 2933 740 2960 sese
753 2918 871 2973 copularint.

91 2982 169 3042 Quippe
184 2988 248 3029 lector
267 3001 306 3028 non
324 2985 421 3028 sacerdos
436 2993 478 3038 est,
501 2986 535 3029 sed
548 2994 640 3041 tauquam
656 2985 717 3029 divini
727 2986 783 3028 verbi
797 2985 871 3028 scriba.

90 3051 119 3094 At
130 3055 254 3098 diaconissae
264 3055 287 3097 ad
300 3054 352 3097 hniic
361 3068 421 3095 unuin
432 3069 489 3097 nsum
502 3054 632 3107 adhibentur,
649 3062 670 3097 ut
682 3054 785 3096 mulierum
795 3055 873 3097 decoris
