1988 3392
272 248 331 284 Τονιι
341 248 427 283 monis
439 249 495 285 PARS
507 247 639 283 νοενππιοιι.
801 240 843 282 629

57 328 145 380 τῴκησεν,
164 326 195 366 ότε
205 327 218 376 ἡ
227 330 285 367 τελεία
294 330 356 376 κλῆσις
365 331 398 367 τῶν
409 329 448 376 περὶ
459 330 525 377 Πέτρον
537 326 654 373 καλἸωάννην
664 329 765 375 γεγένηται,
783 325 844 366 ἐλὶλόν-

57 401 85 430 τος
97 386 150 424 αύτσῡ
162 386 209 433 παρὰ
220 386 252 436 την
264 388 324 435 λίμνην
336 388 443 434 Γενησαρέδ.
467 389 504 425 Καὶ
515 385 571 430 ούτως
582 387 595 435 ἡ
607 387 655 423 πάσα
667 389 703 422 κτλ.
753 394 756 396 ’

101 447 156 493 Pag.
163 446 201 484 8⁰.
223 447 234 480 l.
244 446 258 481 1.
271 443 315 483 άλλά
325 443 384 491 πάσης
394 448 427 490 τῆς
436 448 470 483 τῶν
482 445 585 492 εὐαγγελίων
596 445 715 491 πραγματείας
724 444 843 491 τηλαυγεστά-

56 516 87 550 της
96 499 152 547 ούοης
162 502 192 539 καὶ
205 502 222 539 ἐν
234 501 308 550 α’ληδείᾳ
318 503 453 550 κεκηρυγμένης.
477 505 501 540 Τί
512 497 540 540 ούν
556 504 604 547 ἔδοξε
621 500 687 542 τούτοις
702 500 731 537 τόν
746 504 788 538 ’ίδιον
803 503 841 539 νοῦν

56 559 157 605 άπατησασι
167 560 197 597 καί
208 559 240 606 τὴν
250 562 315 607 αἵρεσιν
325 559 390 607 ταύτην
400 561 428 607 τῷ
440 561 473 607 βίῳ
485 561 584 606 ἐξεμέσασιν
595 558 663 597 άὲετεῐν
673 558 693 595 τό
705 557 749 594 κατά
759 557 841 605 Ἰωάννην

56 617 162 663 εύαγγέλιον;
187 619 262 660 Δικαίως
270 619 303 665 γάρ
314 615 374 664 άλσγον
388 617 420 663 την
432 615 489 655 αύτυίν
504 618 567 663 αἰρεσιν
583 616 694 663 κεκλήκαμεν
703 615 732 654 διά
742 615 762 652 τό
775 616 799 662 μη
810 617 841 654 δέ-

55 676 117 723 γεσξναι
128 671 191 716 αύτούς
205 672 234 712 τόν
246 673 311 713 άνωδεν
322 676 394 713 ἐλθόντα
409 674 449 712 zadi
460 674 510 722 λόγον
521 674 550 712 διά
561 673 640 712 Ἰωάννου
651 673 784 720 κεκηρυγμένον.
807 674 839 719 Md

55 734 129 772 νοοῦντες
138 731 171 778 γάρ
181 732 213 779 την
223 731 293 780 δύναμιν
302 736 336 770 τῶν
347 731 450 780 εύαγγελίων
462 734 515 779 φασὶ,
527 733 572 773 Πῶς
582 734 597 769 οἱ
606 729 654 768 ἄλλοι
663 730 784 777 εύοιγγελισταὶ
792 729 841 776 εἰρη-

55 801 103 827 κασιν
121 785 149 825 ότι
165 784 223 836 φυγάς
239 788 295 839 ᾤ’γετο
311 789 344 828 άτιό
362 789 451 836 προςιύπου
467 788 548 836 Ἡριόδου
560 788 570 826 ό
581 788 651 835 Ἰησοῦς
661 790 687 830 είς
697 790 792 834 Αἴγυπτον,
810 789 841 824 καί

55 845 97 893 μετά
108 845 140 891 την
152 847 210 893 φυγήν
223 847 277 885 ἐλδων
288 848 385 893 κατέμεινεν
398 848 423 888 εἰς
433 847 525 893 Ναζαρέθ,
539 846 576 883 εἶτα
586 846 642 894 λαβών
652 846 672 883 τό
682 846 771 893 βάπτισμα
782 844 839 891 άπῖγλ·

55 907 130 941 δενκτλ.
143 906 203 939 Vener„
216 927 237 932 -
261 906 297 940 λδ.
315 901 352 949 ότι,
368 912 408 950 post
417 905 480 949 εἰπεῖν,
498 917 531 938 σαι.
542 906 585 938 Ven.
610 905 657 937 {dem
667 905 731 937 ibidem
742 915 776 937 om.
787 904 839 938 verba

55 960 85 997 καὶ
93 960 192 1005 ἐσκήνωσεν
203 960 220 996 ἐν
229 961 277 1007 ημῖν.
290 982 312 987 -
335 962 373 997 Lo.
391 957 543 1006 όλίγατινιὶΤευ.
556 981 578 986 -
602 962 649 995 l.11.
664 959 708 1004 μετά
717 959 737 995 τό
748 960 800 996 εἰπεῖν
809 959 839 997 τόν

55 1017 103 1062 λόγον
114 1016 287 1063 σάρκαγεγενῆσδαι
297 1019 327 1054 καὶ
336 1018 453 1064 ἐσκηνωκέναι
463 1018 480 1053 ἐν
490 1016 543 1063 ημῖν,
555 1018 641 1053 τουτέστιν
651 1019 693 1051 ven.
706 1036 727 1042 -
750 1017 763 1050 λ.
771 1019 796 1051 12.
809 1029 839 1063 γε-

54 1073 127 1120 γονέναι,
139 1075 169 1111 καί
180 1075 226 1120 λέγει
237 1071 282 1120 η’λῧε
291 1077 334 1110 ven.
347 1096 370 1102 —
393 1076 403 1109 1.
414 1075 441 1110 13.
453 1074 560 1121 ἐβαπτίσθη,
574 1073 626 1114 αύτός
637 1072 708 1116 Ἰησοῦς
717 1079 800 1118 μαρτυρεῖ
808 1075 838 1109 λέ-

54 1143 88 1176 γων
98 1129 127 1167 τόν
139 1131 233 1178 βαπτιστήν
243 1130 324 1177 Ἰωάννην
337 1132 433 1178 εἰρηκέναι,
447 1126 504 1172 Ούτός
514 1130 551 1167 ἐστι
562 1132 601 1176 περί
614 1124 635 1166 ού
644 1128 689 1165 εἶπον
700 1127 749 1175 ύμῖν,
761 1131 791 1166 καί
802 1128 838 1166 πά-

53 1190 77 1223 λιν
87 1183 122 1228 ότι,
134 1188 235 1234 Τεθέαμαι,
247 1191 316 1236 reliquis
327 1191 402 1230 omissis,
413 1190 457 1223 Ven.
467 1208 490 1214 —
513 1188 524 1220 l.
535 1189 560 1224 18.
573 1189 619 1229 Καὶ,
632 1196 672 1221 ante
683 1186 737 1234 ὁρᾷς,
750 1200 783 1221 om.
794 1191 838 1222 Ven.

53 1245 100 1277 Idem
109 1246 160 1289 paulo
171 1254 210 1290 post
219 1247 260 1280 ibid.
272 1245 387 1291 ἐπιλησμονην
397 1244 525 1291 ύρηγούμενος·
537 1245 630 1288 παρέλειψε
639 1244 659 1280 δὲ
669 1243 678 1280 ο“
687 1242 770 1288 Ἰωάννης
779 1243 801 1280 τοὶ
811 1246 836 1291 τῷ

53 1301 138 1346 Ματδαίῳ
151 1303 237 1347 εἰρημένα.
257 1302 284 1339 Ού
294 1302 326 1348 γάρ
337 1297 397 1348 η’κ-
420 1303 430 1335 l.
438 1304 466 1336 20.
478 1303 511 1346 τῆς
521 1301 588 1342 τελείας
596 1299 678 1345 φράσεως
688 1303 766 1334 Ven.-
788 1302 837 1336 λῖἳ.

53 1356 88 1393 υἱόν
99 1358 150 1399 ἣεοῡ,
163 1359 193 1394 καί
203 1358 246 1395 εἶναι
256 1360 286 1404 μἐν
296 1358 376 1404 πρότερον
388 1358 437 1402 ψιλόν
447 1355 544 1403 ἄνθρωπον,
562 1357 609 1404 κατά
617 1355 704 1401 προκοπὴν
717 1355 736 1392 δὲ
748 1357 837 1402 εἰληφέναι

53 1412 83 1456 τὴν
92 1414 123 1448 τοῦ
133 1415 170 1449 υἱοῖν
179 1417 209 1450 τού
222 1417 263 1451 θεοῦ
273 1416 389 1460 προςηγορίαν.
406 1414 435 1450 Διό
445 1416 479 1450 τῶν
490 1412 550 1459 άναγκ.
560 1414 657 1459 ἐπιμέλεται
668 1414 706 1457 (sic)
716 1414 759 1446 Ven.
783 1415 836 1447 Paulo

53 1476 91 1514 post
100 1470 118 1502 in
130 1472 190 1505 eadem
201 1472 246 1506 linea
257 1473 303 1506 idem
313 1473 360 1519 delqt
368 1466 396 1507 ούν
406 1472 509 1516 particulam.
519 1491 542 1497 —
565 1471 576 1504 i.
583 1470 611 1505 24.
623 1470 657 1505 τῶν
667 1469 769 1514 ἐπουρανίων
779 1469 837 1506 ποιού·

53 1538 101 1570 μενος
112 1525 144 1572 την
159 1525 240 1573 διήγησιν
250 1530 284 1574 τῆς
298 1525 364 1564 άνωδεν
380 1528 481 1574 οἰκονομίας.
504 1529 546 1573 Δεγ.
558 1527 578 1564 δέ
586 1526 606 1564 τό
618 1540 634 1561 κ.
643 1524 725 1571 Ἰωάννην
738 1525 836 1572 εύαγγέλιον

53 1581 143 1620 άδιάθετον
152 1584 205 1626 εἶναι,
218 1585 256 1622 ἐπεὶ
267 1586 292 1632 μή
304 1587 359 1622 ταῦτα
370 1586 415 1632 ἔφη,
434 1586 478 1631 λέγω
489 1583 510 1622 δὲ
520 1583 542 1621 τά
552 1583 596 1620 κατὰ
606 1582 636 1619 τόν
645 1582 740 1629 πειρασμόν
750 1585 785 1619 τῶν
794 1596 835 1620 τεσ-

55 1639 151 1684 σαράκοντα
169 1641 250 1688 ἡμερῶν,
267 1643 297 1679 καὶ
312 1640 343 1679 ούκ
358 1641 433 1686 ἀξιοῦσιν
449 1640 493 1679 αύτά
506 1642 588 1688 δέγεσὲαι
600 1639 645 1678 κατὰ
655 1639 710 1676 πάντα
721 1642 837 1687 πεπλασμένοι

52 1698 92 1743 (sic)
107 1698 137 1735 καὶ
151 1698 278 1747 τυρλώττοντες
293 1701 324 1748 τήν
336 1701 416 1739 διάνοιαν.
427 1702 470 1736 ven.
483 1721 505 1727 -
527 1701 539 1735 l.
550 1700 566 1736 9.
579 1701 600 1734 ab
611 1700 642 1733 inf.
659 1699 745 1745 Τέταρτος
755 1698 788 1746 γάρ
799 1702 835 1737 ταῖν

51 1752 175 1802 εύαγγελιοτιῖνν
191 1772 207 1794 κ.
221 1762 237 1796 δ.
249 1759 304 1796 ἐλδοὶν
315 1759 326 1796 ό
337 1758 421 1806 μακάριος
436 1755 530 1804 Ἰωάννης,
548 1759 616 1804 πρῶτος
631 1757 662 1803 μὲν
679 1753 702 1793 div
717 1756 734 1793 ἐν
748 1759 772 1805 τῇ
788 1757 833 1805 κλή-

52 1825 78 1850 σει
91 1815 135 1860 μετοὶ
146 1818 212 1862 Πέτρον
229 1818 259 1854 καί
272 1815 353 1863 Ἀνδρέαν
370 1819 400 1855 σύν
410 1815 491 1865 Ἰακώβῳ
501 1818 527 1863 τῷ
542 1814 612 1864 ἀδελφῷ
628 1813 692 1857 αύτού,
709 1818 806 1858 τελευταῖος
816 1817 836 1855 δὲ

30 1893 31 1896 =
52 1877 87 1912 τοῖς
96 1873 162 1920 χρόνοις
174 1872 328 1922 εύαγγελιοάμενος
337 1875 359 1913 τά
369 1875 401 1922 πρὸ
414 1878 453 1909 Ven.
466 1896 489 1902 —-
511 1875 523 1908 l.
531 1874 548 1909 ὃ.
559 1875 580 1908 ολ)
589 1874 620 1907 inf.
633 1873 707 1918 ῥηὲνέντα
717 1874 747 1909 καὶ
757 1875 835 1920 διαλέγε-

51 1941 78 1966 ται
88 1940 138 1976 auget
149 1934 191 1967 ven.
216 1933 261 1968 Idem
277 1934 318 1968 ibid.
332 1935 378 1968 delet
391 1934 468 1967 voculam
480 1933 500 1969 δὲ
511 1939 551 1965 ante
563 1931 594 1977 τήν
605 1928 664 1977 ἀρχὴν.
677 1951 698 1956 -
721 1931 758 1964 1.5.
770 1932 791 1965 ab
802 1933 834 1966 inf.

51 1986 99 2023 πάλιν
114 1991 200 2025 ποιεῖσθαι
216 1992 258 2025 ven.
270 2011 294 2017 -
317 1990 353 2026 λέ.
365 1992 386 2025 ab
397 1991 427 2023 inf.
444 1989 524 2036 Τιβερίου
541 1989 630 2034 Καίσαρος
644 1986 732 2033 μεσότητα
744 1989 778 2024 τῶν
789 2002 807 2034 μ.
818 2001 833 2027 τ,

51 2041 107 2091 ἇργήν
124 2045 235 2092 διηγούμενος
251 2050 293 2083 ven.
317 2049 362 2084 Hinc
376 2048 481 2082 restituenda
497 2053 523 2080 est
534 2047 602 2091 vulgata
618 2046 706 2089 scriptura.
719 2064 741 2070 —-
763 2046 801 2080 λδ,
811 2047 833 2080 ab

49 2101 80 2135 inf.
92 2101 170 2149 ἐπήγαγε
180 2103 211 2148 τὴν
221 2105 260 2150 περὶ
269 2106 303 2150 τῆς
312 2102 407 2152 Ἐλισάβετ
422 2104 452 2140 καὶ
462 2103 531 2149 Μαρίας
544 2102 576 2147 πρὸ
589 2103 619 2138 τού
631 2101 717 2146 ἐγκύμονα
727 2099 770 2138 εἶναι
780 2115 833 2148 γεγε-

50 2159 122 2205 νημένην
132 2161 253 2207 πραγματείαν.
276 2160 359 2207 ’Ἰωάννης
369 2162 389 2199 δὲ
401 2161 425 2197 ἐτι
434 2161 515 2206 προτέρου
527 2160 567 2205 (sic)
585 2159 615 2204 μὲν
628 2154 651 2194 τόν
661 2159 684 2204 τῇ
694 2157 767 2203 κλήσει,
779 2156 833 2196 ύστε-

51 2227 79 2259 ρος
90 2216 110 2253 δὲ
121 2216 186 2255 τούτων
198 2218 276 2263 κηρύξας
288 2219 421 2265 ἐπασφαλίζεται
433 2221 475 2254 Ven.

94 2275 195 2323 Pag.82.
218 2276 252 2310 Η.
271 2276 294 2313 τά
305 2274 334 2312 ύπ’
348 2275 400 2313 αύτοῡ
415 2279 461 2321 λεγ.,
478 2276 512 2312 τῶν
529 2276 615 2320 σαρκικῶν
630 2272 770 2319 άσιραλισὶλέντων
786 2271 832 2319 (ἤδη

50 2330 102 2375 abest)
118 2334 160 2367 Ven.
174 2353 195 2359 -
221 2333 227 2366 l
242 2336 258 2368 ὁ.
276 2334 293 2370 ἐν
304 2335 326 2380 τῇ
339 2333 397 2380 μήτρα
406 2334 439 2377 τῆς
450 2331 501 2378 οἱγίας
511 2332 595 2376 παρδένου
610 2329 670 2367 καίτό
682 2331 722 2376 (sic)
733 2327 833 2376 οἷναγκαίως

50 2386 69 2423 δὲ
80 2387 180 2434 ζητούμενον
191 2389 222 2426 ούκ
232 2390 360 2435 ἐπεσιώπησεν,
373 2388 416 2426 άλλοί
426 2389 510 2435 πνεύματι
519 2387 564 2435 οἱγίῳ
574 2387 671 2432 κινούμενος
678 2387 706 2424 τόν
717 2386 749 2432 πρό
760 2389 794 2424 τῶν
806 2388 833 2424 αἰ-

50 2443 96 2480 υίνων
111 2442 151 2491 άγει
166 2444 213 2484 όντα-
222 2448 263 2485 δεόν
279 2447 327 2493 λόγον
338 2446 417 2493 άνάργως
429 2447 459 2482 καὶ
473 2444 551 2492 α’γρόνως
563 2445 583 2481 ἐκ
596 2445 661 2489 πατρός
674 2445 798 2490 γεγενημένον,
815 2445 833 2481 ἐν

50 2501 100 2545 σαρκί
115 2502 135 2538 δὲ
151 2502 247 2549 ἐληλυθότα
262 2502 285 2541 δι’
297 2503 347 2549 ἡμᾶς
358 2503 454 2549 ἐδήλωσεν,
472 2503 499 2538 ἵνα
514 2500 548 2538 άπὸ
563 2498 652 2546 τεσσάρων
665 2498 790 2547 εύαγγελιστῶν
801 2501 833 2548 τήν

49 2559 104 2593 πᾶσαν
119 2561 181 2604 γνῶσιν
197 2562 241 2597 κατά
255 2573 275 2597 τε
290 2560 321 2605 τήν
333 2561 389 2606 σάρκα
404 2561 434 2596 καὶ
444 2559 489 2596 κατά
498 2557 529 2602 την
540 2556 616 2603 δεότητα
625 2557 703 2604 οἷκριβῶς
712 2561 832 2605 κατάσχωμεν.

50 2612 178 2652 Τελειωδέντων
189 2616 299 2662 γάρπάντων
311 2620 346 2653 τῶν
357 2617 402 2653 κατά
412 2615 431 2652 τό
445 2614 534 2663 βάπτισμα
544 2615 573 2649 καί
584 2614 629 2650 κατά
640 2613 669 2649 τέν
679 2614 785 2659 πειρασμόν,
802 2616 832 2651 ἐλ-

49 2668 109 2711 θόντος
117 2673 146 2708 τοῦ
156 2670 216 2718 Ἰησοῦ
227 2674 284 2711 λοιπόν
293 2675 323 2710 καί
335 2672 397 2719 ὀλίγων
407 2671 487 2718 ἡμερῶν,
504 2672 564 2712 καλῶς
574 2671 656 2712 πολλάκις
666 2671 721 2713 εἶπον,
733 2672 832 2716 διατρίψαν-

49 2727 103 2767 τοςέν
112 2741 131 2764 τε
140 2730 163 2775 τῇ
175 2729 259 2775 Ναζαρὲθ
268 2731 298 2766 καί
307 2730 324 2766 ἐν
335 2735 371 2771 τοῖς
381 2729 434 2775 ὁρίοις
444 2727 509 2775 αύτῆς,
525 2729 555 2763 καί
566 2729 606 2773 περὶ
615 2728 647 2774 την
656 2727 776 2774 Καφαρναούμ
788 2727 831 2773 μετά

49 2782 67 2819 τό
81 2787 183 2831 συναντῆσαι
194 2789 219 2832 τῷ
232 2784 304 2833 Ἰωάννη
316 2787 343 2823 ἐπὶ
354 2790 384 2824 τού
395 2784 491 2832 Ἰορδάνου,
503 2786 533 2821 καὶ
542 2787 566 2832 τῇ
577 2785 658 2830 ἐπαύριόν
670 2799 717 2827 τινας
724 2787 760 2821 τῶν
771 2787 831 2830 μαὲη-

48 2841 81 2876 τῶν
92 2842 260 2888 συμπαρειληφότος,
277 2845 343 2889 πρῶτον
354 2846 404 2880 τοῦτο
417 2849 487 2890 σημεῖον
498 2842 515 2879 ἐν
524 2843 574 2890 Κανᾷ
585 2844 669 2888 πεποίηκε
680 2846 702 2889 τῇ
714 2842 763 2888 τρίτη
771 2840 831 2888 ημέρᾳ

49 2893 81 2934 α’πό
92 2895 182 2942 Ἰωάννου,
195 2900 266 2949 εἰκοστῇ
278 2902 297 2939 δὲ
308 2902 342 2947 τῆς
350 2899 384 2938 άπό
395 2904 425 2938 τοῦ
437 2901 531 2948 πειρασμοῦ
541 2900 624 2938 ἐπανόδου
635 2901 665 2937 καί
675 2901 706 2937 τού
715 2897 831 2944 κηρύγματος.

49 2951 95 2992 Ούτε
108 2956 141 3003 γάρ
153 2958 186 3005 πρό
201 2961 231 2996 τού
243 2960 339 3005 πειρασμοῦ
350 2962 392 2994 Ven.
405 2980 428 2989 -.
450 2961 462 2994 l.
470 2958 496 2994 14.
513 2958 589 3003 Χριστόν
600 2959 661 2996 ἐλῆεῖν.
686 2953 730 2994 Ούξύ
741 2953 787 2997 όλως
796 2957 830 3003 γάρ

48 3015 107 3050 τιτῶν
118 3017 225 3064 θεοσημείων
234 3016 325 3063 εἰργάσατο
335 3014 348 3063 ἦ
359 3019 389 3055 τοῦ
399 3016 509 3064 κηρύγματος
518 3013 593 3062 ἤρξατο,
600 3017 621 3068 ,εἰ
631 3016 655 3063 μή
665 3029 682 3052 τι
693 3012 704 3053 ἃ
714 3015 781 3061 λέγεται
790 3016 831 3062 περὶ

49 3066 100 3107 αύτοῦ
115 3073 132 3109 ἐν
145 3076 227 3122 παιγνίῳ,
244 3072 274 3112 ότε
284 3076 350 3112 παιδίον
363 3070 396 3122 η’ν,
412 3075 527 3121 πεποιηκέναι.
546 3070 601 3112 Ἔδει
614 3073 647 3120 γάρ
662 3074 693 3110 καί
702 3071 774 3110 παιδικά
786 3073 830 3121 έγειν

49 3125 99 3167 αύτόν
112 3138 186 3178 σημεῖα,
204 3133 232 3170 ίνοι
243 3136 285 3169 ven.
297 3155 320 3159 —
342 3135 389 3170 1.18.
407 3135 491 3181 αἱρέσεσιν
503 3132 557 3178 λέγειν
568 3135 610 3170 ven,
622 3153 645 3160 -
666 3133 679 3168 l.
689 3132 715 3169 19.
733 3131 831 3179 περιστερά.
