1988 3392
185 229 187 231 ’
231 251 326 286 cannen
336 251 418 287 muru.
429 253 485 288 rou.
494 254 516 287 u.
527 253 596 287 utun.
605 252 682 286 cxxx.
805 244 846 286 481

63 346 186 390 nequaquam
198 332 298 388 legitimae
310 331 362 385 siut,
383 333 419 374 sed
431 333 484 375 inter
496 341 591 376 externas
604 333 727 386 habeantur,
746 331 773 375 'ac
783 332 848 375 solum

63 403 100 446 sibi
112 399 249 444 Christianum
260 414 332 442 nonncn
343 401 457 443 vendicent.
488 400 546 457 Quae
557 418 602 445 eum
614 403 643 445 ita
654 402 708 455 siut,
724 403 800 445 veritas
813 416 849 444 no-

63 472 93 515 his
104 470 147 527 ipsa
159 470 277 512 declaranda
288 477 388 526 superest,
405 477 464 526 atque
473 472 531 513 unica
542 471 635 514 nimirum
643 468 679 513 illc
687 473 781 520 columba,
798 485 850 527 qnae

64 556 76 584 a
91 553 165 597 sponso
180 538 311 581 collaudatur.

121 606 223 664 Quocirca
234 608 279 650 cuni
291 607 351 667 otium
365 608 418 650 nacti
430 609 504 661 simus,
521 616 565 665 post
576 609 647 651 enixus
660 609 685 651 ad
698 609 756 651 deum
768 622 847 664 preces,
861 609 902 653 cap.
910 609 942 642 xi.

64 685 86 721 ut
97 675 230 732 disputatione
244 675 339 730 brevem,
361 677 390 718 sic
402 677 497 719 maiorum
510 677 616 720 traditione
627 685 702 720 certam
714 677 807 720 veritatis
816 678 850 719 de-

65 746 175 789 sensionem
188 745 282 801 deinceps
293 746 427 788 instituemus.
459 744 516 800 Quae
533 746 611 801 quidem
625 761 665 788 non
680 755 770 804 tempore
783 753 851 802 poste-

65 815 119 866 rior,
142 812 182 854 imo
199 826 248 856 vero
265 813 320 869 prior
331 813 422 856 omnibns
439 814 517 867 extitit,
538 829 615 871 nosque
627 815 651 856 de
663 829 685 855 ea
697 822 743 856 ante
756 817 851 857 haereses

66 898 147 935 omues,
164 896 209 926 cum
220 882 244 923 de
254 879 330 925 Christi
341 883 479 925 incarnatione
491 883 644 935 dissereremus,
660 884 783 925 mentionem
792 883 851 926 initio

66 954 158 997 lecimus.
194 949 269 991 Eadem
286 964 345 1006 pcrro
361 966 414 992 nunc
429 966 472 993 cnm
491 965 560 993 omncs
578 951 689 1004 antecedit,
711 959 752 993 tum
769 950 851 994 Christo

66 1022 146 1065 domiuo
161 1027 206 1077 post
219 1020 262 1062 eins
274 1019 444 1071 incarnationem,
465 1020 520 1063 velut
532 1034 605 1076 sponsa
619 1020 714 1075 quaedam
727 1020 853 1062 sanctissima

67 1089 172 1133 coniuncta
188 1095 227 1130 est.
259 1086 317 1142 Quae
334 1095 353 1129 et
371 1088 417 1130 olim
433 1103 476 1130 eum
492 1088 571 1130 Adamo
587 1090 683 1140 formata,
706 1095 726 1129 et
736 1088 756 1129 in
768 1089 807 1130 illis
819 1088 853 1144 qui

67 1159 189 1202 Abraamnm
207 1163 360 1214 praecesserunt
377 1157 490 1214 praedicata
507 1156 607 1213 patribus,
633 1163 712 1211 etpost
730 1157 854 1198 Abraamum

68 1227 125 1270 fidem
140 1225 224 1277 merita,
246 1231 266 1266 et
282 1238 318 1280 per
328 1222 421 1281 Moysem
433 1226 545 1282 patefacta,
566 1233 586 1267 et
596 1226 647 1282 apud
658 1224 731 1267 lsaiam
743 1225 853 1282 praedicta,

68 1303 88 1337 et
99 1296 120 1337 in
135 1291 217 1336 Christo
232 1293 380 1345 demonstrata,
402 1308 446 1335 cum
463 1307 527 1349 eoque
544 1293 602 1336 simul
618 1295 722 1347 existens,
742 1293 855 1351 posteriore

69 1379 80 1407 a
92 1363 149 1406 nobis
158 1363 203 1404 loco
213 1361 391 1403 commendabitur.
413 1360 467 1404 Nam
477 1363 571 1405 athletam
584 1370 663 1418 oportet
673 1363 757 1420 primum
767 1363 855 1404 omnium

68 1433 89 1475 in
100 1430 209 1473 certamine
221 1445 245 1472 ao
257 1430 326 1472 labore
338 1429 451 1485 ceterisque
463 1431 571 1486 generibus
583 1432 689 1483 exerceri,
706 1439 727 1473 nt
738 1439 808 1487 postea
821 1445 855 1472 co-

69 1514 139 1542 ronam
155 1500 249 1540 auferens
264 1497 285 1539 iu
299 1498 373 1540 laetitia
390 1512 413 1539 ac
429 1498 530 1555 voluptate
548 1499 615 1554 degat.
646 1498 669 1540 lu
681 1513 720 1555 quo
732 1499 810 1554 quidem
821 1513 855 1540 oo·

31 1598 35 1603 „
69 1583 119 1611 rona
129 1567 173 1625 ipsa
184 1581 223 1608 non
234 1573 335 1623 postrema
347 1566 433 1608 omnium
446 1575 488 1619 est,
511 1568 546 1609 sed
557 1568 622 1609 luctae
634 1581 657 1609 ac
669 1567 772 1609 certamini
785 1581 856 1623 propo-

71 1638 108 1679 sita
122 1643 222 1693 postremo
234 1634 253 1676 ei
267 1636 299 1690 qni
315 1635 334 1675 in
347 1648 427 1677 arenam
440 1635 577 1687 descenderit,
599 1637 623 1677 ad
636 1636 757 1692 voluptatem
771 1635 857 1677 delecta-

71 1705 185 1760 tionemque
197 1702 296 1745 tribuitur.
314 1700 371 1758 Quae
383 1718 428 1744 cum
439 1703 467 1744 ita
477 1717 499 1745 se
511 1703 605 1756 habeant,
618 1704 642 1745 ad
655 1704 767 1746 institutum
780 1717 857 1745 sermo-

72 1787 117 1815 nem
130 1773 245 1821 redeamus,
262 1772 320 1827 idque
334 1773 492 1813 demonstremus
501 1773 573 1849 ipsum,
590 1773 689 1828 quomodo
701 1787 745 1813 eum
756 1773 858 1827 octogiuta

72 1841 152 1899 pellices
163 1841 203 1882 sint
214 1854 238 1881 ac
250 1838 356 1895 sexaginta
368 1841 462 1895 regione,
479 1841 537 1882 unica
547 1840 605 1896 virgo
615 1841 649 1893 sit,
666 1848 687 1882 et
697 1847 760 1892 casta,
778 1842 858 1882 eadem-

73 1923 207 1966 quesponsa,
229 1908 331 1960 columba,
353 1923 417 1964 agna,
439 1916 507 1951 sancta
520 1909 552 1951 dei
565 1909 648 1961 civitas,
670 1910 731 1961 fides,
751 1924 775 1950 nc
784 1910 857 1963 firmo·
865 1910 953 1982 Quipmh.

73 1980 263 2027 mentumneritch's,
273 1979 412 2031 firmupetru,
435 1986 569 2033 contraquam
577 1981 857 2034 portuezhserz'nonprneuu-
878 1969 939 2053 Nilattllp

74 2050 145 2090 lebant.
176 2045 229 2088 Nam
242 2046 279 2088 huo
293 2060 355 2102 usqne
367 2047 445 2100 divina,
462 2061 519 2102 qnam
532 2047 695 2103 imploravimus,
716 2063 754 2104 ope
765 2063 789 2089 uc
801 2062 859 2103 prae-

75 2116 126 2159 sidio
137 2116 182 2158 freti
193 2115 231 2157 hoc
242 2116 329 2157 assecuti
345 2129 413 2157 sumnus
425 2122 446 2156 ut
460 2123 572 2171 susceptam
583 2130 595 2158 a
606 2116 663 2157 nobis
675 2117 699 2157 de
709 2116 800 2157 omnibus
812 2116 860 2158 hae-

75 2185 153 2228 resibus
165 2183 317 2242 disputationem
327 2184 488 2243 absolveremus,
505 2198 562 2241 quarn
574 2184 599 2226 ad
609 2182 778 2227 lllassalianorum
790 2185 860 2227 haere-

76 2255 107 2296 sin
123 2268 185 2310 nsque
202 2254 338 2311 perduximus.
370 2252 413 2295 Hac
428 2253 495 2309 itaque
509 2254 565 2295 velut
576 2254 660 2310 quodam
677 2255 776 2315 evangelii
792 2255 860 2296 calceo

77 2324 202 2381 proculcata,
225 2323 307 2380 perinde
323 2338 347 2366 ac
365 2322 514 2366 chamaeleonte
529 2323 648 2380 multipede,
669 2323 722 2381 tnrpi
732 2338 756 2366 ac
767 2324 860 2377 deformi,

77 2402 97 2436 et
108 2394 198 2450 graviter
208 2394 286 2446 olente,
308 2392 333 2435 ob
344 2392 392 2435 haec
403 2392 468 2434 omnia
479 2392 510 2434 dei
520 2393 595 2448 gratias
605 2407 699 2450 agamus,
721 2406 744 2435 ac
755 2401 831 2450 patrem
840 2392 862 2435 in

78 2463 129 2516 lilio,
146 2464 206 2505 lilium
216 2463 236 2504 in
248 2470 303 2519 patre
313 2477 357 2503 cum
369 2469 438 2504 sancto
449 2462 519 2517 spiritu
530 2462 654 2504 celebremus
665 2463 686 2504 iu
698 2463 780 2505 saecula
792 2476 862 2505 saecu-

78 2531 154 2584 lorum,
170 2532 245 2574 Amen.

102 2621 119 2657 ll.
126 2635 150 2659 πα
151 2623 236 2678 attacum
243 2623 289 2655 codd.
295 2632 332 2656 mss.
341 2627 356 2656 et
366 2624 402 2656 edit
408 2625 458 2665 princ
505 2622 521 2657 6
534 2619 643 2667 ὗποδήγματι
654 2625 688 2656 cod.
700 2625 767 2666 Rhedip

102 2670 119 2702 5
132 2667 151 2705 ου’
163 2664 338 2723 nurtqdooncnead.
349 2670 420 2726 Rhedip,
428 2666 460 2704 otiu
506 2670 521 2704 l
535 2671 647 2709 Subscrcpuo
641 2680 658 2703 m
668 2671 714 2704 codd
726 2680 764 2703 mss
773 2674 796 2703 est
809 2667 863 2709 Telos

79 2711 199 2762 teleptense
210 2716 244 2749 eod
255 2716 287 2748 leo.
306 2709 337 2750 oda
348 2711 458 2761 ἄντισχύσου-
480 2713 687 2758 centumcentumn
698 2716 817 2761 (σαμαλιανῶν
828 2717 863 2748 cod

81 2764 207 2797 conectuntur
481 2761 522 2805 teu)
535 2758 620 2805 δόγματα
647 2772 648 2775 ’

119 3156 278 3193 dammucensem.
291 3156 310 3185 ll.
319 3157 332 3184 3,
