<?xml version="1.0" encoding="UTF-8"?>
<!DOCTYPE html PUBLIC "-//W3C//DTD XHTML 1.0 Transitional//EN"
    "http://www.w3.org/TR/xhtml1/DTD/xhtml1-transitional.dtd">
<html xmlns="http://www.w3.org/1999/xhtml" xml:lang="en" lang="en">
 <head>
  <title>
</title>
<meta http-equiv="Content-Type" content="text/html;charset=utf-8" />
  <meta name='ocr-system' content='tesseract 3.04.00' />
  <meta name='ocr-capabilities' content='ocr_page ocr_carea ocr_par ocr_line ocrx_word'/>
</head>
<body>
  <div class='ocr_page' id='page_1' title='image "./MN41650ucmf_1/MN41650ucmf_1_0395.png"; bbox 0 0 1988 3392; ppageno 0'>
   <div class='ocr_carea' id='block_1_1' title="bbox 260 217 886 263">
    <p class='ocr_par' dir='ltr' id='par_1_1' title="bbox 260 217 886 263">
     <span class='ocr_line' id='line_1_1' title="bbox 260 217 886 263; baseline -0.003 -2"><span class='ocrx_word' id='word_1_1' title='bbox 260 226 354 261; x_wconf 81' lang='lat' dir='ltr'>ruuuuu</span> <span class='ocrx_word' id='word_1_2' title='bbox 365 226 446 261; x_wconf 76' lang='lat' dir='ltr'>oraru.</span> <span class='ocrx_word' id='word_1_3' title='bbox 458 228 513 263; x_wconf 83' lang='lat' dir='ltr'>rou.</span> <span class='ocrx_word' id='word_1_4' title='bbox 525 229 547 262; x_wconf 94' lang='lat' dir='ltr'>u.</span> <span class='ocrx_word' id='word_1_5' title='bbox 559 227 628 262; x_wconf 80' lang='lat' dir='ltr'>nunu.</span> <span class='ocrx_word' id='word_1_6' title='bbox 636 227 728 261; x_wconf 82' lang='lat' dir='ltr'>uxxvu.</span> <span class='ocrx_word' id='word_1_7' title='bbox 844 217 886 259; x_wconf 83' lang='lat'>373</span> 
     </span>
    </p>
   </div>
   <div class='ocr_carea' id='block_1_2' title="bbox 101 307 888 837">
    <p class='ocr_par' dir='ltr' id='par_1_2' title="bbox 101 307 888 837">
     <span class='ocr_line' id='line_1_2' title="bbox 103 307 887 367; baseline 0 -15"><span class='ocrx_word' id='word_1_8' title='bbox 103 309 227 353; x_wconf 89' lang='lat' dir='ltr'>anathemate</span> <span class='ocrx_word' id='word_1_9' title='bbox 243 307 315 350; x_wconf 90' lang='lat' dir='ltr'>damno</span> <span class='ocrx_word' id='word_1_10' title='bbox 329 308 361 364; x_wconf 92' lang='lat' dir='ltr'>qui</span> <span class='ocrx_word' id='word_1_11' title='bbox 377 308 496 365; x_wconf 81' lang='lat' dir='ltr'><strong>propositam</strong></span> <span class='ocrx_word' id='word_1_12' title='bbox 512 323 536 351; x_wconf 92' lang='lat' dir='ltr'>ac</span> <span class='ocrx_word' id='word_1_13' title='bbox 549 315 650 366; x_wconf 78' lang='lat' dir='ltr'>receptam</span> <span class='ocrx_word' id='word_1_14' title='bbox 667 308 687 350; x_wconf 95' lang='lat' dir='ltr'>in</span> <span class='ocrx_word' id='word_1_15' title='bbox 701 307 793 351; x_wconf 89' lang='lat' dir='ltr'>Nicaena</span> <span class='ocrx_word' id='word_1_16' title='bbox 808 310 887 367; x_wconf 84' lang='lat' dir='ltr'>synodo</span> 
     </span>
     <span class='ocr_line' id='line_1_3' title="bbox 103 366 888 433; baseline -0.001 -11"><span class='ocrx_word' id='word_1_17' title='bbox 103 380 159 422; x_wconf 85' lang='lat' dir='ltr'>tidem</span> <span class='ocrx_word' id='word_1_18' title='bbox 177 384 285 433; x_wconf 88' lang='lat' dir='ltr'>respuunt,</span> <span class='ocrx_word' id='word_1_19' title='bbox 307 391 372 433; x_wconf 90' lang='lat' dir='ltr'>neque</span> <span class='ocrx_word' id='word_1_20' title='bbox 388 377 448 419; x_wconf 89' lang='lat' dir='ltr'>hlium</span> <span class='ocrx_word' id='word_1_21' title='bbox 466 378 551 433; x_wconf 87' lang='lat' dir='ltr'>epatris</span> <span class='ocrx_word' id='word_1_22' title='bbox 567 377 679 421; x_wconf 87' lang='lat' dir='ltr'>substantia</span> <span class='ocrx_word' id='word_1_23' title='bbox 695 366 831 433; x_wconf 84' lang='lat' dir='ltr'>processisse,</span> <span class='ocrx_word' id='word_1_24' title='bbox 853 387 888 421; x_wconf 88' lang='lat' dir='ltr'>ant</span> 
     </span>
     <span class='ocr_line' id='line_1_4' title="bbox 103 445 888 503; baseline -0.001 -12"><span class='ocrx_word' id='word_1_25' title='bbox 103 448 165 491; x_wconf 88' lang='lat' dir='ltr'>eidem</span> <span class='ocrx_word' id='word_1_26' title='bbox 181 446 370 489; x_wconf 71' lang='lat' dir='ltr'><strong>consubstantialem</strong></span> <span class='ocrx_word' id='word_1_27' title='bbox 383 460 429 488; x_wconf 89' lang='lat' dir='ltr'>esse</span> <span class='ocrx_word' id='word_1_28' title='bbox 442 446 569 488; x_wconf 82' lang='lat' dir='ltr'>confitentur.</span> <span class='ocrx_word' id='word_1_29' title='bbox 600 445 641 490; x_wconf 90' lang='lat' dir='ltr'>Sed</span> <span class='ocrx_word' id='word_1_30' title='bbox 654 453 674 489; x_wconf 90' lang='lat' dir='ltr'>et</span> <span class='ocrx_word' id='word_1_31' title='bbox 686 445 732 488; x_wconf 88' lang='lat' dir='ltr'>illos</span> <span class='ocrx_word' id='word_1_32' title='bbox 746 446 828 503; x_wconf 90' lang='lat' dir='ltr'>iusuper</span> <span class='ocrx_word' id='word_1_33' title='bbox 839 462 888 490; x_wconf 92' lang='lat' dir='ltr'>con-</span> 
     </span>
     <span class='ocr_line' id='line_1_5' title="bbox 102 515 887 573; baseline 0 -13"><span class='ocrx_word' id='word_1_34' title='bbox 102 519 173 560; x_wconf 90' lang='lat' dir='ltr'>demno</span> <span class='ocrx_word' id='word_1_35' title='bbox 189 515 222 572; x_wconf 90' lang='lat' dir='ltr'>qui</span> <span class='ocrx_word' id='word_1_36' title='bbox 240 516 329 572; x_wconf 90' lang='lat' dir='ltr'>spiritum</span> <span class='ocrx_word' id='word_1_37' title='bbox 343 522 434 557; x_wconf 91' lang='lat' dir='ltr'>sanctum</span> <span class='ocrx_word' id='word_1_38' title='bbox 450 522 561 557; x_wconf 88' lang='lat' dir='ltr'>creaturam</span> <span class='ocrx_word' id='word_1_39' title='bbox 577 530 622 557; x_wconf 86' lang='lat' dir='ltr'>esse</span> <span class='ocrx_word' id='word_1_40' title='bbox 640 530 677 573; x_wconf 91' lang='lat' dir='ltr'>per</span> <span class='ocrx_word' id='word_1_41' title='bbox 692 515 752 557; x_wconf 83' lang='lat' dir='ltr'>tilium</span> <span class='ocrx_word' id='word_1_42' title='bbox 771 517 887 572; x_wconf 89' lang='lat' dir='ltr'>productam</span> 
     </span>
     <span class='ocr_line' id='line_1_6' title="bbox 101 582 886 641; baseline -0.001 -12"><span class='ocrx_word' id='word_1_43' title='bbox 101 591 202 629; x_wconf 90' lang='lat' dir='ltr'>asserunt.</span> <span class='ocrx_word' id='word_1_44' title='bbox 232 582 338 626; x_wconf 91' lang='lat' dir='ltr'>Postremo</span> <span class='ocrx_word' id='word_1_45' title='bbox 355 582 437 627; x_wconf 85' lang='lat' dir='ltr'>Sabellii</span> <span class='ocrx_word' id='word_1_46' title='bbox 455 597 478 626; x_wconf 92' lang='lat' dir='ltr'>ac</span> <span class='ocrx_word' id='word_1_47' title='bbox 493 582 584 636; x_wconf 89' lang='lat' dir='ltr'>Photini,</span> <span class='ocrx_word' id='word_1_48' title='bbox 606 586 696 641; x_wconf 81' lang='lat' dir='ltr'><strong>adeoque</strong></span> <span class='ocrx_word' id='word_1_49' title='bbox 710 585 799 641; x_wconf 88' lang='lat' dir='ltr'>reliquas</span> <span class='ocrx_word' id='word_1_50' title='bbox 816 599 886 628; x_wconf 88' lang='lat' dir='ltr'>omnes</span> 
     </span>
     <span class='ocr_line' id='line_1_7' title="bbox 102 652 887 711; baseline -0.001 -13"><span class='ocrx_word' id='word_1_51' title='bbox 102 657 196 698; x_wconf 89' lang='lat' dir='ltr'>haereses</span> <span class='ocrx_word' id='word_1_52' title='bbox 209 653 281 696; x_wconf 92' lang='lat' dir='ltr'>damno</span> <span class='ocrx_word' id='word_1_53' title='bbox 292 653 350 709; x_wconf 89' lang='lat' dir='ltr'>eique</span> <span class='ocrx_word' id='word_1_54' title='bbox 365 653 409 695; x_wconf 82' lang='lat' dir='ltr'>fidei</span> <span class='ocrx_word' id='word_1_55' title='bbox 424 653 540 704; x_wconf 82' lang='lat' dir='ltr'><strong>subscribo,</strong></span> <span class='ocrx_word' id='word_1_56' title='bbox 563 667 614 709; x_wconf 93' lang='lat' dir='ltr'>quae</span> <span class='ocrx_word' id='word_1_57' title='bbox 625 653 646 695; x_wconf 94' lang='lat' dir='ltr'>in</span> <span class='ocrx_word' id='word_1_58' title='bbox 657 652 750 696; x_wconf 87' lang='lat' dir='ltr'>Nicaena</span> <span class='ocrx_word' id='word_1_59' title='bbox 761 654 839 711; x_wconf 87' lang='lat' dir='ltr'>synodo</span> <span class='ocrx_word' id='word_1_60' title='bbox 852 654 887 697; x_wconf 88' lang='lat' dir='ltr'>de-</span> 
     </span>
     <span class='ocr_line' id='line_1_8' title="bbox 101 722 885 781; baseline -0.004 -13"><span class='ocrx_word' id='word_1_61' title='bbox 101 731 155 769; x_wconf 86' lang='lat' dir='ltr'>creta</span> <span class='ocrx_word' id='word_1_62' title='bbox 170 729 212 776; x_wconf 91' lang='lat' dir='ltr'>est,</span> <span class='ocrx_word' id='word_1_63' title='bbox 230 736 253 765; x_wconf 92' lang='lat' dir='ltr'>ac</span> <span class='ocrx_word' id='word_1_64' title='bbox 266 723 350 778; x_wconf 90' lang='lat' dir='ltr'>denique</span> <span class='ocrx_word' id='word_1_65' title='bbox 366 736 390 764; x_wconf 90' lang='lat' dir='ltr'>ea</span> <span class='ocrx_word' id='word_1_66' title='bbox 401 723 511 779; x_wconf 90' lang='lat' dir='ltr'>amplector</span> <span class='ocrx_word' id='word_1_67' title='bbox 525 723 591 764; x_wconf 91' lang='lat' dir='ltr'>omnia</span> <span class='ocrx_word' id='word_1_68' title='bbox 607 737 658 777; x_wconf 85' lang='lat' dir='ltr'>quae</span> <span class='ocrx_word' id='word_1_69' title='bbox 672 722 818 781; x_wconf 88' lang='lat' dir='ltr'>suprascripta</span> <span class='ocrx_word' id='word_1_70' title='bbox 829 731 885 766; x_wconf 75' lang='lat' dir='ltr'>sunt,</span> 
     </span>
     <span class='ocr_line' id='line_1_9' title="bbox 324 802 710 837; baseline -0.003 -2"><span class='ocrx_word' id='word_1_71' title='bbox 324 802 447 836; x_wconf 82' lang='lat' dir='ltr'><strong>HACTENUS</strong></span> <span class='ocrx_word' id='word_1_72' title='bbox 459 802 520 836; x_wconf 86' lang='lat' dir='ltr'>FIDEI</span> <span class='ocrx_word' id='word_1_73' title='bbox 532 802 658 837; x_wconf 72' lang='lat' dir='ltr'>Puouussto.</span> <span class='ocrx_word' id='word_1_74' title='bbox 707 832 710 834; x_wconf 90' lang='lat'>.</span> 
     </span>
    </p>
   </div>
   <div class='ocr_carea' id='block_1_3' title="bbox 49 923 972 3050">
    <p class='ocr_par' dir='ltr' id='par_1_3' title="bbox 97 923 952 1465">
     <span class='ocr_line' id='line_1_10' title="bbox 157 923 952 984; baseline 0.006 -18"><span class='ocrx_word' id='word_1_75' title='bbox 157 923 271 970; x_wconf 89' lang='lat' dir='ltr'>Secundum</span> <span class='ocrx_word' id='word_1_76' title='bbox 282 929 332 970; x_wconf 89' lang='lat' dir='ltr'>haec</span> <span class='ocrx_word' id='word_1_77' title='bbox 342 927 430 971; x_wconf 86' lang='lat' dir='ltr'>Vitalem</span> <span class='ocrx_word' id='word_1_78' title='bbox 439 928 521 984; x_wconf 84' lang='lat' dir='ltr'>eiusque</span> <span class='ocrx_word' id='word_1_79' title='bbox 532 928 598 970; x_wconf 89' lang='lat' dir='ltr'>socios</span> <span class='ocrx_word' id='word_1_80' title='bbox 607 928 638 969; x_wconf 93' lang='lat' dir='ltr'>sic</span> <span class='ocrx_word' id='word_1_81' title='bbox 645 928 725 970; x_wconf 88' lang='lat' dir='ltr'>allocuti</span> <span class='ocrx_word' id='word_1_82' title='bbox 735 943 816 971; x_wconf 91' lang='lat' dir='ltr'>sumus:</span> <span class='ocrx_word' id='word_1_83' title='bbox 831 927 885 984; x_wconf 76' lang='lat' dir='ltr'>Quid</span> <span class='ocrx_word' id='word_1_84' title='bbox 941 946 952 979; x_wconf 87' lang='lat' dir='ltr'>p</span> 
     </span>
     <span class='ocr_line' id='line_1_11' title="bbox 99 995 884 1053; baseline 0.003 -15"><span class='ocrx_word' id='word_1_85' title='bbox 99 1004 164 1038; x_wconf 88' lang='lat' dir='ltr'>autem</span> <span class='ocrx_word' id='word_1_86' title='bbox 176 1003 196 1038; x_wconf 93' lang='lat' dir='ltr'>et</span> <span class='ocrx_word' id='word_1_87' title='bbox 209 1011 246 1039; x_wconf 92' lang='lat' dir='ltr'>vos</span> <span class='ocrx_word' id='word_1_88' title='bbox 262 998 342 1040; x_wconf 84' lang='lat' dir='ltr'>dicitis?</span> <span class='ocrx_word' id='word_1_89' title='bbox 372 995 394 1040; x_wconf 87' lang='lat' dir='ltr'>si</span> <span class='ocrx_word' id='word_1_90' title='bbox 407 997 453 1053; x_wconf 93' lang='lat' dir='ltr'>quid</span> <span class='ocrx_word' id='word_1_91' title='bbox 467 997 553 1039; x_wconf 89' lang='lat' dir='ltr'>invicem</span> <span class='ocrx_word' id='word_1_92' title='bbox 572 995 647 1039; x_wconf 82' lang='lat' dir='ltr'>dissidii</span> <span class='ocrx_word' id='word_1_93' title='bbox 665 996 755 1050; x_wconf 88' lang='lat' dir='ltr'>habetis,</span> <span class='ocrx_word' id='word_1_94' title='bbox 777 997 884 1040; x_wconf 86' lang='lat' dir='ltr'>conciliata</span> 
     </span>
     <span class='ocr_line' id='line_1_12' title="bbox 99 1063 884 1122; baseline 0.005 -17"><span class='ocrx_word' id='word_1_95' title='bbox 99 1079 147 1121; x_wconf 89' lang='lat' dir='ltr'>pace</span> <span class='ocrx_word' id='word_1_96' title='bbox 165 1066 244 1122; x_wconf 88' lang='lat' dir='ltr'>penitus</span> <span class='ocrx_word' id='word_1_97' title='bbox 259 1066 330 1109; x_wconf 87' lang='lat' dir='ltr'>tollite.</span> <span class='ocrx_word' id='word_1_98' title='bbox 360 1067 388 1109; x_wconf 90' lang='grc' dir='ltr'>Αι</span> <span class='ocrx_word' id='word_1_99' title='bbox 401 1067 448 1119; x_wconf 84' lang='lat' dir='ltr'>ide,</span> <span class='ocrx_word' id='word_1_100' title='bbox 469 1064 555 1118; x_wconf 80' lang='lat' dir='ltr'>Dicant,</span> <span class='ocrx_word' id='word_1_101' title='bbox 578 1065 649 1121; x_wconf 89' lang='lat' dir='ltr'>inquit.</span> <span class='ocrx_word' id='word_1_102' title='bbox 680 1063 884 1109; x_wconf 83' lang='lat' dir='ltr'>Tumobiieientihns</span> 
     </span>
     <span class='ocr_line' id='line_1_13' title="bbox 99 1133 885 1191; baseline 0.004 -16"><span class='ocrx_word' id='word_1_103' title='bbox 99 1134 143 1175; x_wconf 83' lang='lat' dir='ltr'>aliis</span> <span class='ocrx_word' id='word_1_104' title='bbox 155 1148 229 1190; x_wconf 78' lang='lat' dir='ltr'>negare</span> <span class='ocrx_word' id='word_1_105' title='bbox 239 1134 294 1191; x_wconf 90' lang='lat' dir='ltr'>ipsos</span> <span class='ocrx_word' id='word_1_106' title='bbox 305 1133 407 1177; x_wconf 74' lang='lat' dir='ltr'>Christum</span> <span class='ocrx_word' id='word_1_107' title='bbox 420 1135 520 1177; x_wconf 91' lang='lat' dir='ltr'>hominem</span> <span class='ocrx_word' id='word_1_108' title='bbox 531 1148 576 1177; x_wconf 88' lang='lat' dir='ltr'>esse</span> <span class='ocrx_word' id='word_1_109' title='bbox 588 1135 711 1190; x_wconf 80' lang='lat' dir='ltr'>perfectum,</span> <span class='ocrx_word' id='word_1_110' title='bbox 728 1141 798 1176; x_wconf 91' lang='lat' dir='ltr'>contra</span> <span class='ocrx_word' id='word_1_111' title='bbox 810 1133 885 1178; x_wconf 84' lang='lat' dir='ltr'>Vitatis</span> 
     </span>
     <span class='ocr_line' id='line_1_14' title="bbox 99 1201 883 1260; baseline 0.003 -16"><span class='ocrx_word' id='word_1_112' title='bbox 99 1203 214 1259; x_wconf 90' lang='lat' dir='ltr'>respondit,</span> <span class='ocrx_word' id='word_1_113' title='bbox 232 1202 333 1245; x_wconf 81' lang='lat' dir='ltr'>imovero</span> <span class='ocrx_word' id='word_1_114' title='bbox 344 1201 446 1247; x_wconf 77' lang='lat' dir='ltr'>Christum</span> <span class='ocrx_word' id='word_1_115' title='bbox 458 1205 544 1246; x_wconf 87' lang='lat' dir='ltr'>fatemur</span> <span class='ocrx_word' id='word_1_116' title='bbox 555 1205 664 1260; x_wconf 80' lang='lat' dir='ltr'>perfectum</span> <span class='ocrx_word' id='word_1_117' title='bbox 675 1203 775 1245; x_wconf 90' lang='lat' dir='ltr'>homiuem</span> <span class='ocrx_word' id='word_1_118' title='bbox 785 1203 883 1246; x_wconf 86' lang='lat' dir='ltr'>induisse.</span> 
     </span>
     <span class='ocr_line' id='line_1_15' title="bbox 100 1269 886 1328; baseline 0.001 -15"><span class='ocrx_word' id='word_1_119' title='bbox 100 1269 157 1325; x_wconf 74' lang='lat' dir='ltr'>Quod</span> <span class='ocrx_word' id='word_1_120' title='bbox 174 1272 217 1314; x_wconf 91' lang='lat' dir='ltr'>eius</span> <span class='ocrx_word' id='word_1_121' title='bbox 234 1286 352 1328; x_wconf 85' lang='lat' dir='ltr'>responsum</span> <span class='ocrx_word' id='word_1_122' title='bbox 370 1287 409 1314; x_wconf 95' lang='lat' dir='ltr'>non</span> <span class='ocrx_word' id='word_1_123' title='bbox 426 1272 523 1315; x_wconf 88' lang='lat' dir='ltr'>minorem</span> <span class='ocrx_word' id='word_1_124' title='bbox 542 1272 667 1315; x_wconf 78' lang='lat' dir='ltr'>audientibus</span> <span class='ocrx_word' id='word_1_125' title='bbox 686 1271 808 1327; x_wconf 90' lang='lat' dir='ltr'>voluptatem</span> <span class='ocrx_word' id='word_1_126' title='bbox 826 1286 886 1328; x_wconf 90' lang='lat' dir='ltr'>quarn</span> 
     </span>
     <span class='ocr_line' id='line_1_16' title="bbox 98 1340 884 1397; baseline 0.004 -17"><span class='ocrx_word' id='word_1_127' title='bbox 98 1340 249 1383; x_wconf 80' lang='lat' dir='ltr'>admirationem</span> <span class='ocrx_word' id='word_1_128' title='bbox 263 1341 335 1384; x_wconf 84' lang='lat' dir='ltr'>attulit.</span> <span class='ocrx_word' id='word_1_129' title='bbox 367 1341 456 1393; x_wconf 84' lang='lat' dir='ltr'>Atuos,</span> <span class='ocrx_word' id='word_1_130' title='bbox 480 1340 513 1397; x_wconf 93' lang='lat' dir='ltr'>qui</span> <span class='ocrx_word' id='word_1_131' title='bbox 527 1341 642 1383; x_wconf 88' lang='lat' dir='ltr'>callidorum</span> <span class='ocrx_word' id='word_1_132' title='bbox 654 1340 767 1392; x_wconf 88' lang='lat' dir='ltr'>homiuum,</span> <span class='ocrx_word' id='word_1_133' title='bbox 789 1340 884 1396; x_wconf 86' lang='lat' dir='ltr'>aquibus</span> 
     </span>
     <span class='ocr_line' id='line_1_17' title="bbox 97 1409 885 1465; baseline 0.001 -15"><span class='ocrx_word' id='word_1_134' title='bbox 97 1409 170 1450; x_wconf 78' lang='lat' dir='ltr'>fratros</span> <span class='ocrx_word' id='word_1_135' title='bbox 183 1409 246 1451; x_wconf 86' lang='lat' dir='ltr'>nostri</span> <span class='ocrx_word' id='word_1_136' title='bbox 255 1410 275 1451; x_wconf 94' lang='lat' dir='ltr'>in</span> <span class='ocrx_word' id='word_1_137' title='bbox 287 1423 376 1451; x_wconf 88' lang='lat' dir='ltr'>errorem</span> <span class='ocrx_word' id='word_1_138' title='bbox 389 1409 548 1461; x_wconf 72' lang='lat' dir='ltr'>abducebantur,</span> <span class='ocrx_word' id='word_1_139' title='bbox 569 1409 649 1451; x_wconf 89' lang='lat' dir='ltr'>intimos</span> <span class='ocrx_word' id='word_1_140' title='bbox 662 1423 735 1451; x_wconf 92' lang='lat' dir='ltr'>seusus</span> <span class='ocrx_word' id='word_1_141' title='bbox 748 1422 773 1450; x_wconf 91' lang='lat' dir='ltr'>ac</span> <span class='ocrx_word' id='word_1_142' title='bbox 786 1409 885 1465; x_wconf 83' lang='lat' dir='ltr'>tergiver-</span> 
     </span>
    </p>

    <p class='ocr_par' dir='ltr' id='par_1_4' title="bbox 49 1477 890 2700">
     <span class='ocr_line' id='line_1_18' title="bbox 49 1477 882 1535; baseline 0.002 -17"><span class='ocrx_word' id='word_1_143' title='bbox 49 1506 52 1512; x_wconf 87' lang='lat'><em>·</em></span> <span class='ocrx_word' id='word_1_144' title='bbox 98 1477 187 1520; x_wconf 89' lang='lat' dir='ltr'>sationes</span> <span class='ocrx_word' id='word_1_145' title='bbox 199 1479 290 1535; x_wconf 80' lang='lat' dir='ltr'>cognitas</span> <span class='ocrx_word' id='word_1_146' title='bbox 299 1478 432 1529; x_wconf 83' lang='lat' dir='ltr'>habebamus,</span> <span class='ocrx_word' id='word_1_147' title='bbox 449 1477 515 1520; x_wconf 89' lang='lat' dir='ltr'>acrius</span> <span class='ocrx_word' id='word_1_148' title='bbox 525 1479 545 1520; x_wconf 93' lang='lat' dir='ltr'>in</span> <span class='ocrx_word' id='word_1_149' title='bbox 555 1478 697 1533; x_wconf 83' lang='lat' dir='ltr'>interrogando</span> <span class='ocrx_word' id='word_1_150' title='bbox 707 1477 837 1534; x_wconf 83' lang='lat' dir='ltr'>perstitimus,</span> <span class='ocrx_word' id='word_1_151' title='bbox 854 1486 882 1532; x_wconf 93' lang='lat' dir='ltr'>et,</span> 
     </span>
     <span class='ocr_line' id='line_1_19' title="bbox 98 1543 890 1603; baseline -0.001 -15"><span class='ocrx_word' id='word_1_152' title='bbox 98 1543 235 1600; x_wconf 90' lang='lat' dir='ltr'>Christumne,</span> <span class='ocrx_word' id='word_1_153' title='bbox 252 1546 347 1599; x_wconf 81' lang='lat' dir='ltr'>diximus,</span> <span class='ocrx_word' id='word_1_154' title='bbox 364 1546 443 1603; x_wconf 90' lang='lat' dir='ltr'>proprie</span> <span class='ocrx_word' id='word_1_155' title='bbox 454 1560 534 1588; x_wconf 91' lang='lat' dir='ltr'>carnem</span> <span class='ocrx_word' id='word_1_156' title='bbox 546 1546 678 1601; x_wconf 81' lang='lat' dir='ltr'>assumpsisse</span> <span class='ocrx_word' id='word_1_157' title='bbox 690 1546 803 1602; x_wconf 79' lang='lat' dir='ltr'>profiteris?</span> <span class='ocrx_word' id='word_1_158' title='bbox 832 1545 890 1588; x_wconf 74' lang='lat' dir='ltr'>Pro·v</span> 
     </span>
     <span class='ocr_line' id='line_1_20' title="bbox 97 1613 884 1671; baseline 0.001 -15"><span class='ocrx_word' id='word_1_159' title='bbox 97 1614 166 1668; x_wconf 85' lang='lat' dir='ltr'>hteor,</span> <span class='ocrx_word' id='word_1_160' title='bbox 189 1615 259 1671; x_wconf 81' lang='lat' dir='ltr'>inquit.</span> <span class='ocrx_word' id='word_1_161' title='bbox 296 1614 412 1658; x_wconf 87' lang='lat' dir='ltr'>Eandemuc</span> <span class='ocrx_word' id='word_1_162' title='bbox 428 1615 452 1657; x_wconf 91' lang='lat' dir='ltr'>de</span> <span class='ocrx_word' id='word_1_163' title='bbox 466 1613 534 1657; x_wconf 88' lang='lat' dir='ltr'>Maria</span> <span class='ocrx_word' id='word_1_164' title='bbox 552 1614 630 1670; x_wconf 83' lang='lat' dir='ltr'>virgine</span> <span class='ocrx_word' id='word_1_165' title='bbox 646 1615 690 1656; x_wconf 90' lang='lat' dir='ltr'>sine</span> <span class='ocrx_word' id='word_1_166' title='bbox 708 1614 763 1657; x_wconf 88' lang='lat' dir='ltr'>ririh</span> <span class='ocrx_word' id='word_1_167' title='bbox 780 1621 838 1668; x_wconf 86' lang='lat' dir='ltr'>satu,</span> <span class='ocrx_word' id='word_1_168' title='bbox 860 1630 884 1657; x_wconf 86' lang='lat' dir='ltr'>ac</span> 
     </span>
     <span class='ocr_line' id='line_1_21' title="bbox 97 1682 882 1740; baseline 0.001 -16"><span class='ocrx_word' id='word_1_169' title='bbox 97 1683 240 1740; x_wconf 90' lang='lat' dir='ltr'>perspiritum</span> <span class='ocrx_word' id='word_1_170' title='bbox 257 1691 347 1726; x_wconf 89' lang='lat' dir='ltr'>sanctum</span> <span class='ocrx_word' id='word_1_171' title='bbox 366 1684 482 1740; x_wconf 82' lang='lat' dir='ltr'>accepisse?</span> <span class='ocrx_word' id='word_1_172' title='bbox 509 1682 543 1726; x_wconf 87' lang='lat' dir='ltr'>Ne</span> <span class='ocrx_word' id='word_1_173' title='bbox 558 1683 611 1725; x_wconf 88' lang='lat' dir='ltr'>istud</span> <span class='ocrx_word' id='word_1_174' title='bbox 629 1683 707 1739; x_wconf 89' lang='lat' dir='ltr'>quidem</span> <span class='ocrx_word' id='word_1_175' title='bbox 725 1682 824 1725; x_wconf 87' lang='lat' dir='ltr'>iuhciatus</span> <span class='ocrx_word' id='word_1_176' title='bbox 843 1691 882 1726; x_wconf 91' lang='grc' dir='ltr'><strong>εει.</strong></span> 
     </span>
     <span class='ocr_line' id='line_1_22' title="bbox 97 1749 884 1809; baseline 0.001 -16"><span class='ocrx_word' id='word_1_177' title='bbox 97 1749 215 1794; x_wconf 90' lang='lat' dir='ltr'>Utrumnam</span> <span class='ocrx_word' id='word_1_178' title='bbox 226 1752 305 1809; x_wconf 88' lang='lat' dir='ltr'>proprie</span> <span class='ocrx_word' id='word_1_179' title='bbox 318 1753 375 1794; x_wconf 92' lang='lat' dir='ltr'>deum</span> <span class='ocrx_word' id='word_1_180' title='bbox 390 1752 473 1795; x_wconf 90' lang='lat' dir='ltr'>verbum</span> <span class='ocrx_word' id='word_1_181' title='bbox 489 1752 559 1807; x_wconf 88' lang='lat' dir='ltr'>deique</span> <span class='ocrx_word' id='word_1_182' title='bbox 570 1752 630 1793; x_wconf 87' lang='lat' dir='ltr'>tilium</span> <span class='ocrx_word' id='word_1_183' title='bbox 642 1752 747 1793; x_wconf 84' lang='lat' dir='ltr'>existimas</span> <span class='ocrx_word' id='word_1_184' title='bbox 759 1766 770 1793; x_wconf 93' lang='lat' dir='ltr'>e</span> <span class='ocrx_word' id='word_1_185' title='bbox 781 1753 838 1794; x_wconf 86' lang='lat' dir='ltr'>coeio</span> <span class='ocrx_word' id='word_1_186' title='bbox 850 1752 884 1794; x_wconf 91' lang='lat' dir='ltr'>de·</span> 
     </span>
     <span class='ocr_line' id='line_1_23' title="bbox 97 1818 884 1878; baseline 0 -16"><span class='ocrx_word' id='word_1_187' title='bbox 97 1821 225 1862; x_wconf 89' lang='lat' dir='ltr'>scendentem</span> <span class='ocrx_word' id='word_1_188' title='bbox 241 1835 321 1862; x_wconf 92' lang='lat' dir='ltr'>carnem</span> <span class='ocrx_word' id='word_1_189' title='bbox 338 1821 447 1878; x_wconf 83' lang='lat' dir='ltr'>sumpsisse</span> <span class='ocrx_word' id='word_1_190' title='bbox 465 1821 488 1862; x_wconf 91' lang='lat' dir='ltr'>de</span> <span class='ocrx_word' id='word_1_191' title='bbox 501 1821 593 1875; x_wconf 81' lang='lat' dir='ltr'>virgine?</span> <span class='ocrx_word' id='word_1_192' title='bbox 621 1818 697 1875; x_wconf 83' lang='lat' dir='ltr'>Magna</span> <span class='ocrx_word' id='word_1_193' title='bbox 713 1820 747 1861; x_wconf 84' lang='lat' dir='ltr'>ille</span> <span class='ocrx_word' id='word_1_194' title='bbox 760 1835 804 1862; x_wconf 91' lang='lat' dir='ltr'>cum</span> <span class='ocrx_word' id='word_1_195' title='bbox 817 1820 884 1875; x_wconf 84' lang='lat' dir='ltr'>gravi-</span> 
     </span>
     <span class='ocr_line' id='line_1_24' title="bbox 97 1887 884 1946; baseline 0.001 -16"><span class='ocrx_word' id='word_1_196' title='bbox 97 1895 137 1931; x_wconf 92' lang='lat' dir='ltr'>tate</span> <span class='ocrx_word' id='word_1_197' title='bbox 155 1902 251 1932; x_wconf 86' lang='lat' dir='ltr'>assensus</span> <span class='ocrx_word' id='word_1_198' title='bbox 267 1896 305 1931; x_wconf 89' lang='lat' dir='ltr'>est.</span> <span class='ocrx_word' id='word_1_199' title='bbox 337 1889 367 1931; x_wconf 84' lang='lat' dir='ltr'>Ea</span> <span class='ocrx_word' id='word_1_200' title='bbox 382 1902 414 1931; x_wconf 90' lang='lat' dir='ltr'>res</span> <span class='ocrx_word' id='word_1_201' title='bbox 433 1890 489 1931; x_wconf 84' lang='lat' dir='ltr'>nobis</span> <span class='ocrx_word' id='word_1_202' title='bbox 506 1902 595 1931; x_wconf 88' lang='lat' dir='ltr'>summae</span> <span class='ocrx_word' id='word_1_203' title='bbox 615 1889 710 1945; x_wconf 88' lang='lat' dir='ltr'>voluptati</span> <span class='ocrx_word' id='word_1_204' title='bbox 727 1888 771 1930; x_wconf 87' lang='lat' dir='ltr'>fuit.</span> <span class='ocrx_word' id='word_1_205' title='bbox 804 1887 884 1946; x_wconf 79' lang='lat' dir='ltr'>Quippe</span> 
     </span>
     <span class='ocr_line' id='line_1_25' title="bbox 98 1955 882 2014; baseline 0.003 -17"><span class='ocrx_word' id='word_1_206' title='bbox 98 1970 109 1997; x_wconf 91' lang='lat' dir='ltr'>a</span> <span class='ocrx_word' id='word_1_207' title='bbox 122 1956 223 2014; x_wconf 87' lang='lat' dir='ltr'>discipulis</span> <span class='ocrx_word' id='word_1_208' title='bbox 234 1957 286 2010; x_wconf 82' lang='lat' dir='ltr'>iltis,</span> <span class='ocrx_word' id='word_1_209' title='bbox 303 1972 352 2013; x_wconf 92' lang='lat' dir='ltr'>qnos</span> <span class='ocrx_word' id='word_1_210' title='bbox 364 1958 385 1999; x_wconf 90' lang='lat' dir='ltr'>in</span> <span class='ocrx_word' id='word_1_211' title='bbox 397 1955 485 2013; x_wconf 85' lang='lat' dir='ltr'>Cyprum</span> <span class='ocrx_word' id='word_1_212' title='bbox 496 1957 520 1999; x_wconf 91' lang='lat' dir='ltr'>ad</span> <span class='ocrx_word' id='word_1_213' title='bbox 532 1971 569 1999; x_wconf 91' lang='lat' dir='ltr'>nos</span> <span class='ocrx_word' id='word_1_214' title='bbox 580 1958 662 1999; x_wconf 86' lang='lat' dir='ltr'>venisse</span> <span class='ocrx_word' id='word_1_215' title='bbox 674 1964 732 1999; x_wconf 91' lang='lat' dir='ltr'>antea</span> <span class='ocrx_word' id='word_1_216' title='bbox 747 1958 882 2010; x_wconf 87' lang='lat' dir='ltr'>narravimus,</span> 
     </span>
     <span class='ocr_line' id='line_1_26' title="bbox 97 2022 884 2081; baseline 0.001 -15"><span class='ocrx_word' id='word_1_217' title='bbox 97 2025 194 2068; x_wconf 90' lang='lat' dir='ltr'>eiusmodi</span> <span class='ocrx_word' id='word_1_218' title='bbox 207 2039 253 2067; x_wconf 86' lang='lat' dir='ltr'>esse</span> <span class='ocrx_word' id='word_1_219' title='bbox 266 2026 336 2081; x_wconf 82' lang='lat' dir='ltr'>dogma</span> <span class='ocrx_word' id='word_1_220' title='bbox 352 2025 431 2068; x_wconf 89' lang='lat' dir='ltr'>illorum</span> <span class='ocrx_word' id='word_1_221' title='bbox 445 2025 582 2076; x_wconf 88' lang='lat' dir='ltr'>audieramus,</span> <span class='ocrx_word' id='word_1_222' title='bbox 607 2022 683 2067; x_wconf 90' lang='lat' dir='ltr'>Christi</span> <span class='ocrx_word' id='word_1_223' title='bbox 700 2039 780 2067; x_wconf 92' lang='lat' dir='ltr'>carnem</span> <span class='ocrx_word' id='word_1_224' title='bbox 794 2024 884 2067; x_wconf 85' lang='lat' dir='ltr'>eMaria</span> 
     </span>
     <span class='ocr_line' id='line_1_27' title="bbox 98 2092 883 2151; baseline 0.001 -16"><span class='ocrx_word' id='word_1_225' title='bbox 98 2095 152 2136; x_wconf 85' lang='lat' dir='ltr'>nullo</span> <span class='ocrx_word' id='word_1_226' title='bbox 163 2095 221 2137; x_wconf 92' lang='lat' dir='ltr'>modo</span> <span class='ocrx_word' id='word_1_227' title='bbox 235 2108 280 2136; x_wconf 89' lang='lat' dir='ltr'>esse</span> <span class='ocrx_word' id='word_1_228' title='bbox 293 2102 413 2151; x_wconf 86' lang='lat' dir='ltr'>susceptam.</span> <span class='ocrx_word' id='word_1_229' title='bbox 446 2093 515 2149; x_wconf 78' lang='lat' dir='ltr'>Quare</span> <span class='ocrx_word' id='word_1_230' title='bbox 526 2109 570 2135; x_wconf 92' lang='lat' dir='ltr'>cum</span> <span class='ocrx_word' id='word_1_231' title='bbox 582 2094 745 2149; x_wconf 81' lang='lat' dir='ltr'>religiosissimus</span> <span class='ocrx_word' id='word_1_232' title='bbox 758 2095 797 2135; x_wconf 90' lang='lat' dir='ltr'>iste</span> <span class='ocrx_word' id='word_1_233' title='bbox 808 2092 883 2136; x_wconf 87' lang='lat' dir='ltr'>Vitalis</span> 
     </span>
     <span class='ocr_line' id='line_1_28' title="bbox 98 2161 882 2219; baseline 0.001 -16"><span class='ocrx_word' id='word_1_234' title='bbox 98 2162 198 2205; x_wconf 89' lang='lat' dir='ltr'>domiuum</span> <span class='ocrx_word' id='word_1_235' title='bbox 214 2170 302 2205; x_wconf 90' lang='lat' dir='ltr'>nostrum</span> <span class='ocrx_word' id='word_1_236' title='bbox 316 2161 381 2205; x_wconf 83' lang='lat' dir='ltr'>lesum</span> <span class='ocrx_word' id='word_1_237' title='bbox 395 2161 497 2205; x_wconf 89' lang='lat' dir='ltr'>Christum</span> <span class='ocrx_word' id='word_1_238' title='bbox 511 2176 590 2205; x_wconf 90' lang='lat' dir='ltr'>carnem</span> <span class='ocrx_word' id='word_1_239' title='bbox 603 2176 614 2203; x_wconf 91' lang='lat' dir='ltr'>e</span> <span class='ocrx_word' id='word_1_240' title='bbox 626 2161 692 2204; x_wconf 86' lang='lat' dir='ltr'>Maria</span> <span class='ocrx_word' id='word_1_241' title='bbox 705 2163 792 2204; x_wconf 83' lang='lat' dir='ltr'>traxisse</span> <span class='ocrx_word' id='word_1_242' title='bbox 803 2163 882 2219; x_wconf 91' lang='lat' dir='ltr'>praedi-</span> 
     </span>
     <span class='ocr_line' id='line_1_29' title="bbox 98 2230 883 2287; baseline 0.001 -15"><span class='ocrx_word' id='word_1_243' title='bbox 98 2239 165 2283; x_wconf 85' lang='lat' dir='ltr'>caret,</span> <span class='ocrx_word' id='word_1_244' title='bbox 189 2232 260 2273; x_wconf 90' lang='lat' dir='ltr'>iterum</span> <span class='ocrx_word' id='word_1_245' title='bbox 278 2246 288 2272; x_wconf 93' lang='lat' dir='ltr'>a</span> <span class='ocrx_word' id='word_1_246' title='bbox 305 2231 363 2273; x_wconf 90' lang='lat' dir='ltr'>nobis</span> <span class='ocrx_word' id='word_1_247' title='bbox 381 2231 516 2287; x_wconf 86' lang='lat' dir='ltr'>interrogatus</span> <span class='ocrx_word' id='word_1_248' title='bbox 533 2238 575 2283; x_wconf 89' lang='lat' dir='ltr'>est,</span> <span class='ocrx_word' id='word_1_249' title='bbox 598 2245 645 2273; x_wconf 92' lang='lat' dir='ltr'>num</span> <span class='ocrx_word' id='word_1_250' title='bbox 661 2238 681 2272; x_wconf 90' lang='lat' dir='ltr'>et</span> <span class='ocrx_word' id='word_1_251' title='bbox 694 2231 779 2272; x_wconf 89' lang='lat' dir='ltr'>animam</span> <span class='ocrx_word' id='word_1_252' title='bbox 795 2230 883 2273; x_wconf 89' lang='lat' dir='ltr'>indidem</span> 
     </span>
     <span class='ocr_line' id='line_1_30' title="bbox 97 2298 882 2357; baseline 0 -16"><span class='ocrx_word' id='word_1_253' title='bbox 97 2299 216 2357; x_wconf 80' lang='lat' dir='ltr'>accepisset.</span> <span class='ocrx_word' id='word_1_254' title='bbox 246 2299 282 2341; x_wconf 82' lang='lat' dir='ltr'>tue</span> <span class='ocrx_word' id='word_1_255' title='bbox 299 2301 340 2355; x_wconf 93' lang='lat' dir='ltr'>pari</span> <span class='ocrx_word' id='word_1_256' title='bbox 359 2301 458 2356; x_wconf 83' lang='lat' dir='ltr'>gravitate</span> <span class='ocrx_word' id='word_1_257' title='bbox 471 2315 496 2341; x_wconf 93' lang='lat' dir='ltr'>ac</span> <span class='ocrx_word' id='word_1_258' title='bbox 511 2299 623 2341; x_wconf 88' lang='lat' dir='ltr'>constantia</span> <span class='ocrx_word' id='word_1_259' title='bbox 638 2298 740 2355; x_wconf 88' lang='lat' dir='ltr'>accepisse</span> <span class='ocrx_word' id='word_1_260' title='bbox 757 2300 825 2341; x_wconf 77' lang='lat' dir='ltr'>fassus</span> <span class='ocrx_word' id='word_1_261' title='bbox 843 2307 882 2352; x_wconf 91' lang='lat' dir='ltr'>est,</span> 
     </span>
     <span class='ocr_line' id='line_1_31' title="bbox 97 2368 884 2425; baseline 0 -15"><span class='ocrx_word' id='word_1_262' title='bbox 97 2381 162 2424; x_wconf 91' lang='lat' dir='ltr'>neque</span> <span class='ocrx_word' id='word_1_263' title='bbox 175 2368 234 2410; x_wconf 90' lang='lat' dir='ltr'>ahter</span> <span class='ocrx_word' id='word_1_264' title='bbox 252 2369 394 2421; x_wconf 91' lang='lat' dir='ltr'>asserendum,</span> <span class='ocrx_word' id='word_1_265' title='bbox 417 2369 484 2410; x_wconf 87' lang='lat' dir='ltr'>sedin</span> <span class='ocrx_word' id='word_1_266' title='bbox 497 2368 588 2410; x_wconf 92' lang='lat' dir='ltr'>omnihus</span> <span class='ocrx_word' id='word_1_267' title='bbox 606 2369 657 2423; x_wconf 93' lang='lat' dir='ltr'>quod</span> <span class='ocrx_word' id='word_1_268' title='bbox 669 2382 739 2410; x_wconf 89' lang='lat' dir='ltr'>verum</span> <span class='ocrx_word' id='word_1_269' title='bbox 751 2375 781 2409; x_wconf 90' lang='lat' dir='ltr'>est</span> <span class='ocrx_word' id='word_1_270' title='bbox 795 2382 884 2425; x_wconf 92' lang='lat' dir='ltr'>pronun-</span> 
     </span>
     <span class='ocr_line' id='line_1_32' title="bbox 98 2435 883 2492; baseline 0.004 -16"><span class='ocrx_word' id='word_1_271' title='bbox 98 2436 186 2478; x_wconf 91' lang='lat' dir='ltr'>tiandum</span> <span class='ocrx_word' id='word_1_272' title='bbox 200 2450 245 2478; x_wconf 89' lang='lat' dir='ltr'>esse</span> <span class='ocrx_word' id='word_1_273' title='bbox 257 2437 315 2478; x_wconf 88' lang='lat' dir='ltr'>dixit.</span> <span class='ocrx_word' id='word_1_274' title='bbox 346 2435 455 2478; x_wconf 87' lang='lat' dir='ltr'>Enimvero</span> <span class='ocrx_word' id='word_1_275' title='bbox 470 2450 554 2478; x_wconf 88' lang='lat' dir='ltr'>necesse</span> <span class='ocrx_word' id='word_1_276' title='bbox 569 2443 601 2478; x_wconf 91' lang='grc' dir='ltr'>εει</span> <span class='ocrx_word' id='word_1_277' title='bbox 613 2449 658 2478; x_wconf 89' lang='lat' dir='ltr'>eum</span> <span class='ocrx_word' id='word_1_278' title='bbox 670 2436 738 2492; x_wconf 90' lang='lat' dir='ltr'>quide</span> <span class='ocrx_word' id='word_1_279' title='bbox 751 2437 835 2479; x_wconf 88' lang='lat' dir='ltr'>veritate</span> <span class='ocrx_word' id='word_1_280' title='bbox 847 2437 883 2479; x_wconf 91' lang='lat' dir='ltr'>ho-</span> 
     </span>
     <span class='ocr_line' id='line_1_33' title="bbox 98 2504 884 2547; baseline 0.003 -2"><span class='ocrx_word' id='word_1_281' title='bbox 98 2504 184 2546; x_wconf 90' lang='lat' dir='ltr'>miuibus</span> <span class='ocrx_word' id='word_1_282' title='bbox 202 2504 276 2547; x_wconf 91' lang='lat' dir='ltr'>scribat</span> <span class='ocrx_word' id='word_1_283' title='bbox 293 2512 336 2547; x_wconf 89' lang='lat' dir='ltr'>tcto</span> <span class='ocrx_word' id='word_1_284' title='bbox 347 2504 407 2547; x_wconf 87' lang='lat' dir='ltr'>animi</span> <span class='ocrx_word' id='word_1_285' title='bbox 424 2512 495 2546; x_wconf 91' lang='lat' dir='ltr'>conatu</span> <span class='ocrx_word' id='word_1_286' title='bbox 506 2504 557 2546; x_wconf 93' lang='lat' dir='ltr'>inid</span> <span class='ocrx_word' id='word_1_287' title='bbox 570 2519 631 2546; x_wconf 91' lang='lat' dir='ltr'>unum</span> <span class='ocrx_word' id='word_1_288' title='bbox 643 2504 757 2546; x_wconf 86' lang='lat' dir='ltr'>incumbere</span> <span class='ocrx_word' id='word_1_289' title='bbox 769 2512 792 2546; x_wconf 90' lang='lat' dir='ltr'>ut</span> <span class='ocrx_word' id='word_1_290' title='bbox 801 2504 833 2547; x_wconf 91' lang='lat' dir='ltr'>dei</span> <span class='ocrx_word' id='word_1_291' title='bbox 846 2504 884 2547; x_wconf 92' lang='lat' dir='ltr'>sibi</span> 
     </span>
     <span class='ocr_line' id='line_1_34' title="bbox 99 2572 884 2632; baseline 0.001 -18"><span class='ocrx_word' id='word_1_292' title='bbox 99 2572 189 2616; x_wconf 90' lang='lat' dir='ltr'>timorem</span> <span class='ocrx_word' id='word_1_293' title='bbox 201 2573 226 2616; x_wconf 94' lang='lat' dir='ltr'>ob</span> <span class='ocrx_word' id='word_1_294' title='bbox 237 2572 305 2615; x_wconf 83' lang='lat' dir='ltr'>ocutos</span> <span class='ocrx_word' id='word_1_295' title='bbox 317 2580 425 2632; x_wconf 85' lang='lat' dir='ltr'>proponat,</span> <span class='ocrx_word' id='word_1_296' title='bbox 442 2587 506 2630; x_wconf 92' lang='lat' dir='ltr'>neque</span> <span class='ocrx_word' id='word_1_297' title='bbox 517 2573 586 2615; x_wconf 85' lang='lat' dir='ltr'>falsum</span> <span class='ocrx_word' id='word_1_298' title='bbox 598 2573 701 2630; x_wconf 90' lang='lat' dir='ltr'>quicquam</span> <span class='ocrx_word' id='word_1_299' title='bbox 713 2587 736 2615; x_wconf 93' lang='lat' dir='ltr'>ac</span> <span class='ocrx_word' id='word_1_300' title='bbox 748 2580 824 2616; x_wconf 89' lang='lat' dir='ltr'>temere</span> <span class='ocrx_word' id='word_1_301' title='bbox 836 2588 884 2615; x_wconf 90' lang='lat' dir='ltr'>con-</span> 
     </span>
     <span class='ocr_line' id='line_1_35' title="bbox 98 2642 606 2700; baseline 0 -15"><span class='ocrx_word' id='word_1_302' title='bbox 98 2642 164 2685; x_wconf 82' lang='lat' dir='ltr'>fictum</span> <span class='ocrx_word' id='word_1_303' title='bbox 180 2643 204 2685; x_wconf 91' lang='lat' dir='ltr'>ad</span> <span class='ocrx_word' id='word_1_304' title='bbox 219 2649 331 2699; x_wconf 87' lang='lat' dir='ltr'>susceptam</span> <span class='ocrx_word' id='word_1_305' title='bbox 347 2642 476 2700; x_wconf 85' lang='lat' dir='ltr'>scriptionem</span> <span class='ocrx_word' id='word_1_306' title='bbox 492 2642 606 2686; x_wconf 87' lang='lat' dir='ltr'>admisceat.</span> 
     </span>
    </p>

    <p class='ocr_par' dir='ltr' id='par_1_5' title="bbox 98 2709 972 2838">
     <span class='ocr_line' id='line_1_36' title="bbox 155 2709 960 2769; baseline 0.006 -16"><span class='ocrx_word' id='word_1_307' title='bbox 155 2710 219 2768; x_wconf 81' lang='lat' dir='ltr'>igitur</span> <span class='ocrx_word' id='word_1_308' title='bbox 230 2710 303 2754; x_wconf 83' lang='lat' dir='ltr'>Vitatis</span> <span class='ocrx_word' id='word_1_309' title='bbox 316 2711 420 2753; x_wconf 91' lang='lat' dir='ltr'>humanam</span> <span class='ocrx_word' id='word_1_310' title='bbox 431 2726 442 2753; x_wconf 90' lang='lat' dir='ltr'>a</span> <span class='ocrx_word' id='word_1_311' title='bbox 454 2709 536 2755; x_wconf 91' lang='lat' dir='ltr'>Christo</span> <span class='ocrx_word' id='word_1_312' title='bbox 549 2712 634 2755; x_wconf 89' lang='lat' dir='ltr'>animam</span> <span class='ocrx_word' id='word_1_313' title='bbox 650 2718 762 2769; x_wconf 88' lang='lat' dir='ltr'>susceptam</span> <span class='ocrx_word' id='word_1_314' title='bbox 775 2725 820 2755; x_wconf 88' lang='lat' dir='ltr'>esse</span> <span class='ocrx_word' id='word_1_315' title='bbox 834 2726 882 2755; x_wconf 92' lang='lat' dir='ltr'>con·</span> <span class='ocrx_word' id='word_1_316' title='bbox 918 2723 960 2768; x_wconf 77' lang='lat' dir='ltr'>Gap.</span> 
     </span>
     <span class='ocr_line' id='line_1_37' title="bbox 98 2769 972 2838; baseline 0.003 -17"><span class='ocrx_word' id='word_1_317' title='bbox 98 2781 164 2824; x_wconf 83' lang='lat' dir='ltr'>tessus</span> <span class='ocrx_word' id='word_1_318' title='bbox 181 2789 218 2823; x_wconf 93' lang='grc' dir='ltr'><strong>εει.</strong></span> <span class='ocrx_word' id='word_1_319' title='bbox 251 2779 285 2824; x_wconf 89' lang='lat' dir='ltr'>Sic</span> <span class='ocrx_word' id='word_1_320' title='bbox 297 2780 349 2822; x_wconf 92' lang='lat' dir='ltr'>enim</span> <span class='ocrx_word' id='word_1_321' title='bbox 367 2780 444 2823; x_wconf 88' lang='lat' dir='ltr'>aiebat:</span> <span class='ocrx_word' id='word_1_322' title='bbox 461 2779 549 2825; x_wconf 82' lang='lat' dir='ltr'>Omnino</span> <span class='ocrx_word' id='word_1_323' title='bbox 561 2782 660 2838; x_wconf 86' lang='lat' dir='ltr'>perfectus</span> <span class='ocrx_word' id='word_1_324' title='bbox 672 2781 731 2824; x_wconf 92' lang='lat' dir='ltr'>bomo</span> <span class='ocrx_word' id='word_1_325' title='bbox 742 2779 835 2824; x_wconf 89' lang='lat' dir='ltr'>Christus</span> <span class='ocrx_word' id='word_1_326' title='bbox 846 2796 883 2824; x_wconf 82' lang='lat' dir='ltr'>cx·</span> <span class='ocrx_word' id='word_1_327' title='bbox 905 2769 972 2807; x_wconf 54' lang='grc' dir='ltr'>ΠΝ</span> 
     </span>
    </p>

    <p class='ocr_par' dir='ltr' id='par_1_6' title="bbox 65 2848 882 3050">
     <span class='ocr_line' id='line_1_38' title="bbox 65 2848 882 2907; baseline 0.004 -18"><span class='ocrx_word' id='word_1_328' title='bbox 65 2885 67 2889; x_wconf 32' lang='grc'>«</span> <span class='ocrx_word' id='word_1_329' title='bbox 98 2848 145 2891; x_wconf 84' lang='grc' dir='ltr'><strong>ιὶιίι.</strong></span> <span class='ocrx_word' id='word_1_330' title='bbox 177 2849 255 2892; x_wconf 88' lang='lat' dir='ltr'>Deinde</span> <span class='ocrx_word' id='word_1_331' title='bbox 269 2857 372 2907; x_wconf 90' lang='lat' dir='ltr'>postquam</span> <span class='ocrx_word' id='word_1_332' title='bbox 390 2851 414 2891; x_wconf 91' lang='lat' dir='ltr'>de</span> <span class='ocrx_word' id='word_1_333' title='bbox 428 2850 494 2893; x_wconf 88' lang='lat' dir='ltr'>anima</span> <span class='ocrx_word' id='word_1_334' title='bbox 512 2858 532 2893; x_wconf 92' lang='lat' dir='ltr'>et</span> <span class='ocrx_word' id='word_1_335' title='bbox 548 2865 608 2893; x_wconf 90' lang='lat' dir='ltr'>carne</span> <span class='ocrx_word' id='word_1_336' title='bbox 624 2852 721 2894; x_wconf 90' lang='lat' dir='ltr'>sciscitati</span> <span class='ocrx_word' id='word_1_337' title='bbox 738 2865 819 2904; x_wconf 89' lang='lat' dir='ltr'>sumus,</span> <span class='ocrx_word' id='word_1_338' title='bbox 841 2858 882 2893; x_wconf 92' lang='lat' dir='ltr'>tum</span> 
     </span>
     <span class='ocr_line' id='line_1_39' title="bbox 100 2918 882 2976; baseline 0.004 -17"><span class='ocrx_word' id='word_1_339' title='bbox 100 2918 177 2961; x_wconf 90' lang='lat' dir='ltr'>demum</span> <span class='ocrx_word' id='word_1_340' title='bbox 187 2919 240 2963; x_wconf 92' lang='lat' dir='ltr'>istud</span> <span class='ocrx_word' id='word_1_341' title='bbox 253 2920 277 2962; x_wconf 90' lang='lat' dir='ltr'>ab</span> <span class='ocrx_word' id='word_1_342' title='bbox 291 2934 315 2962; x_wconf 91' lang='lat' dir='ltr'>eo</span> <span class='ocrx_word' id='word_1_343' title='bbox 328 2919 471 2976; x_wconf 87' lang='lat' dir='ltr'>quaesivimus,</span> <span class='ocrx_word' id='word_1_344' title='bbox 487 2919 604 2964; x_wconf 86' lang='lat' dir='ltr'>Mentemne</span> <span class='ocrx_word' id='word_1_345' title='bbox 617 2918 711 2963; x_wconf 88' lang='lat' dir='ltr'>Christus</span> <span class='ocrx_word' id='word_1_346' title='bbox 722 2920 812 2962; x_wconf 88' lang='lat' dir='ltr'>dominus</span> <span class='ocrx_word' id='word_1_347' title='bbox 825 2934 882 2962; x_wconf 90' lang='lat' dir='ltr'>acce-</span> 
     </span>
     <span class='ocr_line' id='line_1_40' title="bbox 99 2986 882 3050; baseline 0.005 -23"><span class='ocrx_word' id='word_1_348' title='bbox 99 2986 140 3046; x_wconf 82' lang='lat' dir='ltr'>put</span> <span class='ocrx_word' id='word_1_349' title='bbox 170 2986 219 3032; x_wconf 86' lang='lat' dir='ltr'>Sine</span> <span class='ocrx_word' id='word_1_350' title='bbox 231 2990 268 3034; x_wconf 84' lang='lat' dir='ltr'>nita</span> <span class='ocrx_word' id='word_1_351' title='bbox 279 2989 405 3034; x_wconf 83' lang='lat' dir='ltr'>cunctatione</span> <span class='ocrx_word' id='word_1_352' title='bbox 414 2990 503 3050; x_wconf 77' lang='lat' dir='ltr'>negavit.</span> <span class='ocrx_word' id='word_1_353' title='bbox 533 2989 585 3032; x_wconf 81' lang='lat' dir='ltr'>Tum</span> <span class='ocrx_word' id='word_1_354' title='bbox 597 3003 634 3031; x_wconf 93' lang='lat' dir='ltr'>nos</span> <span class='ocrx_word' id='word_1_355' title='bbox 646 3004 672 3033; x_wconf 84' lang='lat' dir='ltr'>ex</span> <span class='ocrx_word' id='word_1_356' title='bbox 685 2991 779 3050; x_wconf 73' lang='lat' dir='ltr'>adverso,</span> <span class='ocrx_word' id='word_1_357' title='bbox 796 2988 882 3046; x_wconf 76' lang='lat' dir='ltr'>Quinam</span> 
     </span>
    </p>
   </div>
   <div class='ocr_carea' id='block_1_4' title="bbox 0 0 998 3392">
    <p class='ocr_par' dir='ltr' id='par_1_7' title="bbox 0 0 998 3392">
     <span class='ocr_line' id='line_1_41' title="bbox 0 0 998 3392; baseline 0 1"><span class='ocrx_word' id='word_1_358' title='bbox 0 0 998 3392; x_wconf 95' lang='lat' dir='ltr'> </span> 
     </span>
    </p>
   </div>
  </div>
 </body>
</html>
