1988 3392
246 226 340 261 cannen
350 227 394 262 nin.
404 229 434 262 nr.
445 227 500 263 rora.
509 228 523 261 r.
534 226 603 260 naun.
612 225 693 259 nxxrr.
818 214 859 257 281

77 313 131 351 sunt.
146 301 148 304 ’
162 305 210 349 Non
221 306 273 349 enini
286 308 305 349 in
317 306 439 364 syllogismis
452 308 600 364 argumentisve
613 319 697 362 regnum
708 305 795 347 coeleste
807 303 860 361 posi·

78 384 118 418 tum
130 382 172 428 cst,
194 389 258 432 neque
273 376 293 417 in
311 376 413 432 arroganti
427 376 534 432 inflatuque
549 389 655 426 sermone,
678 377 712 415 sed
722 377 742 415 in
756 377 827 414 certate
836 378 963 415 uel-Gor-ttt·

77 447 164 486 veritate.
195 444 240 487 Nos
258 452 323 486 autem
336 445 385 486 satis
398 458 496 501 superque
511 445 607 486 hactenus
622 452 675 486 tuam
692 443 746 484 illam
757 444 781 484 de
793 442 860 499 priva-

78 513 131 555 tione
144 512 270 555 affectionum
281 527 305 555 ac
318 513 436 569 positionum
448 513 598 570 disputationem
610 509 734 564 audirimus,
750 518 791 553 tum
802 511 859 567 geni-

42 613 44 615 ψ
77 589 117 623 tam
128 581 180 622 illam
190 581 337 638 ingenitamque
351 582 481 624 substantiam
497 582 641 623 adsciscentem
655 582 705 633 sibi,
727 581 760 623 vel
771 595 811 621 non
826 581 860 621 ad-

77 649 195 691 scisccutem
208 650 293 706 aliquid,
309 657 330 692 et
340 664 378 692 una
389 665 432 692 cum
444 651 549 693 allectione
562 650 618 692 lunius
630 665 708 706 quoquae
719 651 816 691 iacturam
826 662 860 705 pa·

78 717 172 770 tientem,
189 732 226 760 nec
240 734 279 760 uun
291 726 311 760 et
323 719 346 760 de
359 719 468 761 substantia
480 719 548 774 genita
561 719 620 761 simul
635 719 733 774 implicata
745 726 766 759 et
776 717 861 774 ingeniti

77 785 196 839 allectione,
217 794 258 829 tum
273 788 297 829 de
308 787 377 829 sobole
393 790 472 843 genita,
495 801 545 843 quac
556 801 592 844 per
604 788 700 843 quendam
713 787 775 829 veluti
787 787 861 828 transi-

79 862 118 897 tum
130 869 227 912 expressa
238 856 403 912 significationem
417 855 544 898 nihilominus
556 856 690 912 permanentis
704 856 815 898 affectionis
825 856 860 898 ha-

78 923 123 974 bet,
139 930 160 965 et
172 937 199 966 ex
211 932 281 966 natura
294 924 385 981 quapiam
398 923 571 966 commutationem
587 925 671 975 indicat,
693 932 737 966 eum
748 925 815 981 genita
826 939 860 966 so-

78 992 134 1035 boles
145 993 262 1049 appellatur.
286 992 341 1048 Ergo
353 992 422 1034 iisdem
435 993 530 1035 derebus
542 993 611 1034 eadem
623 993 704 1049 saepius
715 999 750 1034 tuo
762 1007 789 1035 ex
803 993 860 1049 inge-

78 1061 111 1103 nio
127 1062 233 1117 proponis,
250 1062 301 1117 quod
317 1061 385 1103 eadem
401 1061 501 1103 inculcare
517 1061 597 1117 saepius
612 1061 661 1102 nihil
677 1069 766 1102 veretur.

134 1129 190 1171 Aelii
207 1127 272 1186 Caput
283 1127 347 1172 XXl.
379 1127 401 1172 Si
419 1137 457 1171 tam
473 1129 582 1185 ingenitum
600 1144 657 1185 quam
677 1129 764 1185 genitum
781 1129 860 1172 allectio

78 1198 115 1250 sit,
132 1198 256 1240 substantiae
266 1198 344 1254 quidem
355 1198 466 1240 affectionis
478 1198 568 1254 priores,
584 1198 700 1240 affectiones
712 1212 772 1254 porro
786 1199 814 1240 uti
826 1212 861 1240 na·

78 1274 121 1309 tura
133 1267 268 1323 posteriores,
284 1266 314 1309 sic
324 1267 555 1323 iisdemanteponendae
565 1274 619 1309 sunt.
650 1265 709 1322 Quod
723 1267 741 1309 si
751 1267 861 1322 ingenitum

78 1334 140 1392 geniti
152 1349 224 1377 caussa
236 1342 278 1388 est,
301 1335 359 1391 eique
377 1336 455 1377 confert
466 1342 488 1377 nt
499 1336 585 1387 existat,
609 1336 696 1390 genitum
709 1350 759 1378 veru
770 1350 861 1378 caussam

78 1404 140 1459 ipsam
152 1403 275 1445 substantiae
287 1418 324 1446 sua
335 1404 416 1445 notione
428 1404 563 1459 complectens
576 1404 707 1445 substantiam
723 1404 798 1460 ipsam,
820 1419 861 1446 non

78 1472 203 1514 affectionem
214 1472 321 1529 exprimit,
338 1487 382 1514 cnm
392 1472 481 1527 ingenita
491 1479 562 1514 natura
574 1472 622 1514 nihil
632 1472 675 1529 ipsa
686 1486 753 1514 secum
764 1473 859 1526 includat,

79 1555 145 1582 nonne
160 1541 271 1583 substantia
286 1541 351 1597 potius
368 1555 425 1596 quarn
441 1541 520 1582 affectio
536 1541 631 1597 quaedam
647 1541 706 1583 debet
721 1541 799 1583 videri?

136 1607 295 1654 ConfutXXl.
326 1608 343 1652 l.
361 1608 392 1653 De
404 1609 542 1653 affectionibus
555 1625 599 1652 cum
613 1611 636 1652 de
646 1610 712 1653 divina
724 1618 806 1664 natura,
827 1626 862 1669 pe·
927 1655 929 1657 ,

78 1680 135 1722 rinde
146 1694 169 1722 ae
180 1680 204 1721 de
217 1679 345 1722 inleriurihus
357 1680 394 1721 deo
407 1679 504 1736 disputat,
526 1680 597 1723 iterum
611 1695 672 1737 agere
685 1681 770 1722 instituit
779 1681 860 1734 Adtins,

77 1756 99 1792 ut
113 1748 271 1792 animadvertere
282 1749 374 1806 potestis,
390 1749 481 1791 veritatis
491 1749 575 1791 studiosi
586 1764 663 1793 omues.
685 1748 708 1792 ln
718 1765 757 1807 quo
767 1751 862 1794 nonnulla

78 1819 145 1876 priora
159 1819 218 1870 lauit,
240 1819 278 1860 alia
289 1818 409 1875 posteriora.
442 1819 503 1875 Atqui
515 1819 582 1875 priora
593 1820 632 1862 nlla
645 1820 665 1861 in
677 1820 727 1872 deo,
749 1820 782 1862 vel
796 1828 862 1877 poste-

77 1888 132 1930 riura
143 1888 276 1941 constituere,
299 1901 323 1930 uc
335 1901 427 1930 sermone
445 1887 522 1943 quidem
538 1888 592 1930 lieet.
624 1888 703 1931 Etenim
719 1889 777 1932 simul
788 1889 809 1931 iu
824 1890 861 1932 deo

77 1957 145 1999 insunt
154 1955 261 2008 universa,
277 1971 314 1998 nee
323 1957 459 1998 accessionem
469 1957 553 2012 aliquam
566 1958 673 2000 desiderat.
705 1956 806 2013 Quocirca
817 1973 861 2000 cum

78 2026 164 2081 genitam
176 2025 264 2066 sobolem
279 2025 373 2077 dicimus,
390 2025 437 2066 nihil
449 2025 529 2066 omnino
539 2027 680 2082 temporarium
692 2028 755 2083 pietas
767 2028 860 2070 admittit.

76 2093 131 2149 Nam
147 2093 168 2135 in
183 2092 310 2135 sanctissima
327 2094 428 2145 trinitate,
452 2094 489 2135 hoc
505 2101 536 2136 est
551 2096 587 2136 deo
606 2102 673 2151 patre,
696 2096 736 2137 lilio
753 2104 773 2137 et
790 2097 861 2153 spiritu

77 2170 159 2215 sancto,
182 2161 215 2218 qui
231 2169 261 2204 est
272 2163 321 2204 deus
333 2163 436 2215 existens,
457 2170 514 2219 pater
527 2164 617 2206 existens
627 2171 722 2217 vocatur,
739 2179 776 2207 nec
790 2181 829 2207 nnn
842 2173 861 2207 et

78 2232 170 2274 existens
181 2232 233 2273 lilius
248 2245 291 2273 cum
304 2231 405 2273 existente
416 2240 554 2288 cornparatus,
571 2233 595 2275 ab
606 2247 669 2289 eoque
679 2233 729 2275 citra
741 2234 817 2277 initium
832 2236 861 2277 ul-

78 2301 118 2342 lum
128 2307 243 2356 tempusque
253 2300 344 2355 genitus3
361 2309 382 2342 ut
394 2315 421 2343 ex
432 2302 457 2343 iis
465 2302 574 2358 scripturae
585 2303 634 2344 locis
646 2303 786 2360 intelligimus:
802 2308 863 2359 Apud
881 2312 939 2376 {⁸5³¹}ss

78 2378 96 2410 te
105 2371 188 2424 estserae
201 2372 262 2409 vitoe:
282 2370 342 2421 itcm,
358 2373 381 2410 In
397 2373 511 2411 larmr'netno
526 2373 715 2413 vadebrinnslnrnen:
736 2380 767 2424 et,
785 2376 863 2426 Quies!
905 2368 910 2383 ³
937 2369 941 2376 ’

78 2442 97 2480 in
110 2441 239 2491 cleopatrae:
260 2438 319 2489 item,
337 2442 360 2479 In
370 2442 617 2493 principaberutverbnrn,
640 2450 660 2481 et
670 2443 747 2482 verdum
756 2450 801 2483 erut
810 2447 965 2496 upndloann.1,1.

77 2510 143 2559 deum,
164 2509 240 2548 etdens
255 2509 394 2549 erutverdnm.
427 2506 524 2550 Similiter
540 2515 559 2550 et
572 2509 596 2551 de
608 2510 679 2565 spiritu
694 2518 776 2552 sancto:
798 2514 862 2565 Spalu'-
873 2530 957 2567 affige

78 2585 171 2617 tesmens
187 2578 306 2617 consr'stitz'n
317 2580 377 2617 medio
391 2581 456 2618 nestri.
489 2576 552 2619 Vides
568 2593 625 2634 quam
644 2579 692 2621 nihil
703 2580 722 2620 in
734 2579 824 2622 trinitate
836 2582 862 2623 sit

78 2647 163 2687 recens?
191 2644 248 2688 Unde
261 2658 297 2686 nec
309 2645 420 2688 substantia
431 2646 568 2697 allectionem,
591 2661 628 2688 nec
640 2648 770 2690 substantium
782 2657 862 2692 antece-

78 2714 106 2756 dit
117 2714 204 2756 affeetim
236 2711 330 2756 Ceterum
344 2714 470 2756 affectionem
481 2730 525 2757 cum
538 2716 633 2769 dicimus,
658 2732 697 2760 non
710 2718 774 2759 llnxas
785 2719 829 2760 illas
842 2727 861 2762 et

78 2784 164 2825 caducas
175 2782 314 2839 intelligimus,
337 2797 387 2838 qnae
403 2785 423 2825 in
435 2799 552 2841 unaquaque
564 2799 631 2826 earum
644 2800 711 2828 rerum
725 2802 775 2843 qnae
787 2788 861 2830 adveu-

79 2850 127 2893 titiis
144 2851 204 2893 rebus
217 2852 328 2893 afficiuntur
338 2852 392 2893 vires
403 2867 450 2895 suas
460 2868 483 2895 ae
496 2855 616 2896 mutationes
627 2855 734 2908 exerceat,
756 2863 861 2911 utcumque

78 2934 114 2961 nos
127 2934 139 2961 a
151 2927 169 2961 te
181 2921 244 2962 eoacti
256 2921 366 2963 allectionis
382 2922 500 2965 vocabulum
512 2924 535 2964 ad
549 2923 615 2964 divina
627 2925 774 2966 transferimus.
804 2924 861 2967 Nitit

78 2996 110 3030 est
123 2988 184 3044 igitur
195 2990 215 3031 in
227 2990 264 3034 deo
275 2990 307 3031 vel
317 2990 451 3042 antecellens,
474 2992 507 3034 vel
518 2999 583 3034 aetate
595 2993 706 3049 posterius,
728 2993 763 3036 sed
778 3007 801 3035 ea
812 2994 862 3035 dun-

101 3081 117 3115 5.
128 3079 209 3121 aeternae
219 3083 264 3117 codd.
276 3092 314 3116 mss.
326 3086 341 3117 et
352 3084 376 3116 ed.
386 3085 438 3125 princ.
