1988 3392
248 254 342 288 ruuunu
353 254 397 286 utu.
404 255 435 287 ut.
446 255 502 288 Tou.
509 255 531 287 ιι.
543 253 612 287 uuna.
620 252 710 285 uxxvu.
825 241 867 283 395

141 330 194 373 Nam
208 331 226 373 si
237 346 285 375 vere
296 333 350 388 loqui
367 333 471 385 volumus,
492 335 536 390 pius
548 334 630 389 quilibet
641 332 702 373 vitam
718 344 773 372 suam
786 344 826 372 reon
840 343 867 370 ex
898 344 945 376 cap,

85 403 169 443 humana
181 406 248 440 mente
263 407 372 455 temperat,
388 402 423 441 sed
438 415 465 442 ex
475 415 498 441 ea
512 415 561 455 quae
574 399 650 443 Christi
663 399 742 455 propria
755 406 793 449 cst,
808 411 869 452 quae-
879 388 958 422 XXXV·

86 480 123 524 que
135 463 241 507 abeodem
253 466 350 522 sapientia
362 468 463 522 repletur,
480 481 530 522 quae
541 466 622 509 Christo
637 473 719 524 propter
730 465 825 506 iustitiam
839 471 869 505 et-

84 530 188 585 trihuitur,
206 548 256 589 quae
269 548 305 591 per
317 534 363 577 fidei
374 535 519 592 professionem
532 536 552 577 iu
564 533 645 579 Christo
661 535 722 587 vivit,
745 547 796 590 qnae
807 533 869 575 houe-

84 614 160 650 storum
177 617 258 661 operum
274 603 376 647 fauctione
391 620 426 663 per
441 602 542 648 Christum
559 605 642 648 salutem
658 604 780 661 assequitur.
812 601 868 645 Haec

85 685 115 721 est
125 676 159 719 iiia
173 672 249 718 Christi
261 690 330 729 mens,
352 691 402 734 quae
414 677 443 720 sic
455 677 475 719 in
487 677 545 720 uobis
557 677 624 721 inesse
637 684 714 735 potest,
731 684 753 720 ut
766 673 868 719 Christum

85 747 134 791 certi
149 746 232 788 alicuius
245 747 283 789 ioci
298 747 380 803 regione
393 748 473 789 minime
487 747 644 791 circumscribat.
674 746 727 789 Nam
739 747 810 802 ubique
823 751 869 787 suut

85 817 142 875 pater
152 822 172 857 et
183 815 235 857 tilius
247 822 267 857 et
280 816 362 872 spiritus
374 824 466 867 sauctus,
488 824 508 858 et
518 817 601 873 spiritaii
614 817 698 872 quodam
710 817 768 858 modo
779 816 799 857 iu
811 814 869 857 uobis

85 886 186 937 existunt,
208 885 225 927 si
236 886 276 928 illis
288 899 333 927 esse
345 885 398 940 digni
410 886 501 927 uelimus.
531 884 604 941 Neque
615 900 663 927 uero
675 885 720 926 ioco
731 885 771 927 uhu
783 884 816 926 vei
825 884 869 939 ipse

85 953 221 1004 conciuditur,
242 954 275 995 vel
285 953 348 1010 ipsius
360 960 417 1008 pater
432 961 466 995 aut
478 952 559 1009 spiritus
570 960 663 1004 sauctus,
682 953 717 993 sed
729 959 810 1008 propter
820 951 869 992 divi-

85 1021 153 1063 nitatis
168 1020 230 1076 ipsius
244 1022 352 1077 potentiam
367 1021 387 1061 iu
404 1021 496 1062 omuibus
510 1021 593 1072 existit3
615 1034 679 1075 neque
693 1027 759 1060 tamen
774 1034 818 1060 cum
831 1019 870 1059 ulia

86 1089 192 1139 miscetur,
214 1089 265 1142 quod
278 1095 300 1129 et
310 1088 363 1128 iliius
374 1088 484 1129 substantia
496 1089 654 1129 communionem
667 1100 745 1127 omnem
756 1100 780 1127 ac
791 1099 870 1140 coaepa-

85 1155 183 1198 ratiuuem
195 1161 287 1210 superet,
305 1162 324 1195 et
336 1155 414 1196 sincera
427 1156 464 1205 sit,
482 1162 541 1210 atque
552 1155 605 1195 omui
617 1156 681 1195 maior
693 1153 871 1209 comprehensione

86 1222 187 1266 diviuitas.
218 1219 269 1266 Cum
285 1229 350 1265 autem
363 1223 410 1265 dicit
420 1223 530 1280 apostolus,
546 1225 588 1265 Nos
600 1225 674 1264 Christi
683 1230 762 1264 urentem
772 1223 869 1270 haiemim,

86 1293 130 1352 quid
143 1292 221 1335 taudem
232 1291 403 1336 existimabimus?
432 1291 486 1336 Num
496 1292 529 1335 ille
539 1292 652 1352 propriam,
675 1291 711 1334 hoc
724 1299 755 1335 est
765 1291 869 1334 humanam

86 1370 172 1407 meatem
185 1363 265 1406 habuit?
294 1365 328 1406 Au
340 1361 415 1407 Christi
428 1371 514 1407 urentem
522 1364 542 1406 iu
552 1378 598 1407 sese
608 1366 683 1417 terem,
700 1363 772 1406 amissa
782 1362 869 1420 propria,

87 1435 130 1476 eius
142 1434 195 1475 iilam
206 1434 251 1476 loco
262 1433 373 1475 obtinuisse
384 1435 482 1491 putandus
492 1434 536 1476 est?
565 1433 612 1476 Non
624 1436 705 1490 opinor3
729 1448 766 1474 uec
776 1440 807 1474 est
817 1431 871 1488 quis-

87 1518 144 1558 quam
157 1502 190 1558 qui
205 1502 254 1545 haee
271 1503 350 1553 audiat,
372 1503 405 1558 qui
421 1518 460 1545 uun
476 1502 597 1558 peculiarem
608 1502 637 1544 illi
650 1502 711 1544 fuisse
721 1509 806 1543 mentem
818 1500 872 1542 arbi-

86 1578 161 1621 tretur‚
182 1579 330 1626 praeterquam
343 1569 419 1613 Christi
431 1585 509 1627 quoque
521 1578 587 1612 mente
598 1571 723 1627 repleretur,
745 1570 777 1625 qui
790 1584 812 1610 se
824 1569 871 1611 reli-

63 1694 65 1696 q
87 1638 164 1693 gionis,
186 1638 283 1680 scientiae
301 1653 324 1680 ac
340 1639 419 1681 divinae
435 1640 536 1680 cuiusdam
548 1647 568 1680 et
581 1639 674 1680 coelestis
684 1639 738 1679 vitae
748 1638 871 1679 ornamentis

87 1707 180 1747 afficeret.
212 1704 339 1762 Quapropter
349 1707 366 1747 si
380 1722 424 1748 cum
437 1707 536 1762 propriam
547 1706 642 1757 haberet,
659 1704 735 1747 Christi
745 1706 827 1760 iusuper
838 1705 872 1746 ille

87 1780 173 1813 mentem
191 1774 308 1828 complexus
324 1780 367 1823 est,
391 1787 516 1828 consequens
535 1780 567 1813 est
582 1771 683 1815 Christum
703 1772 769 1826 ipsum
789 1773 872 1814 verbum

87 1848 173 1882 mentem
191 1854 248 1893 esse3
271 1841 288 1881 si
305 1841 383 1896 quidem
399 1841 427 1882 ita
442 1841 495 1896 ioqui
511 1840 565 1882 lieet.
596 1838 759 1895 Quandoquidem
772 1840 873 1881 nonnullis

87 1910 151 1952 visum
164 1916 195 1951 est
210 1917 295 1952 mentem
308 1909 407 1967 appellare
423 1910 489 1951 deum.
521 1908 566 1966 Ego
577 1924 626 1951 vero
639 1916 724 1950 mentem
736 1917 824 1950 nostram
837 1908 873 1966 hy·

88 1981 175 2039 postasin
194 1994 294 2023 essenon
317 1980 414 2033 arbitror,
443 1994 507 2037 usque
525 1994 551 2021 ex
571 1980 668 2023 ecelesiae
692 1978 736 2021 tiliis
753 1979 804 2022 alius
820 1979 873 2036 quis-

88 2066 159 2107 quam,
181 2051 216 2094 sed
228 2050 351 2093 efficientiam
365 2051 475 2106 quandam,
499 2064 549 2106 quae
562 2050 582 2092 iu
594 2049 651 2092 uobis
661 2065 672 2091 a
683 2050 721 2091 deo
732 2065 830 2092 concessa
840 2064 873 2091 re-

33 2170 35 2173 ,
87 2122 157 2163 sideat.
189 2118 291 2163 Christum
308 2134 356 2162 vero
374 2120 489 2176 hypostasin
508 2133 553 2161 esse
569 2120 626 2171 dieu,
648 2126 702 2160 utet
718 2119 785 2161 fideies
802 2133 872 2161 omues

88 2191 217 2240 confitentum
241 2196 261 2230 et
273 2190 330 2230 deum
347 2202 391 2229 esse
408 2189 513 2244 profiteor,
535 2202 558 2229 ac
571 2189 670 2229 domiuum
682 2202 693 2228 a
706 2195 762 2243 putre
773 2188 871 2243 genitum,

88 2259 196 2312 perieetum
214 2271 226 2297 e
242 2259 342 2314 perfeeto,
365 2257 430 2298 lumen
447 2257 572 2309 delumine,
594 2257 652 2297 deum
668 2256 755 2297 dedeo.
785 2255 873 2298 Verum-

88 2331 152 2365 tamen
169 2339 196 2365 ex
209 2326 278 2366 eadem
289 2325 368 2365 ratione
380 2324 414 2365 iile
426 2324 481 2379 ipse,
498 2324 560 2378 quiin
572 2338 618 2365 sese
629 2338 685 2365 meus
698 2333 754 2375 erat,
770 2332 793 2366 ut
803 2325 827 2365 de
838 2324 873 2364 iilo

87 2379 168 2433 sauctus
178 2393 280 2446 apostolus
291 2393 357 2442 docet,
374 2406 417 2432 cum
427 2392 462 2442 ait,
478 2394 520 2431 Nos
527 2399 590 2431 autem
601 2394 677 2431 Christi
685 2400 763 2432 mentem
775 2394 872 2439 hahemus,

87 2458 173 2502 habehat
189 2466 228 2501 tam
242 2460 284 2515 ipse
297 2474 355 2515 quam
370 2459 384 2500 ii
396 2460 420 2500 de
433 2459 503 2515 quibus
520 2459 637 2500 testificatur
649 2460 748 2515 propriam
765 2459 803 2501 sibi
820 2474 875 2500 men-

87 2533 135 2572 tem.
166 2528 198 2571 Ac
210 2542 288 2571 rursum
300 2525 376 2570 Christi
392 2541 448 2570 meus
460 2528 506 2570 iilos
520 2527 624 2585 implebat,
647 2527 874 2570 cumboemodoiilius

87 2598 107 2642 iu
123 2598 172 2658 ipsis
188 2600 253 2656 gratia
270 2599 337 2657 perfici
353 2606 428 2656 posset.

144 2669 200 2713 Nihil
210 2669 290 2725 igitura
302 2669 401 2726 proposita
411 2669 560 2711 similitudinum
570 2669 671 2722 abhorret,
687 2670 739 2712 idem
750 2678 771 2712 ut
781 2671 805 2712 ad
813 2668 873 2713 Chri·
903 2685 950 2717 cup,

87 2746 139 2781 stum
150 2740 295 2781 transieramus
307 2752 391 2793 eumque
404 2746 523 2791 statuamus,
540 2753 583 2780 eum
594 2739 614 2779 in
626 2753 672 2780 sese
683 2740 732 2780 deus
743 2747 806 2790 esset,
823 2746 872 2780 tam-
883 2731 970 2764 XXXVI·

88 2808 124 2849 etsi
136 2808 209 2850 mentis
227 2815 281 2850 esset
292 2808 389 2849 humanae
400 2808 511 2864 particeps,
534 2809 696 2863 quemadmodum
710 2809 776 2850 caruis
789 2823 813 2850 ac
828 2822 873 2850 san-

109 2919 125 2954 7.
138 2919 186 2962 ἔδοξε
195 2924 319 2955 emendaverunt
331 2923 418 2955 Carnarius
434 2922 470 2963 (qui
515 2921 532 2955 9.
544 2917 602 2960 αὐτοῖς
613 2923 647 2954 eud.
659 2923 726 2963 Rhediq.

86 2967 131 2998 vertit
144 2966 188 2998 Nam
205 2968 304 3011 quibusdam
315 2967 369 2998 visum
381 2973 406 2999 est
420 2977 469 2999 meu·
516 2967 648 2999 Gar.XXXVt.
661 2985 681 2991 -—
707 2969 721 2999 t.
733 2966 758 3005 εἰς
765 2977 795 3007 uro
806 2965 821 3000 εἰ
829 2976 874 2999 mea-

86 3014 121 3041 tem
136 3021 197 3043 vocare
211 3011 269 3055 deum)
286 3014 392 3046 etPetuuius.
422 3013 467 3044 Libri
489 3014 527 3044 dese
543 3016 565 3044 est
578 3021 669 3052 expressum
681 3014 698 3045 r'n
713 3013 738 3044 ed.
750 3013 806 3046 Petuu.
820 3013 874 3044 Coton.

86 3056 134 3096 anteo
146 3053 206 3096 ἔδειξε.
489 3061 537 3099 repet.

109 3102 125 3134 a.
138 3098 186 3147 αὐτῷ
198 3104 233 3136 cod.
243 3104 309 3146 Rhediq.
