1988 3392
176 231 217 275 116
466 241 549 276 ελαοΤτ
561 241 676 275 Εειεωλαιι

176 319 211 362 δέν
223 316 269 362 ῦλλο
283 324 406 376 φρονοῦντες
418 318 458 363 ἄλλ’
468 318 483 375 ή
493 324 565 372 τοῦτο,
586 317 620 363 διδ
635 318 683 370 τοῦς
696 318 733 364 σῦν
747 319 817 371 αὐτοῖς
832 322 964 377 μεμιγμένους

177 386 237 441 φῦσει
255 385 391 444 όρθοδόξους,
414 385 523 444 ῦποκριτοίς
541 388 563 432 δὲ
578 386 716 445 ὑπάρχοντας,
737 389 773 432 καί
792 386 965 446 ὑποκρινομένους

179 454 231 510 θτήν
252 457 349 510 βασιλέως
369 455 445 508 δεξιόν,
467 456 502 498 καί
522 456 623 510 δεδιότας,
646 459 680 501 καί
698 460 777 513 ἔχοντας
795 456 847 514 πρός
868 456 965 513 ίιλλήλους

177 525 271 581 έχθρίαν,
293 525 410 580 βουλόμενοι
425 527 502 579 στήναι.
532 524 631 581 Εῦτόχιος
646 526 683 580 μὲν
695 525 733 583 γοίρ
746 524 758 569 ό
766 525 964 582 Ἐλευθεροπολίτης,

176 589 211 635 οἷα
224 591 250 648 δή
264 592 306 636 ἆπό
321 597 357 636 τοῦ
374 595 473 649 μακαρίου
488 596 606 647 Μαξιμωνᾶ
621 598 657 637 τοῦ
670 592 827 651 Ἱεροσολυμίτον
842 592 965 651 δμολογηιοῦ

177 660 291 705 ἐπισκόπου
303 660 340 716 τήν
356 663 422 703 πίστιν
436 662 486 716 έχων
498 666 556 716 σαφῆ
569 666 605 717 τής
617 661 749 718 ὀρθοδοξίας,
772 661 806 706 διαί
817 661 854 718 τήν
868 661 920 717 πρός
930 663 965 708 τόν

178 729 277 787 Κῦριλλον
289 731 372 786 ἕχθρίαν
383 727 421 773 οῦκ
434 731 492 787 ἐμίγη
503 735 546 780 τοῖς
555 731 602 787 περί
611 728 717 783 Ἀκόκιον,
737 729 856 787 όρθοδόξως
868 731 904 786 μὲν
915 733 965 787 έχων

177 797 223 855 ίίχρι
232 803 312 854 καιροῦ,
327 796 487 854 ῦποκρινόμενος
496 798 518 841 δὲ
527 797 561 842 διαί
571 798 606 842 τόν
614 801 668 842 ίδιον
677 798 762 855 θρόνον,
778 801 813 842 καί
822 799 877 842 ἄλλοι
884 803 965 852 πλείους

176 872 213 922 τῆς
226 869 361 922 Παλαιστίνης
371 865 404 918 (δι’
415 866 453 918 οῦς
462 864 567 921 Ἀνίκιος,
588 868 623 912 καί
635 870 656 912 οῖ
665 866 706 923 μετ’
716 867 780 912 αὐτοῦ
791 867 827 924 τήν
838 866 902 924 αῦτήν
911 870 963 924 έχον-

176 952 208 986 τες
218 933 294 978 λύσσαν
302 938 337 979 καί
348 936 440 992 μανιώδη
450 939 589 989 κακοπιστίαν)
595 971 601 990 ,
616 938 665 987 τέως
675 936 727 994 πρός
735 935 774 980 τόν
780 936 852 994 καιρόν
864 938 910 993 περί
919 937 965 981 τοῦ·

176 1022 216 1048 των
229 1003 290 1047 οῦδὲν
305 1007 385 1049 ἐκίνουν
389 1041 395 1059 ,
411 1004 456 1049 οῦτε
468 1004 527 1060 7μήν
539 1003 654 1062 δμολογεῐν,
669 1004 716 1050 οῦτε
727 1004 843 1063 ἀρνεῖσθαι·
858 1005 907 1048 εἰλλοί
918 1020 965 1050 συν·

177 1074 272 1124 ελθόντας
283 1075 304 1118 ἓν
314 1079 339 1134 τῇ
350 1078 467 1134 Σελευκείᾳ,
488 1079 513 1134 τῇ
527 1077 611 1134 Τραχείγ
623 1076 736 1135 καλουμένῃ
746 1074 798 1119 κεινοί
811 1074 848 1132 τήν
858 1074 964 1133 Ἰσαυρίαν,

178 1145 200 1187 ἐκ
211 1142 362 1202 προςτόγματος
373 1146 514 1187 Κωνσταντίον
525 1149 562 1187 τοῦ
572 1145 679 1200 βασιλέως,
700 1148 765 1189 πίστιν
779 1146 847 1202 ἑτέραν
858 1148 922 1202 δῆθεν
934 1148 965 1190 ἒκ-

177 1216 279 1267 τίθενται,
301 1212 326 1258 οῦ
338 1212 388 1258 κατοὶ
399 1212 437 1269 τήν
450 1211 491 1257 ῦπό
505 1218 545 1257 τῶν
561 1214 653 1271 πατέρων
663 1220 771 1270 ταχθεῖσαν
784 1216 805 1259 ἒν
816 1219 842 1274 τῇ
853 1216 930 1274 Νικαίγ
940 1220 965 1275 τῇ

176 1282 244 1336 πόλει,
259 1282 296 1338 τήν
306 1283 427 1340 όρθόδοξον,
443 1285 478 1327 καί
489 1287 555 1335 καλῶς
563 1284 694 1341 τεταγμένην,
710 1282 759 1328 ἄλλοί
771 1288 912 1342 προςποιητῦς
922 1284 964 1339 μέν,

177 1350 205 1403 οῖς
219 1350 270 1396 κατοί
284 1352 398 1408 τίφελότητα
413 1352 507 1403 εἰπόντες.

77 1504 166 1551 Kfflss',
238 1492 363 1547 Πιστεῦομεν
377 1493 405 1542 είς
419 1493 455 1535 ἕνα
466 1490 527 1545 θεόν,
549 1493 625 1548 πατέρα
640 1490 804 1550 παντοκράτορα,
824 1492 858 1535 καί
869 1494 964 1548 καθεξῆς,

175 1562 210 1604 καί
224 1563 252 1611 εἰς
263 1560 298 1604 τόν
309 1560 355 1605 υἱόν
367 1565 403 1604 τοῦ
414 1566 477 1614 θεοῦ,
491 1565 561 1614 λιτοῖς,
576 1561 637 1616 μηδὲν
649 1560 731 1618 ἰσχυρόν
741 1560 866 1616 λαλήσαντες.
889 1559 964 1604 Ὕστε-

177 1648 214 1688 ρον
224 1632 258 1674 ίνα
268 1628 387 1682 ῦποδείξωσι
398 1629 435 1684 τήν
447 1630 514 1673 αῦτοῖν
529 1633 700 1687 δραματουργίαν,
721 1631 800 1685 έφησαν
810 1629 852 1683 ότι,
870 1629 964 1685 Ἐβόλλο-

177 1717 214 1755 μεν
226 1699 249 1743 τό
261 1697 381 1754 όμοοῦσιον,
404 1696 432 1749 τίς
447 1697 551 1756 ἀλλότριον
565 1704 600 1755 τῆς
615 1702 674 1750 θείας
690 1704 780 1757 γραφῆς,
801 1700 823 1743 τό
836 1699 857 1743 δέ
868 1696 964 1753 οῖνόμοιον

176 1771 223 1813 υίοῦ
236 1768 288 1827 πρός
304 1770 380 1823 πατέρα
396 1767 572 1824 ῦναθεματίζομεν.
602 1769 644 1811 Καὶ
659 1763 685 1824 ήν
702 1773 760 1812 τοῦτο
775 1771 847 1813 δολίων
859 1772 964 1824 θηρευτῦν

177 1839 252 1894 δέλεαρ.
283 1839 325 1880 Καὶ
341 1836 379 1895 γόρ
394 1838 494 1889 ἔφασκον,
516 1836 549 1880 ὅτε
562 1839 583 1880 ἐν
598 1836 668 1888 αῦτοῖς
684 1839 784 1895 ἐγίνοντο,
808 1839 842 1881 καί
853 1839 965 1889 ἐδίδασκον,

177 1906 221 1961 ότι,
244 1911 323 1963 Κτίσμα
340 1907 376 1962 μὲν
390 1904 466 1949 έστινό
476 1903 520 1956 υίός
532 1911 569 1949 τοῦ
583 1910 646 1959 θεοῦ,
667 1904 707 1949 ἄλλ’
720 1905 791 1961 όμοιός
806 1908 885 1965 ἐστιτῷ
897 1907 965 1962 πατρί,

177 1974 205 2026 τίς
220 1974 271 2019 καττὶ
291 1976 383 2020 διάνοιαν
402 1975 476 2030 ταῦτην
495 1973 532 2029 τήν
552 1977 574 2018 έν
592 1981 635 2026 τοῖς
654 1973 772 2032 ἀνθρώποις
791 1975 965 2031 νομιστευομένην.

175 2043 298 2089 Ἐκτνποῦσι
316 2044 354 2103 γόρ
371 2046 406 2088 καί
421 2047 443 2088 οῖ
456 2045 589 2101 πλαστουργοί
605 2042 735 2101 ἄνδριόντας,
757 2046 791 2088 καί
806 2043 966 2100 οίφομοιοίζονσιν

177 2114 266 2167 εἰκόνας,
289 2113 334 2170 ἤτοι
345 2117 367 2158 ἐκ
381 2118 466 2170 χρυσοῦ,
482 2114 516 2155 καί
530 2110 633 2170 οἷργῦρον,
653 2115 688 2157 καί
702 2111 831 2169 όλληςῦλης,
845 2111 860 2168 ἢ
870 2112 904 2157 διό
915 2131 965 2169 χρω-

176 2183 245 2239 μοίτων
255 2185 289 2227 ἐπὶ
301 2183 372 2236 ξῦλου,
393 2184 428 2226 καί
440 2181 462 2226 τό
473 2181 545 2236 όμοιον
562 2184 650 2237 ἔχουσιν,
672 2183 732 2226 οῦδὲν
743 2182 765 2225 δὲ
779 2181 822 2225 κατ’
833 2181 913 2237 ἰσότητα
925 2187 966 2226 τοῖν

176 2253 335 2307 ἒκτυπονμένων.
369 2250 439 2302 Οῦτως
456 2249 503 2307 παρ’
518 2248 587 2301 αὐτοῖς
603 2249 625 2294 τό
642 2249 709 2295 δόλιον
721 2245 758 2305 ήν,
780 2249 885 2308 ὁμολογεῖν
895 2252 932 2307 μὲν
943 2252 964 2296 ό-

177 2338 235 2376 μοιον
247 2326 275 2380 τῷ
286 2323 359 2377 πατρί,
374 2319 432 2363 οῦδὲν
444 2320 466 2362 δὲ
476 2321 527 2374 ἔχειν
537 2324 573 2374 τῆς
584 2324 622 2363 τοῦ
632 2318 708 2377 πατρός
718 2318 815 2375 θεότητος
826 2319 848 2364 τό
859 2319 963 2377 παράπαν.

93 2411 129 2442 pag.
137 2403 168 2432 εῖτ,
177 2388 234 2432 Ἀλλό
245 2406 297 2439 τινες
307 2394 346 2432 τῶν
357 2387 396 2443 μετ’
411 2386 484 2441 αὐτῶν,
500 2386 542 2443 ῦίμα
552 2389 574 2432 δὲ
584 2387 618 2432 διαί
627 2388 666 2444 τήν
676 2388 730 2433 οίίτω
742 2391 848 2444 συμβᾶσαν
858 2388 964 2447 συμφοροίν

177 2463 214 2502 τοῦ
223 2463 307 2514 καιροῦ,
323 2459 458 2513 κατεδέχοντο,
473 2458 507 2501 καί
519 2456 571 2512 όμοῦ
582 2453 634 2513 ἦσαν
645 2456 756 2507 συνειδότες
767 2459 789 2500 οῖ
798 2461 877 2509 πλείους
887 2456 963 2502 αῦτῦν·

176 2528 227 2577 τινὲς
242 2527 264 2569 δὲ
279 2528 313 2570 καί
325 2526 455 2584 ἀγνοοῦντες,
476 2524 504 2577 τός
515 2525 599 2583 ῦστερον
615 2527 700 2581 ἐδείχθη.
726 2520 764 2568 Ἦν
776 2525 814 2583 γυίρ
826 2526 869 2583 όέμα
884 2527 964 2579 τούτοις

178 2594 309 2651 Πατρόφιλος
323 2594 334 2640 ό
346 2599 511 2649 Σκυθοπολίτης,
533 2597 568 2638 καί
580 2593 628 2650 μεταλ
641 2599 729 2639 1τοῦτον
743 2598 844 2647 Φίλιππος
855 2593 867 2639 ό
879 2597 922 2640 ἐκεῖ
929 2614 963 2639 κα-

176 2665 284 2714 τασταθεὶς
300 2664 392 2719 διάδοχος
407 2670 444 2707 τοῦ
459 2664 615 2720 προειρημένου,
637 2664 671 2706 καί
687 2661 742 2707 ῖὶλλοι
753 2668 846 2718 πλείους,
867 2666 889 2708 οῖ
904 2663 964 2718 φύσει

176 2734 251 2788 ταύτην
267 2732 305 2788 τήν
322 2736 398 2790 αἵρεσιν
414 2734 534 2788 κατέχοντες.
566 2736 613 2774 Νῦν
626 2731 648 2774 δὲ
658 2731 706 2786 μεταλ
718 2730 755 2787 τήν
770 2735 851 2777 ἐκείνων
864 2733 962 2788 τελευτήν,

176 2801 209 2846 ότε
220 2804 249 2853 εἰς
259 2801 334 2853 πλοίτος
345 2800 437 2856 ἐλήλακεν
449 2800 463 2857 ή
474 2801 542 2844 αὐτοῖν
554 2802 672 2854 κακοδοξία,
687 2803 723 2845 καί
735 2801 784 2856 μεταλ
795 2803 907 2859 παρρησίας
916 2819 962 2858 τυγ-

131 2916 133 2919 ,
176 2871 259 2926 χόνονσι
270 2870 303 2914 διαί
314 2869 351 2926 τήν
363 2875 399 2924 τῆς
408 2869 482 2926 σαρκός
492 2867 570 2922 δεξιόν,
585 2870 619 2912 καί
629 2871 698 2925 μηκέτι
709 2869 871 2927 ἐμποδιζόμενοι,
890 2868 963 2928 κηρῦτ-

200 3008 216 3043 6.
229 3011 271 3043 λλολι
280 3012 355 3044 vesuvius
367 3012 425 3052 corn-{91
431 3013 481 3044 νολαίλ
490 3009 520 3044 καλ
526 3006 558 3052 τὴν
581 3011 616 3043 θεολ
627 3011 669 3043 ταῦτ’.

178 3054 262 3100 βασιλέως
273 3054 329 3096 δεξιὰν
342 3054 426 3095 δεδιότας.
603 3055 643 3088 Gn.
655 3056 722 3088 XXIV.
732 3073 754 3079 -
771 3056 786 3088 1.
798 3056 865 3089 Βοηθοῦ
874 3056 932 3090 τοῦτον
942 3064 962 3088 τι

200 3101 216 3136 ῖ-
229 3098 422 3145 μήντεείῐλαῐεποολο,
435 3112 472 3137 mss.
485 3099 556 3145 μὲιλα-
580 3102 668 3135 νοοῦντα.
691 3103 710 3135 In
720 3102 766 3135 editis
776 3104 799 3135 est
808 3100 877 3137 τούτων.
901 3103 962 3143 Quum-
