1988 3392
252 237 345 272 ennean
357 237 399 271 nro.
408 239 438 272 nr.
450 239 505 273 ron.
517 239 539 272 u.
551 238 619 271 narn.
631 238 722 272 cxxvn.
837 228 878 271 363

94 323 159 380 igitnr'
169 318 239 361 iisdem
253 325 311 362 erant
326 317 428 360 nobiscum
444 318 582 361 affectionibus
597 318 694 361 obnoxii?
722 316 798 360 Verum
812 317 880 359 omnia

95 406 118 435 se
129 402 189 447 posse
205 402 241 445 per
256 401 313 439 sese,
335 386 417 444 fierique
430 387 492 445 ipsius
509 396 569 440 rrutu,
591 388 624 430 vel
639 402 679 430 non
693 387 736 429 deri
752 401 812 444 posse
830 386 880 428 deus

96 458 203 504 ostendere
216 457 287 511 voluit.
318 455 350 497 Ac
364 470 390 497 ue
403 456 496 498 fortassis
512 457 571 512 aiiqui
587 458 611 499 ob
622 458 718 514 stupenda
733 456 766 498 ilia
781 455 878 512 prodigia,

96 540 146 586 qnae
164 525 185 567 in
202 526 281 567 illorum
294 524 379 580 gratiam
396 525 622 577 adeodaotaduerant,
645 525 728 582 amplius
741 523 830 580 quiddam
844 524 880 565 hu-

95 609 155 640 mana
172 594 290 637 conditione·
303 593 323 635 in
341 593 381 634 inis
397 592 489 635 extitisse
508 594 610 646 crederet,
632 602 654 636 ut
670 594 715 636 lanio
731 594 795 635 errori
811 600 881 636 nostra

95 678 166 708 caussa
178 662 305 714 consuleret,
321 662 420 718 scriptura
430 676 487 705 saera
498 662 528 704 sie
538 662 644 719 praecipit:
665 665 739 704 Habeat
751 665 984 717 unetsqm'spneuem.ts‚1e

92 735 188 790 perillum
197 734 282 787 [errrorem
294 734 313 772 in
325 746 375 772 zone
386 745 433 781 suo,
450 739 523 772 utrum
534 735 554 773 in
564 733 629 786 aliquo
640 733 681 771 loeo
692 735 792 781 desederit,
803 733 878 787 sedetet,

95 811 115 845 et
123 810 198 843 stereus
208 815 262 841 suum
274 804 360 854 opertet:
381 803 469 855 quondm
476 804 561 855 populus
573 808 652 842 sanetus
664 804 710 841 estis
721 809 740 841 et
750 804 836 841 domebus
846 802 881 840 bo-

96 874 146 914 tam
154 874 174 912 in
185 873 245 911 medab
256 877 370 910 castrorum.
403 867 467 923 Quam
484 870 505 911 in
515 884 556 911 rem
568 868 657 911 Hebraei
668 870 766 926 quandam
776 869 880 911 historiam

96 946 262 991 commeruerant,
285 938 368 993 figuram
386 937 439 979 idam
456 952 479 979 ac
498 945 565 994 typum
584 938 684 993 aliquanto
703 938 798 995 temporis
816 937 880 993 spatio

96 1021 250 1067 perseverasse,
271 1007 363 1063 quamdiu
380 1007 429 1048 dens
445 1006 464 1047 in
483 1007 513 1048 his
532 1006 569 1049 hoc
585 1007 695 1063 prodigium
714 1008 791 1049 efficere
807 1007 878 1049 voluit.

96 1080 128 1122 Ac
139 1078 185 1120 lieet
198 1075 290 1118 carnibus
303 1082 323 1117 et
336 1074 470 1117 coturnicibus
483 1082 625 1128 vescerentur,
646 1090 746 1132 nunqnam
761 1084 828 1118 tamen
845 1088 881 1131 per

96 1147 143 1190 ittud
159 1153 236 1202 ternpus
251 1143 348 1186 eiusmodi
364 1150 446 1186 naturae
462 1145 593 1186 necessitates
608 1152 704 1201 expertos
719 1144 764 1187 illos
779 1144 850 1186 fuisse.

156 1213 198 1257 lam
213 1227 263 1256 vero
279 1213 296 1254 si
309 1227 319 1254 a
332 1210 412 1254 Iudaeis
431 1213 454 1254 ad
468 1213 564 1256 maiorum
582 1228 662 1256 suorum
676 1215 736 1256 decus
752 1221 772 1256 et
787 1213 879 1269 gloriam,
915 1227 956 1271 cap.

96 1283 129 1326 vel
147 1284 171 1325 ad
187 1282 282 1338 gratiam,
304 1281 343 1324 ista
358 1282 470 1337 finguntur,
491 1282 523 1324 ved
540 1297 567 1325 ex
582 1283 612 1324 rei
629 1282 713 1325 veritate
730 1282 877 1339 praedicantur,
901 1273 958 1309 XVII·

98 1365 215 1409 quamquam
225 1351 315 1393 homines
328 1350 372 1392 illos
386 1350 447 1392 fuisse
461 1364 544 1406 quorum
554 1351 656 1406 dignitatis
668 1351 798 1408 patrocinium
811 1365 880 1393 susee-

97 1427 182 1478 perunt,
198 1427 220 1462 et
229 1418 380 1475 corruptibiles,
397 1433 438 1461 uon
449 1419 497 1461 deos
509 1420 544 1461 sed
557 1433 583 1461 ex
595 1434 655 1462 earne
667 1420 762 1477 sanguine
776 1421 880 1475 animaque

98 1489 219 1546 compositos
234 1487 326 1530 extitisse
340 1502 379 1529 nou
396 1487 519 1540 dubitemus,
542 1489 586 1545 quis
601 1497 641 1531 tam
658 1489 734 1531 atrocia
749 1496 769 1530 et
782 1489 881 1530 horrenda

99 1560 122 1601 de
133 1556 215 1600 Christo
226 1557 298 1612 deique
306 1556 370 1598 verbo
380 1556 463 1597 coelitus
472 1557 547 1612 allapso
557 1571 581 1598 ac
590 1558 614 1598 de
624 1558 711 1613 gloriosa
721 1571 808 1613 veraque
819 1557 881 1613 ipsius

97 1626 236 1669 incarnatione
251 1625 321 1667 iactari
332 1624 406 1667 abillis
418 1624 518 1681 patienter
529 1625 608 1667 audiat?
638 1624 684 1681 Qua
694 1626 772 1682 quidem
783 1626 804 1667 iu
816 1625 882 1667 incar-

99 1696 179 1738 natione
196 1694 255 1747 itud,
277 1693 328 1750 quod
345 1693 419 1753 dictum·
436 1701 479 1746 est,
501 1693 602 1750 implevit,
625 1698 716 1736 Teutates
728 1710 766 1749 per
781 1697 843 1735 omnia
861 1702 984 1743 attrahens.

98 1767 164 1814 borno,
186 1765 256 1818 absque
267 1771 354 1817 peceato.
386 1760 467 1803 Etenim
483 1762 529 1804 dicet
544 1770 613 1805 nostra
630 1777 690 1805 carue
706 1763 807 1820 praeditus
821 1764 880 1815 toret,

98 1840 176 1889 poterat
191 1831 318 1874 nihilominus
336 1830 368 1871 idda
383 1830 438 1885 ipsa,
461 1844 511 1886 quae
522 1845 533 1872 a
545 1831 602 1873 nobis
614 1831 711 1874 habentur
722 1832 776 1884 vilia,
793 1839 882 1889 praeter-

98 1901 189 1951 mittere,
212 1914 274 1956 eaque
283 1906 387 1956 praestare
403 1899 479 1951 solum,
501 1914 551 1955 qnae
563 1900 678 1943 honestiora
693 1915 716 1943 ac
729 1901 808 1944 divinae
820 1901 883 1942 maie-

99 1970 145 2012 stati
159 1983 248 2025 congrua
265 1968 395 2019 videbantur,
416 1975 485 2023 utpote
502 1981 612 2023 perquem
630 1976 650 2010 et
665 1967 801 2011 lsraeliaamm
817 1969 883 2026 cepidi

98 2052 138 2080 uon
155 2037 296 2088 excreverint,
318 2050 355 2078 nee
368 2049 436 2077 eornm
447 2037 567 2077 vestimenta
578 2037 648 2078 sordes
659 2037 808 2091 contraxerint,
832 2052 882 2094 qnae

99 2106 176 2159 emnia,
193 2106 210 2148 si
221 2104 323 2147 traditioni
334 2104 446 2156 credimus,
462 2104 501 2145 iltis
511 2104 633 2146 aeciderunt.
665 2103 723 2160 Quod
735 2114 800 2148 autem
814 2115 883 2149 vestes

99 2175 200 2217 hominum
214 2174 305 2216 nrauibus
323 2179 429 2215 contextas
443 2169 536 2215 Christus
549 2173 651 2225 habuerit,
673 2182 732 2215 extra
744 2189 823 2216 omnem
835 2190 884 2217 con-

99 2243 218 2286 troversiam
233 2249 271 2284 est.
301 2245 374 2283 Porte'tr'
387 2249 433 2282 suut
447 2244 496 2282 enim
512 2244 622 2282 restituente
636 2246 687 2291 ebes,
707 2250 727 2283 et
740 2252 878 2297 supervestem
905 2245 959 2275 ¹⁰³⁰ss

99 2316 140 2354 eius
148 2315 242 2353 meterent
253 2318 330 2352 sortem.
362 2308 420 2365 Quod
431 2309 448 2350 si
458 2309 558 2350 hominnm
569 2310 653 2353 artifieio
664 2312 726 2353 vestis
737 2318 780 2353 erat
789 2312 822 2354 illa
832 2328 880 2354 eon·
905 2281 960 2345 Ritu*

99 2372 165 2433 fecta,
185 2380 252 2437 utique
264 2393 275 2421 e
287 2378 333 2420 lana
346 2377 426 2433 linoque
441 2384 537 2419 contexta
549 2378 622 2420 fuerat.
654 2377 710 2434 Quae
724 2388 790 2422 autem
803 2395 830 2423 ex
841 2382 882 2424 liuo
902 2350 962 2423 {33¹st

99 2457 168 2492 essent
185 2449 257 2490 lauare
272 2449 337 2498 faeta,
358 2446 612 2503 opinoranimaacsensn
628 2449 730 2491 carebant.
762 2448 883 2492 Verumubi
941 2436 944 2441 .

100 2517 208 2561 divinitatis
218 2530 267 2560 snae
277 2516 386 2573 potentiam
396 2514 484 2557 indicare
497 2514 561 2558 visum
572 2522 614 2566 est,
635 2518 777 2560 transformato
790 2532 882 2575 corpore,

99 2590 175 2628 Faciem
191 2601 245 2627 suern
260 2587 307 2626 solr's
322 2588 385 2626 instar
398 2587 537 2637 splendentem,
559 2600 583 2625 ee
598 2589 708 2627 ueste'rnenta
718 2601 754 2627 stre
768 2590 818 2628 ne'oe's
831 2603 884 2629 more

99 2658 200 2697 candentia
214 2657 333 2695 monstrauit.
364 2652 421 2695 Nini!
433 2659 464 2695 est
475 2653 527 2695 enim
539 2668 579 2695 nou
592 2656 715 2711 praepotenti
729 2655 766 2697 deo
779 2655 881 2712 possibile,

100 2731 122 2765 ut
136 2724 167 2766 vet
182 2737 206 2765 ea
224 2736 314 2778 qnoque,
336 2735 387 2777 quae
403 2735 464 2763 sensu
481 2735 504 2764 ae
520 2722 590 2779 spiritu
610 2730 703 2775 careant,
725 2732 837 2776 momento,
860 2740 883 2767 ao

100 2799 180 2849 praeter
195 2804 273 2834 omnem
287 2790 446 2847 expectationem
458 2789 479 2833 in
491 2790 573 2847 gloriam
586 2792 648 2848 possit
659 2792 824 2848 splendoremque
835 2808 883 2836 eon-

100 2868 188 2903 vertere.
220 2858 390 2915 Quemadmodum
405 2858 426 2900 in
438 2856 517 2916 Moysis
534 2860 603 2915 virga,
626 2867 647 2901 et
657 2858 793 2902 israelitarum
806 2862 883 2904 calcea-

99 2929 171 2971 mentis
186 2928 280 2970 ostendit.
311 2927 349 2970 Est
364 2926 416 2969 enim
432 2928 483 2983 apud
500 2942 569 2971 omnes
581 2928 600 2969 in
612 2930 706 2971 confesso
723 2930 824 2985 apostolos
837 2945 883 2973 sau-

99 3041 124 3074 tia
135 3052 156 3074 ao
170 3041 226 3076 inania
242 3041 264 3074 ad
276 3040 346 3086 gloriam
356 3053 376 3074 ae
388 3040 482 3074 claritatem
505 3039 554 3082 ἓίξιι,
566 3038 644 3083 anese,
653 3041 676 3078 66
686 3047 701 3077 et
710 3041 738 3079 69.
749 3046 843 3087 simplicitur
850 3041 883 3084 dard

100 3093 207 3122 transmutet.
232 3089 280 3124 Haer.
286 3088 314 3130 31,
324 3091 338 3123 l.
351 3089 392 3122 diest
402 3084 435 3123 tet
442 3087 482 3134 μίαν
505 3085 559 3128 bitu,
572 3090 595 3121 utt
605 3088 620 3121 b.
631 3089 642 3121 t.
