1988 3392
356 244 574 278 auaceruananosrs.
816 234 857 274 549

73 330 126 368 runt.
156 320 259 364 Summum
272 322 344 364 bonum
357 322 378 364 iu
391 324 491 380 voluptate
502 329 624 380 posuerunt3
646 322 703 363 deum
717 335 740 363 ac
751 321 858 377 providen-

73 394 120 435 tiam
135 391 159 431 ab
174 404 241 432 rerum
258 392 429 433 administratione
444 393 574 434 sustulerunt.

130 458 280 503 Samaritismus
295 467 315 502 et
326 459 445 503 Samaritae.
477 460 542 503 Huius
559 461 582 503 ab
595 460 694 502 ludaismo
709 458 765 515 origo
777 458 858 500 deduci-

73 542 115 585 tur,
139 545 189 588 quae
206 538 306 586 sectarum
325 532 375 589 apud
397 530 487 575 Graecos
505 532 594 574 divortiis
611 539 630 573 et
647 545 714 573 earum
733 529 818 571 decretis
834 543 857 571 ac

73 601 195 658 dogmatibus
211 601 312 658 antiquior
327 610 365 644 est.
396 600 448 644 Nam
466 602 536 643 esiuu
551 602 594 658 ipse
608 601 702 644 Iudaismi
715 599 788 657 prodiit
803 599 857 641 circa

71 670 269 715 Nabuchodonnzori
287 679 307 714 et
323 672 413 713 iudaicae
434 671 555 728 captivitatis
574 679 669 727 tempora.
707 669 770 712 Primi
789 676 856 710 sectae

72 740 184 783 conditores
202 754 228 781 ex
247 740 337 797 Assyriis
356 741 377 781 iu
396 741 487 782 ludaeam
507 741 634 796 transportati
653 740 738 795 quinque
758 739 857 779 duntaxat

71 807 149 864 Moysis
163 808 225 849 libros
243 816 373 864 acceperunt,
394 823 444 863 quos
457 823 493 864 per
502 807 588 849 Esdram
605 809 730 850 sacerdotem
747 821 786 847 rex
799 807 822 846 ad
834 806 857 847 il-

64 879 100 930 los
112 875 214 932 Babylone
227 877 353 918 submiserat.
385 878 453 929 ltaque
463 884 530 917 cetera
540 876 614 917 habeut
624 891 667 917 eum
679 875 756 917 ludaeis
767 889 856 916 caniniu-

71 945 114 994 nia,
136 943 152 983 si
169 944 206 984 boc
223 959 283 985 uuum
301 944 401 999 excipias,
424 945 475 999 quod
495 952 514 985 et
530 954 600 999 gentes
615 944 766 994 abominentur,
790 956 855 996 neque

71 1025 185 1067 quemquam
206 1013 322 1066 contingere
341 1012 414 1063 velint,
438 1013 529 1066 quodque
548 1019 670 1053 mortuorum
686 1011 855 1052 resurrectionem

70 1094 93 1121 ae
109 1087 187 1120 ceteras
205 1087 249 1136 post
266 1078 353 1137 Moyseo
372 1079 486 1136 prophetias
502 1080 603 1121 reiiciuut.
635 1077 805 1121 Samaritanorum
824 1085 856 1119 est

71 1149 130 1189 factio
145 1148 208 1189 divisa
225 1149 244 1189 in
261 1156 328 1205 partes
345 1155 437 1206 qua-taor.
468 1147 531 1190 Primi
549 1156 595 1190 suot
612 1147 722 1198 Gortbeni,
745 1146 778 1202 qui
793 1147 855 1187 festos

70 1217 111 1259 dies
121 1217 166 1260 aliis
179 1232 236 1274 quam
249 1216 337 1261 Scbuaei
349 1218 471 1276 temporibus
482 1219 579 1261 indicunt.
610 1215 763 1280 AliiSebuaei,
786 1215 855 1273 quiob

71 1288 152 1330 eandem
164 1288 259 1331 festorum
272 1289 347 1331 dierum
360 1290 487 1331 occasionem
497 1304 509 1331 a
521 1288 631 1331 Gorthenis
645 1288 772 1331 dissentiunt.
802 1285 854 1328 Ter·

70 1357 91 1400 tii
102 1364 148 1399 sunt
160 1357 245 1411 Esseni,
263 1360 295 1415 qui
307 1359 372 1401 neutri
383 1360 434 1416 parti
445 1367 568 1416 repugnant,
591 1360 626 1415 sed
639 1374 682 1400 eum
695 1359 719 1400 iis
730 1358 750 1399 in
764 1372 813 1413 quos
823 1357 855 1398 in·

70 1427 153 1469 ciderint
168 1428 212 1469 sine
229 1429 268 1470 ullo
289 1428 403 1470 discrimine
422 1430 474 1471 festa
490 1437 593 1485 peragunt.
624 1427 724 1470 Postremi
737 1425 854 1469 suutDosi-

69 1496 119 1547 thei,
141 1489 178 1551 qui
192 1496 262 1538 iisdem
279 1497 349 1553 quibus
363 1496 483 1539 Samaritani
494 1498 590 1539 institutis
601 1505 695 1547 utuntur,
708 1495 854 1537 ‘circumcisio-

70 1579 126 1615 nem,
151 1565 268 1618 sabbatum,
292 1580 314 1607 ae
336 1567 422 1618 ceteris,
449 1566 556 1621 itidemque
575 1565 732 1606 Pentateucbum
751 1564 852 1604 adhibent.

69 1630 179 1688 Praecipue
192 1647 252 1685 vero,
274 1648 297 1674 ac
310 1648 357 1689 prae
370 1634 453 1688 reliquis
468 1634 559 1674 omnibus
574 1634 612 1675 sibi
629 1633 654 1674 ab
670 1632 762 1673 animatis
779 1640 854 1687 tempe-

69 1707 124 1751 rant,
147 1714 170 1740 ac
187 1708 281 1756 perpetuo
295 1703 337 1742 lere
354 1702 452 1742 ieiunant.
483 1700 535 1743 Sunt
553 1701 661 1742 interillos
674 1700 706 1755 qui
719 1700 854 1755 virginitatem

70 1768 148 1820 colunt,
174 1768 206 1809 alii
225 1769 375 1810 continentiam.
413 1768 573 1811 Resurrecturos
590 1783 636 1810 esse
652 1775 742 1809 mortuos
761 1769 852 1820 credunt,

69 1837 119 1891 quod
135 1851 147 1877 a
162 1835 334 1879 Samaritanorum
351 1839 442 1893 dogmate
458 1838 559 1879 abhorret.

125 1906 243 1948 ludaeorum
254 1914 322 1949 sectae
336 1921 419 1949 numero
435 1905 483 1949 Vll.
515 1907 546 1949 Ae
558 1907 620 1963 primo
635 1903 730 1956 Scribae,
753 1904 804 1961 legis
818 1918 853 1961 pe-

68 1975 101 2018 riti
114 1983 134 2019 et
146 1976 272 2019 traditionum
290 1992 338 2034 quas
352 1992 363 2019 a
376 1977 485 2020 maioribus
504 1984 623 2035 acceperant
638 1972 773 2031 (daemonicae
790 1990 852 2018 voca-

68 2046 124 2101 bant)
138 2048 279 2089 observatores
291 2050 359 2100 lucre,
376 2063 399 2089 ae
411 2048 461 2089 ritus
473 2063 541 2090 omnes
555 2047 713 2105 superstitiosius
724 2045 797 2087 ceteris
810 2046 853 2087 dili·
908 2054 910 2057 ’

68 2116 185 2173 gentinsque
197 2125 316 2171 tenuerunt3
338 2132 387 2173 quos
403 2133 443 2159 uon
455 2119 520 2173 elego
533 2118 655 2168 didicerant,
677 2116 712 2157 sed
724 2115 852 2171 sibimetipsis

68 2192 159 2242 tanquam
176 2188 263 2229 iustitiae
279 2187 330 2241 legis
346 2188 458 2242 singulares
474 2188 538 2229 cultus
556 2202 578 2228 ac
594 2186 712 2228 cerimonias
726 2185 850 2226 indixerant.

124 2253 240 2307 Pharisaei,
263 2270 312 2311 quos
330 2263 446 2311 segregatos
462 2256 588 2311 interpretari
606 2255 683 2310 possis,
705 2253 737 2308 qui
748 2253 852 2294 sanctissi-

68 2335 117 2362 mam
129 2323 183 2364 vitae
194 2325 290 2364 rationem
301 2325 386 2379 professi
399 2324 497 2379 probitate
509 2324 582 2365 ceteris
593 2323 713 2363 antecellere
723 2321 850 2362 videbantur.

67 2386 192 2431 Mortuerum
205 2392 256 2446 apud
273 2392 318 2432 illos
332 2391 466 2442 resurrectio,
488 2399 510 2432 ut
521 2400 541 2432 et
551 2392 601 2447 apud
614 2389 708 2441 Scribas,
729 2388 850 2429 defenditur.

68 2453 129 2499 litem
146 2459 228 2513 angelos
246 2473 268 2499 ac
284 2459 374 2514 spiritum
391 2467 480 2500 sanctum
498 2473 543 2499 esse
559 2473 599 2499 non
616 2465 696 2513 negant.
727 2456 789 2499 Vitae
808 2457 852 2497 exi-

68 2524 126 2566 mium
144 2525 254 2568 institutum
271 2541 317 2583 prae
335 2541 357 2568 se
373 2528 446 2568 lerunt.
478 2524 627 2569 Continentiam
639 2534 715 2567 eertum
727 2526 751 2566 ad
764 2532 851 2581 tempus,

69 2605 92 2633 ac
110 2593 246 2650 virginitatem
265 2610 343 2651 quoque
362 2597 479 2652 suscipiunt.
515 2594 550 2637 Bis
567 2595 690 2637 hebdomada
708 2608 786 2650 quaque
802 2594 852 2635 ieiu-

68 2674 128 2716 nare,
143 2679 216 2708 nrceos
228 2679 252 2707 ac
263 2665 329 2708 discos
342 2672 361 2707 et
372 2666 443 2723 pocula
455 2665 534 2723 saepius
545 2664 625 2719 eluere,
643 2672 664 2707 ut
677 2672 698 2707 et
709 2661 802 2718 Scribae,
819 2678 852 2705 so-

67 2730 104 2775 liti.
134 2734 167 2778 Aa
180 2736 228 2778 baec
240 2736 326 2778 decimas
340 2744 359 2778 et
372 2736 469 2793 primitias
482 2737 567 2789 offerre,
584 2736 664 2778 assidue
679 2736 769 2792 precari,
785 2742 851 2777 certos

67 2803 130 2846 cultus
150 2821 173 2848 ac
190 2806 328 2863 superstitiosa
349 2806 513 2849 vestimentorum
533 2819 609 2862 genera
629 2807 728 2848 curiosius
746 2806 849 2857 affectare,

89 2905 117 2940 50·
128 2907 195 2954 χρόνοις
207 2912 241 2944 cod.
252 2911 319 2952 Rbedtp.
493 2909 520 2945 63.
532 2921 551 2945 τε
560 2912 670 2952 perticulam,
680 2921 721 2953 quae
731 2912 773 2942 obest
785 2911 805 2941 ab
816 2910 849 2942 edi-

89 2951 116 2986 ssl·
129 2953 149 2990 δὲ
161 2955 276 3002 συνεχέστατα
285 2958 319 2989 cod.
332 2957 398 2998 ateuip,
423 2959 447 2999 Cf.
470 2960 500 2997 tis,
511 2959 574 2998 reposui
586 2966 606 2989 ear
617 2961 682 2998 utroque
693 2958 738 2989 codd.
750 2966 787 2988 mss.

66 2997 116 3048 Epist.
128 3003 150 3033 cd
162 3006 209 3035 acm⁴
494 3000 521 3035 dl.
540 3001 603 3041 ξέστων
620 3004 655 3035 eod.
670 3004 702 3036 len.
718 3005 733 3034 et
746 3003 782 3034 edit.
798 3003 851 3042 princ.

89 3044 117 3076 0¹2·
137 3045 168 3080 καὶ
186 3050 247 3080 colebat
266 3050 347 3081 retentas.
377 3049 409 3080 Sed
428 3058 448 3081 ec
472 3047 523 3089 ’ξέτων
534 3049 568 3080 cod.
580 3049 646 3089 Rhedip.

67 3087 115 3126 Epist.
132 3093 155 3123 cd
166 3098 214 3126 accc.
225 3095 338 3127 restituendum
350 3096 404 3136 potius
418 3091 453 3140 ἄγε
494 3094 521 3126 65.
541 3091 696 3137 ebelebpmcncrmd
716 3094 762 3125 codd.
780 3102 817 3126 mss.
837 3098 852 3127 et

67 3131 120 3177 γέλων
132 3137 202 3176 καὶτοῦ
215 3149 241 3174 m.
254 3136 308 3186 ἁγίου,
471 3140 508 3173 edit.
515 3141 567 3182 princ.
579 3136 739 3184 caeteappoipazt
748 3140 785 3173 edit.
795 3141 852 3174 Petau.
