1988 3392
134 218 176 262 238
423 231 631 267 SANCTIEPIPHANH

134 308 156 353 τό
168 309 257 364 ἀξίωμα,
279 308 304 353 οό
313 309 347 353 διό
357 328 376 354 τι
385 311 463 367 ἕτερον,
483 308 532 353 ιἰλλᾶ
547 309 580 354 διαί
595 310 618 355 τό
629 308 729 361 αότόθεος
744 310 778 354 καί
793 310 917 366 αιἰτοαΐδιον,

136 377 192 435 4ίίρα
201 395 223 435 γε
232 379 267 421 καί
273 378 296 422 τδ
305 382 392 436 γέννημα
400 378 508 433 όμουόσιον
520 381 585 430 έσται,
604 383 623 423 εί
630 378 686 438 παρνί
695 381 728 423 σοί
739 379 761 423 τδ
771 384 807 423 τοῦ
817 378 918 436 νίτελενιή-

133 465 170 490 του
180 449 262 503 είληφεν
272 447 341 504 όνομα,
353 447 380 498 τίς
388 448 516 503 παλιμβόλοις
524 454 552 507 τῷ
560 450 597 508 υίῷ
605 452 725 504 χαρίσασθαι
735 452 829 499 πιθανῶς
837 450 918 503 ἐφυσιο·

135 516 227 574 λόγησας.
255 517 331 567 Δοίσεις
341 516 379 574 γδρ
391 517 426 560 καὶ
437 515 595 574 ἀναγκαζόμενος
605 517 724 576 ὁμολογήσαι
735 516 757 561 τό
769 522 805 561 τοῦ
817 515 919 574 υίτελευτή-

135 603 172 629 του
191 587 213 629 έν
229 585 305 629 ἅπασιν
317 585 400 629 όίττλετον
417 587 452 629 καί
469 586 573 643 ἄχιόρητον
588 586 658 641 όνομα.
690 591 740 638 Πῶς
758 581 795 630 οὖν
811 584 849 630 οὐκ
865 588 919 632 ἔσται

49 676 83 709 pag.
92 668 123 698 νιν,
137 653 271 710 5όμοοιίσιοςς
287 653 356 709 έπειδή
365 656 436 707 ἔδοξας
446 655 544 699 σκώπτειν
554 654 589 698 διαί
597 654 711 707 κακοδόξον
720 654 820 711 ὀνόματος
827 654 864 711 τήν
874 653 920 712 όλή-

136 730 196 768 θειαν
215 726 235 775 ἐξ
249 726 315 780 βρίσαι
335 719 491 780 πειρασόμενος,
513 726 533 776 έξ
550 724 618 769 αὐτῶν
632 724 759 782 ἐλεγχόμενος
776 718 804 767 οἷν
819 725 870 779 έφης
885 726 919 781 ρἠ-

136 792 209 848 μάτων.
234 790 265 835 Ἢ
275 792 312 849 γοίρ
322 792 394 844 δαίσεις
409 794 480 843 θτέλος
492 798 532 837 τῶν
546 791 586 837 όπδ
599 798 637 837 σοῦ
652 794 818 851 παρηλλαγμένην
831 795 921 849 βλασφη-

136 862 242 917 μουμένων
254 860 291 917 τήν
308 860 390 915 οὐσίαν,
413 860 427 916 ή
443 860 570 918 ότελεότητον
584 861 648 906 αὐτόν
669 860 787 920 ὁρισάμενος
808 863 829 905 έν
844 860 921 906 ίίτιασιν

137 929 273 985 ἀμετάστατον
289 933 325 974 καί
342 929 495 989 ἀπαράλλακτον
508 937 545 988 τής
562 937 598 975 τοῦ
615 930 745 987 ἀτελευτήτου
762 931 821 984 ἀξίας
837 930 921 989 είςιίγειν

136 997 295 1059 όναγκασθήση,
315 1005 351 1055 τής
366 998 462 1055 όληθείας
478 1000 506 1056 μή
520 1002 682 1058 παραδεχομένης
697 1002 747 1056 ἔχειν
763 999 799 1045 τόν
811 998 869 1053 υἱόν,
890 999 921 1044 ότι

136 1073 172 1123 τῆς
188 1071 289 1124 βασιλείας
306 1069 380 1122 αὐτοῦ,
400 1071 450 1124 φησί
465 1068 479 1125 ή
487 1069 567 1126 γραφή,
588 1068 626 1113 οὐκ
643 1071 697 1113 έσται
707 1071 773 1123 τέλος,
793 1068 827 1113 διό
843 1067 866 1112 τδ
882 1067 921 1112 σδν

138 1138 198 1193 πατρὶ
209 1137 321 1193 βασιλεύειν
333 1136 375 1191 οίεί,
396 1139 430 1181 καί
445 1136 483 1181 σόν
494 1143 522 1198 τῷ
537 1137 660 1198 υίγίῳαίιτοίι
671 1137 774 1193 πνεύματι.
803 1136 921 1196 Ἐπειδήπερ

139 1210 199 1249 7παν
210 1205 232 1249 τδ
244 1205 306 1262 όρχήν
316 1208 361 1261 έχον
370 1208 405 1249 καί
414 1208 469 1257 τέλος
479 1208 527 1259 ἕξει,
548 1209 567 1249 εἰ
578 1206 669 1262 βούλοιτο
685 1205 697 1250 ό
709 1204 799 1266 εἶναιτῷ
808 1206 844 1262 τήν
859 1204 922 1263 οίρχήν

138 1275 229 1329 εἰληφότι
241 1276 411 1331 8παρεσχημένος·
426 1275 475 1331 ι’ίτιερ
487 1277 521 1318 ἐπὶ
531 1280 582 1319 πᾶσι
595 1275 631 1330 μὲν
641 1276 750 1331 ἐνδέχεται,
766 1276 799 1319 ἐπὶ
812 1276 834 1319 δέ
844 1280 872 1335 τῷ
884 1277 923 1334 υίῷ

138 1340 256 1387 όνένδεκτόν
266 1345 323 1386 ἔστιν.
347 1342 405 1386 ’Ἐστι
415 1344 454 1402 γδρ
466 1342 496 1387 όεί
508 1346 530 1387 ίκ
543 1349 580 1387 τοῦ
590 1343 657 1396 όντος,
678 1345 713 1387 καί
723 1343 779 1402 παροδ
789 1349 818 1404 τῷ
830 1342 873 1387 όντι
883 1343 923 1397 όιεί,

138 1417 175 1456 τοῦ
188 1410 239 1455 εἶναι
251 1414 350 1467 μηδέποτε
363 1412 434 1469 λήγων.
465 1412 503 1456 Διό
518 1414 552 1455 καὶ
567 1411 676 1468 όμοοόσιος
692 1407 728 1467 ἦν,
750 1414 801 1456 θινὶ
816 1414 866 1465 έστι,
888 1414 923 1456 καί

139 1482 205 1533 ἔσται,
220 1481 283 1535 μόνος
294 1483 317 1524 έκ
329 1480 404 1535 μόνον,
419 1483 453 1524 καὶ
467 1483 488 1524 έν
497 1481 566 1524 οὐδενί
576 1486 601 1540 τή
613 1479 672 1540 οὗσίμ
683 1482 857 1538 παρηλλαγμένος,
871 1478 921 1524 νίλλιί

138 1547 190 1592 κατιί
201 1548 224 1591 τό
237 1547 315 1603 όξίωμα
326 1555 366 1593 τῶν
376 1548 482 1605 όνομυίτων
495 1549 594 1605 μενούσης
605 1554 641 1605 τῆς
650 1549 748 1605 θεότητος
760 1551 782 1593 ἒν
792 1554 817 1609 τῇ
828 1548 924 1604 ταυτότη·

139 1636 168 1671 τι,
183 1617 230 1661 ον’ίτε
241 1618 382 1673 10σνναλιιγήν
391 1620 473 1673 έχονσα,
489 1616 534 1661 οίίτε
547 1617 610 1675 ἀρχήν
622 1619 685 1677 έανιή
693 1619 808 1675 παρέχουσα
819 1623 855 1661 τοῦ
867 1615 923 1671 εἶναι,

141 1686 187 1730 ον’ίτε
198 1688 293 1742 δεχομένη
303 1686 325 1729 τό
337 1686 433 1742 ιίνόμοιον
442 1688 502 1746 ἓαυτῇ
512 1686 620 1743 δπόρχειν,
635 1685 649 1742 ή
660 1686 691 1729 οίεὶ
703 1681 766 1740 οὖσα,
781 1687 815 1730 καὶ
825 1688 924 1742 μηδέποτε

139 1760 176 1799 τοῦ
191 1753 242 1798 εἶναι
258 1755 357 1811 λήγουσα,
377 1757 523 1813 σνμνιρέπουσα
539 1755 633 1815 δὲαδτῇ,
653 1754 684 1798 νίεί
697 1756 718 1799 ἐν
732 1760 760 1814 τῷ
775 1755 875 1811 ἀξιώματι
885 1772 924 1799 πα-

139 1823 187 1881 τρδς
195 1822 248 1880 πρός
257 1823 314 1876 υἱόν,
336 1826 370 1867 καί
381 1826 428 1867 νίοῦ
438 1824 491 1881 πρδς
502 1825 578 1882 πατέρα
592 1826 627 1867 καί
640 1821 700 1881 οίγίου
712 1823 824 1878 πνεύματος
836 1822 875 1868 σδν
886 1841 924 1868 πα·

140 1895 172 1949 τρί
186 1894 221 1936 καὶ
236 1895 275 1951 υίῷ
289 1890 407 1949 όπόρχονσα
421 1894 456 1935 καί
472 1893 569 1947 μηδέποτε
585 1895 719 1936 διαλείπονσα,
742 1892 799 1936 Ἔστι
812 1891 850 1950 γδρ
862 1894 923 1952 ἑαυτῇ

140 1961 259 2020 όισόγκριτος
273 1959 365 2019 ήτριός,
381 1963 477 2018 διαίρεσιν
491 1962 588 2016 οὐδεμίαν
600 1962 622 2004 έν
633 1965 661 2021 τῷ
671 1958 769 2016 όξινίματι
779 1959 923 2017 ὑποδεχομένη.

201 2311 253 2359 Κεφ.
262 2304 342 2349 Ἀετίου
354 2304 374 2349 ε’.
391 2308 420 2348 Εἰ
431 2302 537 2362 α’γέννητός
548 2307 601 2349 ἔστιν
612 2302 682 2355 όθεός
691 2305 729 2360 τήν
741 2304 822 2358 οὐσίαν,
842 2301 880 2348 οὖν
890 2301 925 2348 013-

142 2377 187 2423 σίας
198 2373 300 2416 διαστάσει
310 2372 333 2417 τό
344 2373 438 2430 γεννητόν
450 2373 559 2430 ἐγεννήθη,
580 2371 619 2416 ἄλλ’
629 2375 648 2424 ἐξ
660 2373 730 2423 οὐσίας
740 2371 880 2428 δτιοστησόσης
890 2372 926 2415 αὖ·

143 2440 173 2485 τό.
207 2440 248 2497 Τήν
261 2440 299 2499 γόρ
317 2441 380 2497 ου’τήν
396 2440 466 2485 ου’σίαν
479 2440 621 2499 καίγεννητήν
636 2439 685 2484 εἶναι
700 2443 735 2484 καί
751 2442 869 2499 ἀγέννητον,
891 2439 926 2485 οὗ·

144 2511 186 2560 δείς
201 2509 259 2567 λόγος
273 2509 356 2566 εὐσεβής
371 2512 476 2568 ἐπιτρέπει.

198 2647 278 2704 Ἁνατρ.
309 2647 408 2698 Πολλάκις
419 2646 468 2703 ήμῖν
479 2652 580 2704 προήλθες
590 2648 668 2704 φέρων,
691 2642 790 2700 οἷοδτος,
810 2644 932 2704 τδᾶγέννη-’

143 2734 178 2762 τον
185 2716 219 2761 καί
230 2714 333 2775 γεννητόν,
348 2715 370 2761 τό
380 2722 416 2761 τοῦ
426 2721 478 2761 θεοῦ
489 2715 553 2772 όνομα
564 2715 719 2774 φρυαττόμενος,
734 2714 746 2761 o‘
758 2718 779 2761 έν
787 2715 842 2775 πόση
853 2714 926 2775 όνομίρι

143 2790 228 2830 σεαυτοῦ
240 2783 277 2839 τήν
289 2785 380 2829 διόνοιαν
396 2785 496 2841 ένθυίψας.
524 2784 600 2829 Ἐκεῖνο
618 2786 639 2829 δέ
654 2788 715 2829 παντί
727 2790 755 2844 τῷ
768 2783 852 2841 οἷπόρως
863 2786 927 2840 ἔχοντί

167 2901 183 2937 4,
195 2904 240 2937 Libri
253 2905 301 2945 νιιλςο
312 2894 351 2948 ἅμα
547 2902 664 2949 σφημουμένῳ
675 2900 707 2946 τήν
719 2898 783 2937 ου’σίαν.
806 2903 881 2936 Petamus
892 2897 927 2938 διί-

167 2950 268 2983 &flamm
278 2959 316 2983 mss.
339 2951 383 2983 Εσλλι·
393 2952 468 2992 praebent
484 2945 524 2992 ὁμο·
548 2959 584 2988 σεις
594 2949 638 2995 ἔχειν
648 2948 696 2988 τέλος
707 2945 781 2983 τῶνόπό
795 2948 927 2993 σιπβλαοφη-

144 2991 205 3032 ον’νιον.
545 2995 632 3039 μονμένων
645 3006 660 3029 τ.
671 2991 729 3030 οὐσίαν
741 2994 851 3035 scribendum,
866 2995 894 3027 sed
907 3001 927 3026 ιιι

168 3045 184 3079 6-
196 3043 268 3076 Fortasse
277 3041 325 3082 τέλος
336 3040 361 3087 τῷ
373 3037 405 3077 διεδ
417 3041 448 3077 σοῦ
459 3042 524 3086 παρηλ-
546 3043 642 3084 sicquidem
657 3043 728 3075 constare
740 3041 771 3072 sibi
781 3041 861 3073 lectionem
875 3048 927 3073 cense-

144 3086 223 3134 λαγμένῳ
240 3090 273 3133 (vel
288 3084 313 3128 οἱς
324 3087 468 3134 παρηλλαγμένην)
484 3088 525 3134 βλα-
548 3090 580 3123 σοι.
603 3090 689 3122 Carnarius
698 3088 773 3121 convertit
782 3089 816 3120 Aut
826 3085 871 3119 enim
880 3084 928 3118 dabis
