1988 3392
342 254 417 288 INDEX
428 220 516 289 3173551.
777 244 819 285 767

61 333 146 381 principes
162 333 262 378 prodierunt
280 336 295 365 6.
308 353 330 359 -
359 341 419 378 poste-

61 403 118 427 rorum
128 390 191 424 Nuemi
204 390 222 423 in
238 390 292 424 varias
305 391 350 424 orbis
360 391 417 436 regio·
487 420 489 423 .
619 381 639 412 ⁰·

62 461 92 483 nes
104 442 186 492 digressio
199 450 214 479 7.
442 448 517 493 Odrysus
528 446 653 492 antiquissimus
668 458 697 479 rex
707 446 793 480 Thracum
804 447 820 477 8.

39 507 114 541 Noemus
131 504 172 549 qnid
187 503 271 549 significet
282 507 356 538 taa-
377 505 419 538 item
442 504 540 549 Ophitarum
563 503 638 537 haeresis
660 503 725 542 decima
749 501 821 547 septima

62 569 79 595 et
89 560 153 593 Sebeth
163 560 187 594 ib.
199 581 221 586 —
245 562 331 606 utriusque
344 561 418 594 Christus
464 568 504 605 post
513 568 590 595 exortum
600 559 743 593 Christianismum
751 561 790 592 267.
797 578 820 583 —-

62 616 148 661 exemplar
158 617 200 651 ibid.
465 610 551 651 trudeorti
562 621 627 652 263-
644 616 689 649 uude
699 616 739 649 dicti
749 616 820 649 ibid.-

39 676 112 709 Noemns
124 681 212 706 excusatur
224 674 270 718 quod
281 675 333 707 fuerit
343 675 418 707 inebria-
465 685 522 706 eorum
533 673 663 706 abominandum
670 672 766 713 institutum
778 671 821 703 ibid.

61 738 89 763 tus
101 731 141 762 ⁵23.
464 749 487 754 —
499 737 595 773 serpentem
606 729 664 762 colunt
673 730 713 762 270.
726 747 747 752 -
763 727 821 766 fabula

39 785 162 821 Noetianorum
179 785 253 818 haeresis
268 789 296 819 37,
312 793 352 830 post
371 786 419 818 Chri·
465 797 523 818 eorum
533 786 632 818 dehominis
644 785 730 818 creatione
738 790 756 815 et
763 783 821 816 lalda-

62 841 176 883 stianismum,
193 841 229 874 sive
243 841 380 886 quinquagesima
389 854 415 875 se·
464 842 517 875 baoth
528 845 567 876 271.
577 863 600 869 -
623 853 644 875 ex
654 840 738 874 intestinis
748 839 821 873 hominis

62 899 115 945 ptima
124 901 164 933 479.
174 919 194 924 -
212 899 286 944 qnando,
299 899 328 933 ubi
337 906 354 933 et
362 912 374 933 a
385 911 418 945 quo
464 900 547 944 serpentis
555 899 683 933 similitudinem
691 898 773 942 colligunt
779 896 820 930 ibid.

28 992 31 995 ,
62 956 95 989 orti
104 956 145 989 ibid.
466 977 486 982 -
499 964 594 1002 serpentem
605 969 649 1002 paue
659 956 716 1000 alunt,
735 955 781 989 etin
795 954 820 986 ci-

39 1014 91 1049 Noeti
101 1013 172 1048 historia
183 1016 222 1047 480.
233 1034 253 1039 -
269 1014 290 1048 ab
300 1014 371 1048 eeclesia
381 1014 419 1059 pnl-
465 1020 491 1047 sta
505 1015 603 1049 custodiunt
614 1017 652 1048 272.

61 1084 88 1107 sus
95 1079 112 1106 et
119 1072 215 1118 sepulturae
224 1071 290 1106 bonore
297 1071 373 1117 privatur
378 1072 419 1107 ibid.
443 1071 542 1117 Ophitarum
556 1072 639 1108 refutatio
653 1075 691 1107 272.
704 1090 727 1097 -
750 1083 781 1105 nec
792 1082 822 1104 eos

39 1131 120 1167 Noetiaui
132 1130 191 1177 quibus
208 1130 336 1165 auctoritatibus
351 1137 420 1165 utuntur
466 1143 535 1176 serpeus
550 1131 615 1177 Moysis
627 1138 694 1172 excusat
706 1132 745 1166 273.
758 1149 778 1156 -
803 1136 820 1162 et

61 1189 102 1223 ibid.
423 1186 717 1235 ''euraMoyseereetnsibid-
754 1227 756 1230 ¹
778 1233 780 1236 ι

40 1247 112 1281 Noetins
118 1246 175 1291 potius
181 1246 262 1280 dicendus
269 1251 344 1281 Anoetus
351 1251 390 1281 481.
396 1268 418 1274 —
443 1247 501 1280 Oratio
510 1247 633 1280 haereticorum
643 1246 704 1280 blanda
712 1253 730 1280 et
737 1247 777 1279 fuco
784 1258 821 1279 mu-

62 1304 97 1337 eius
108 1303 191 1337 refutatio
202 1307 242 1338 482.

40 1360 91 1395 Nomi
99 1361 199 1406 Aegyptiaci
208 1361 248 1406 qnid
258 1362 292 1396 sint
301 1363 347 1407 apud
355 1363 419 1406 lsaiam,

62 1425 81 1451 et
90 1417 132 1452 ulios
144 1421 171 1453 68,

39 1476 112 1509 Nomina
125 1489 156 1521 per
170 1476 281 1521 antiphrasim
292 1477 349 1510 multis
361 1477 417 1522 impo-

62 1539 125 1566 uuntur
136 1535 176 1566 485.

40 1588 113 1622 Nomina
125 1601 168 1634 quae
181 1590 214 1623 deo
227 1590 341 1624 attribuuntur
353 1591 374 1624 ab
384 1592 420 1624 He-

464 1303 513 1337 liebri
524 1304 620 1349 simillima,
632 1304 717 1349 abeatque
729 1303 821 1338 cavendum

465 1363 504 1395 554.

442 1418 518 1463 Origenis
528 1419 602 1452 haeresis
614 1430 681 1453 veneno
692 1419 761 1452 rubetae
773 1429 821 1452 eom·

465 1483 524 1521 parata
536 1479 575 1510 604.
587 1496 610 1503 -
632 1476 677 1510 idem
687 1476 746 1509 similis
757 1477 822 1521 Myoxo

466 1532 527 1566 dicitur
536 1533 577 1566 ibid.
584 1554 605 1558 —
618 1533 698 1578 quamsit
708 1532 822 1578 deplorandus

467 1592 506 1622 607.

61 1645 121 1685 braeis,
134 1654 152 1678 et
164 1658 222 1679 eorutu
233 1647 353 1697 interpretatio
365 1650 404 1681 296.
443 1646 520 1690 Origeuis
534 1658 582 1680 error
592 1643 679 1680 refutatur
693 1647 715 1679 ab
725 1645 822 1691 Epiphanio

40 1701 103 1736 Fabula
114 1703 178 1737 Noriae
194 1704 282 1737 insidentis
294 1716 344 1737 arcae
357 1704 420 1738 Noemi
466 1706 507 1736 591.
518 1723 540 1728 -
563 1704 585 1737 ab
600 1716 621 1737 eo
631 1715 662 1737 sex
674 1703 727 1737 millia
741 1703 823 1737 librorum

63 1761 91 1792 83.
139 1777 141 1781 ·

467 1759 562 1803 conscripta
573 1759 614 1793 ibid.

39 1814 92 1848 Nuria
109 1815 170 1848 coniux
181 1800 255 1854 Noemi,
274 1816 318 1849 unde
334 1817 380 1849 diota
390 1828 419 1849 se-
443 1815 523 1859 Origenes
534 1823 591 1848 censet
601 1823 676 1849 creatum
686 1816 739 1849 filium
749 1818 789 1849 ⁵³1.
799 1834 822 1841 -

62 1870 135 1903 eundum
149 1872 248 1913 Gnosticos‚
266 1878 284 1903 et
293 1883 315 1904 an
327 1872 387 1905 eadem
397 1873 419 1905 sit

61 1926 126 1971 Pyrrha
138 1929 166 1960 82.

39 1981 103 2017 Novati
115 1985 144 2029 qui
156 1992 215 2020 auctor
225 1985 336 2020 Catharorum
346 1986 380 2019 fnit
390 1987 418 2020 hi-

62 2041 114 2075 storia
125 2045 165 2076 493.
177 2062 200 2069 -
223 2043 258 2077 eius
269 2044 343 2077 haeresis
353 2044 395 2077 ibid.

39 2096 108 2132 Numeri
118 2099 136 2133 in
147 2100 235 2147 scripturis
251 2101 325 2147 expressi
339 2101 417 2136 conside-

61 2156 128 2192 ratione
139 2158 186 2204 digni
197 2166 237 2193 sunt
249 2162 299 2194 1680.

40 2212 112 2259 Nuptiae
127 2216 172 2251 inter
183 2218 262 2252 Iudaeum
277 2226 295 2252 et
308 2219 419 2252 Christianam

62 2273 168 2317 prohibitae,
180 2282 198 2308 et
210 2283 246 2309 erat
255 2276 284 2310 lex
293 2276 376 2323 quaedam
388 2276 419 2310 du·

63 2328 103 2363 dum
114 2331 159 2365 inter
170 2332 229 2367 fideles
241 2336 281 2368 ⁵10.

40 2383 140 2430 Nuptiarum
152 2393 267 2436 propugnatio
282 2398 340 2427 conua
355 2392 418 2425 Hiera-

62 2444 103 2479 eitas
115 2449 153 2480 714,

40 2498 114 2546 Nuptiae
125 2505 210 2540 secundae
221 2506 288 2547 linitae,
300 2513 376 2540 attamen
384 2506 418 2539 im-

465 1870 535 1915 γενητόν
546 1879 564 1904 et
569 1870 648 1915 γεννητόν
655 1872 745 1905 confundit
753 1875 793 1905 532.
800 1892 821 1897 -

465 1928 486 1961 de
497 1928 621 1961 resurreetione
634 1935 739 1962 mortuorum
751 1928 821 1970 incerta,
868 1950 870 1954 ν

465 1993 483 2019 et
492 1986 570 2031 ambigua
580 1986 647 2020 disserit
656 1988 695 2020 533.
705 1988 744 2019 534.
753 2006 774 2012 -
786 1986 822 2019 eius
845 2006 847 2008 -

465 2044 539 2088 epitome
545 2056 566 2077 ex
572 2044 662 2077 Methodio
670 2043 712 2077 ibid.
724 2051 742 2077 et
751 2046 791 2078 535.
804 2051 822 2076 et

465 2113 511 2147 seqq.
524 2122 545 2127 —
575 2102 593 2135 iu
608 2102 731 2137 resurrectione
749 2113 822 2147 corpora

465 2167 553 2205 resurgent
565 2160 670 2205 perfectiore
679 2159 743 2202 modo,
761 2167 822 2206 etqua

465 2218 531 2252 ratione
541 2218 560 2251 id
568 2218 641 2263 intelligi
650 2219 706 2264 possit
715 2221 748 2252 537
749 2242 754 2251 .
765 2238 787 2245 -
799 2218 822 2251 si-

465 2276 559 2310 militudine
568 2276 616 2321 graui
626 2276 707 2310 frumenti
716 2276 822 2310 demonstra-

465 2341 492 2367 tur
503 2336 543 2368 539.
552 2354 573 2359 -
597 2333 736 2379 Origeuianorum
746 2333 821 2368 obiectio

466 2394 505 2425 553.

442 2449 518 2493 Origenis
523 2449 606 2482 sententia
613 2448 724 2482 similitudine
732 2449 781 2494 pellis
790 2462 821 2483 ac-

465 2506 571 2539 commodata
583 2505 651 2551 corpori
661 2508 701 2540 561.

62 2559 133 2602 pediunt
144 2574 165 2595 ne
176 2563 212 2607 quis
227 2564 324 2597 sacerdotio
339 2564 419 2608 fungatur
442 2563 519 2607 Origenis
530 2575 578 2596 error
589 2563 631 2596 alius
643 2575 681 2597 cnm
691 2576 742 2598 earne
752 2565 821 2598 destitui

62 2617 101 2649 410.

40 2668 141 2715 Nuptiarum
156 2675 234 2710 defensio
245 2684 305 2711 contra
317 2677 419 2711 Saturnilum

465 2620 501 2653 vult
510 2620 587 2654 homines
597 2620 616 2653 iu
626 2621 755 2662 resurreetione,
768 2629 785 2654 et
796 2621 821 2654 si-

464 2677 511 2710 miles
523 2678 561 2710 fore
572 2677 637 2721 angelis
649 2680 689 2712 556.

63 2729 94 2761 63.
108 2749 130 2755 -
159 2733 281 2777 prophetarum
296 2734 337 2767 item
352 2745 419 2778 propu—
442 2734 581 2778 Origeuianorum
598 2734 672 2768 haeresis
691 2736 720 2779 qni
738 2742 755 2768 et
773 2735 820 2769 foedi

63 2785 121 2827 gnatio
131 2795 191 2822 contra
202 2789 275 2823 eundem
287 2793 315 2823 67.

40 2837 114 2883 Nuptiae
123 2842 158 2876 sive
167 2846 292 2879 matrimonium
302 2847 388 2891 quomodo
397 2847 418 2879 ab
434 2855 436 2858 ’

63 2897 132 2932 ecelesia
143 2899 243 2942 reiciantur,
262 2909 280 2935 et
291 2903 377 2947 quomodo
389 2915 418 2936 ca-

62 2951 110 2986 stitas
122 2955 144 2988 ab
155 2968 175 2989 ea
187 2958 269 3001 probetur
280 2961 319 2993 508.

41 3006 141 3053 Nuptiarum
152 3015 265 3059 propugnatio
277 3023 336 3050 contra
346 3023 418 3061 aposto-

63 3064 104 3099 licos
117 3068 209 3105 haereticos
222 3074 262 3105 507.

464 2790 582 2831 nominantur,
604 2798 663 2836 estque
684 2798 724 2834 post
743 2800 819 2826 exortum

465 2846 587 2880 Christianismi
598 2847 724 2892 quadragesima
736 2848 792 2892 tertia,
802 2855 820 2882 et

464 2903 523 2936 ordine
542 2904 646 2948 sexagesima
667 2904 718 2937 tertia
740 2906 779 2938 520.
798 2925 820 2931 --

465 2959 508 2992 nude
524 2960 546 2992 sit
563 2961 645 2994 nominati
657 2960 697 2993 ibid.
710 2978 733 2986 -
761 2973 820 2995 eorum

464 3016 544 3060 dogmata
553 3017 594 3052 ibid,
606 3036 626 3043 -
638 3017 691 3062 turpis
704 3024 721 3050 et
733 3018 785 3052 foeda
796 3019 820 3052 li-

463 3072 505 3106 bido
515 3079 566 3119 atque
577 3074 688 3108 abominanda
699 3077 739 3108 521.
748 3095 769 3102 -
787 3076 819 3110 fla-
