1988 3392
357 250 576 283 asaoernauanosrs.
815 237 856 278 553

77 333 146 376 mirum
164 337 267 386 postquam
282 327 348 369 Maria
365 329 422 384 virgo
433 327 531 370 Nazareti
547 344 559 370 a
572 327 667 371 Gabriele
683 328 789 370 coelestem
806 340 858 368 nun-

78 403 124 444 tium
136 398 224 454 aceepit,
240 411 263 439 ac
277 397 358 439 verbnm
371 397 417 438 illud
430 397 518 451 genitum
531 405 573 452 est,
595 397 646 454 qnod
659 395 741 439 coelitus
753 411 764 438 e
775 403 858 453 paterno

77 471 121 515 sino
132 467 214 528 prodiit,
237 474 282 510 ante
296 473 373 524 tenipus
384 472 442 523 atque
453 466 530 510 initium
542 481 601 511 omne
615 468 743 525 productum,
765 467 858 523 idemque

78 539 174 586 extremis
186 538 307 596 [emporibus
319 538 425 595 allapsum,
447 538 495 579 deus
508 539 589 581 verhum
602 554 612 581 a
623 540 660 582 deo
673 546 729 596 patre
739 553 810 581 revera
823 552 858 594 ge-

78 612 141 662 nitus,
163 609 291 663 eiusdemque
308 622 351 649 cum
365 607 399 649 illo
413 606 549 660 substantiae,
572 622 608 649 neo
619 610 658 651 nlla
669 623 691 650 re
703 623 714 649 a
727 614 783 664 patre
795 614 858 648 muta-

78 689 120 733 tos,
143 678 178 720 sed
196 676 338 720 vicissitudinis
357 691 379 718 ao
395 677 510 718 mutationis
527 684 548 718 et
564 677 674 719 affectionis
692 678 757 719 omnis
775 691 857 733 expers.

78 749 117 804 Qui
129 762 173 788 enm
187 746 237 787 eitra
248 746 307 787 ullam
318 746 377 786 animi
389 744 540 786 commotionem
553 746 633 800 gereris
649 747 711 787 nostri
724 746 817 787 misertus
830 746 860 786 lo-

78 824 119 868 ret,
140 814 349 864 descenditeooelo,
370 826 393 853 ao
406 813 431 853 de
444 812 514 869 spirim
529 821 610 865 saneto,
631 828 693 855 none
708 814 760 855 virili
773 813 858 864 semme,

78 885 184 940 productus
202 896 269 923 verum
283 895 353 935 corpus
366 893 377 919 e
388 878 455 919 Maria
468 881 567 934 suscepit,
588 895 632 920 oum
643 895 654 921 e
664 889 733 921 saneto
745 882 788 922 eins
801 889 859 921 utero

78 963 158 992 earnem
171 949 209 990 sihi
219 948 322 999 diruisset,
344 947 487 1000 humanamque
505 954 545 986 tum
560 947 656 998 animam,
678 955 718 989 tum
731 956 818 988 urentem
828 949 859 988 in-

78 1019 164 1070 duisset,
186 1032 209 1059 ao
221 1015 312 1072 quiequid
328 1014 408 1054 omnino
426 1029 469 1054 eum
486 1014 566 1055 homine
577 1015 703 1057 coniunctum
715 1023 757 1068 est,
779 1023 860 1072 praeter

78 1094 179 1148 peceatum
191 1101 267 1140 secum,
284 1100 308 1128 ae
318 1099 362 1127 eum
375 1083 478 1127 divinitate
487 1098 523 1127 sua
535 1085 655 1143 copulasset.
687 1084 736 1129 lnde
749 1084 860 1130 Bethleemi

78 1163 97 1204 in
109 1161 174 1203 lucem
184 1158 262 1210 editus,
278 1164 337 1213 atque
350 1155 491 1209 circumcisus,
513 1154 660 1215 Hierosolymis
671 1157 748 1200 oblatus
759 1165 801 1208 est,
823 1158 860 1199 ihi·

78 1244 115 1288 que
127 1244 138 1271 a
149 1227 251 1286 Symeone
261 1228 315 1269 inter
330 1225 411 1267 brachia
422 1232 539 1281 susceptus,
561 1233 581 1267 et
594 1227 618 1268 ah
631 1226 691 1269 Anna
701 1225 810 1270 Phanuelis
821 1227 861 1270 lilia

79 1299 202 1357 prophetissa
214 1297 352 1352 praedicatus,
368 1293 492 1335 Nazarctum
505 1295 619 1350 deportatos
630 1306 668 1338 est.
701 1296 753 1338 Tum
764 1311 817 1338 anno
829 1311 861 1338 se-

79 1367 146 1424 quenti
161 1381 183 1408 se
197 1380 263 1408 coram
277 1365 314 1405 deo
330 1362 501 1419 repraesentavit,
525 1371 583 1417 atque
598 1364 645 1406 inde
662 1363 799 1407 Bethleemnm
815 1380 861 1421 pro-

79 1444 122 1493 pter
134 1435 214 1490 generis
226 1431 392 1489 propinquitatem
405 1444 416 1471 a
430 1438 492 1471 matre
508 1431 584 1473 delatus
601 1439 639 1473 est.
671 1431 712 1474 Sed
728 1448 807 1475 rursum
817 1431 861 1474 Na-

79 1511 167 1545 zaretum
178 1502 259 1542 rediens
269 1514 321 1540 aurio
332 1501 395 1539 altero
406 1505 498 1538 vertente
509 1497 663 1555 Hierosolyma,
685 1507 777 1553 gestante
788 1508 859 1552 matre,

79 1573 184 1626 perductus
200 1575 238 1609 est.
269 1566 381 1608 Bethleemi
397 1579 456 1619 porro
470 1579 513 1605 cuin
525 1567 550 1606 ad
561 1567 622 1607 aedes
634 1568 727 1620 quasdam
741 1581 785 1608 eum
798 1575 861 1608 matre

79 1652 101 1679 ao
119 1637 202 1693 losepho
219 1633 347 1685 divertisset,
369 1631 401 1687 qui
417 1632 457 1672 iam
474 1633 544 1687 grandi
561 1640 666 1675 natricum
683 1632 751 1676 tllaria
768 1635 861 1691 degebat,

79 1708 166 1749 seeundo
186 1705 209 1747 ab
221 1703 332 1747 Nativitate
344 1715 397 1742 anno
408 1701 431 1757 (a
443 1700 519 1757 lllagis)
537 1709 647 1745 conventus
665 1710 689 1744 a'e
708 1703 765 1745 donis
781 1711 862 1746 ornatus

80 1784 117 1820 est.
149 1775 225 1819 Eadem
236 1788 285 1818 vero
299 1779 357 1815 noete
367 1786 410 1814 oum
423 1772 517 1829 Iosephus
530 1787 566 1830 per
576 1773 674 1817 somnium
687 1775 711 1817 ab
724 1775 796 1831 angelo
809 1782 863 1818 esset

79 1848 189 1890 admonitus
205 1846 226 1888 in
242 1845 357 1900 Aegyptum
375 1843 502 1884 transfertur.
538 1840 596 1885 Unde
611 1858 681 1886 rursus
698 1853 743 1901 post
761 1846 862 1888 biennium

80 1925 156 1959 mortno
172 1917 210 1957 iam
227 1914 307 1956 llerode
322 1927 346 1953 ao
361 1913 480 1954 succedente
495 1912 595 1954 Archelao
610 1910 726 1956 revertitui.

139 1983 240 2040 Siquidem
257 1997 309 2024 anno
327 1980 414 2022 Herodis
430 1982 534 2032 XXthl,
556 1982 643 2037 Augusti
658 1984 729 2036 XLll.,
751 1982 863 2025 Bethleemi

80 2053 100 2094 in
113 2055 185 2095 ludaea
203 2053 292 2094 salvator
308 2050 403 2091 nascitur.
436 2047 489 2089 Tum
507 2048 594 2090 Herodis
604 2048 700 2093 XXXV.
716 2052 736 2093 in
750 2053 863 2108 Aegyptum

81 2122 182 2175 proleetns
197 2127 235 2161 est.
267 2118 343 2158 Eodem
358 2116 439 2157 Herode
456 2125 534 2157 mortno
551 2117 575 2156 ah
586 2117 679 2172 Aegypto
695 2120 762 2160 rediit.
795 2118 864 2173 Quare

80 2201 164 2228 itecesse
177 2194 207 2227 est
219 2187 293 2225 XXXV
295 2187 319 2225 ll.
335 2183 423 2224 Herodis
439 2197 491 2223 anno
505 2190 595 2237 quartum
613 2186 684 2225 aetatis
697 2200 746 2226 snae
760 2187 864 2241 puerulum

81 2254 158 2307 egisse,
181 2268 224 2294 cnru
237 2251 342 2301 Herodes,
364 2250 455 2305 inquam,
477 2257 553 2305 septem
566 2264 589 2292 ae
601 2252 682 2305 triginta
699 2252 795 2293 confectis
806 2253 865 2293 arinis

81 2321 160 2364 vivendi
174 2322 231 2364 linem
243 2319 317 2362 hahuit.
347 2315 397 2360 Post
409 2318 460 2359 hono
472 2318 583 2360 Archelaus
595 2335 666 2362 nostem
680 2322 737 2363 annis
747 2322 864 2379 imperavit,

81 2406 119 2449 quo
133 2407 217 2450 regnum
234 2391 315 2434 ineunte
329 2389 423 2446 losephus
440 2402 466 2431 ex
480 2390 574 2446 Aegypto
590 2404 634 2432 oum
646 2389 712 2434 Maria
726 2406 749 2435 ae
762 2406 824 2450 puero
835 2393 864 2434 di-

81 2477 175 2518 gressus,
198 2462 230 2505 nbi
248 2459 370 2503 Archelaum
388 2460 486 2516 imperare
503 2460 582 2512 didicit,
605 2461 625 2502 in
642 2460 751 2505 Galilaeam
771 2465 864 2516 secessit,

81 2547 104 2573 ac
116 2541 155 2576 tum
166 2531 277 2576 Nazarethi
288 2528 386 2571 consedit.
419 2526 512 2571 Ceterum
525 2530 637 2572 Archelaus
650 2530 752 2574 Herodem
767 2534 865 2575 iuniorem

82 2603 162 2655 gennit,
185 2600 217 2657 qui
229 2614 281 2641 nono
294 2598 356 2654 patris
372 2612 424 2638 antio
435 2598 456 2638 in
468 2598 572 2654 imperinm
588 2601 693 2642 successit.
724 2602 818 2657 Idemque
831 2616 866 2643 an-

81 2683 118 2711 nus
131 2685 142 2711 a
153 2669 256 2712 nativitate
269 2666 344 2710 Christi
359 2668 412 2707 Xlll.
428 2668 561 2708 numerandus
572 2676 611 2709 est.
643 2667 800 2713 Octavodecimo
813 2684 864 2712 anno

104 2781 131 2817 77.
143 2781 255 2825 dllotmpe'vov
266 2782 300 2814 eod.
312 2781 391 2820 hoediq„
402 2783 416 2812 et
426 2782 461 2812 eod.
483 2784 534 2821 prino.

81 2827 205 2868 lenampr.
508 2826 535 2858 hl.
556 2824 653 2869 ἐπέστρεψε
677 2825 806 2871 (londersele)
830 2829 864 2860 cod.

104 2871 132 2905 78.
145 2875 195 2913 Vulqo
212 2871 306 2915 letphe'vro..
330 2871 385 2900 Peleo.
397 2878 417 2900 ee
428 2871 462 2901 Po·
486 2872 550 2910 hoediq.

82 2918 128 2948 nario
145 2920 206 2950 uolebat
224 2914 342 2961 assuspirans·
375 2915 463 2946 Commius
507 2915 535 2948 52·
550 2914 624 2956 „Mflh'sss
639 2910 660 2950 οὗ
676 2916 693 2950 ἐν
706 2914 753 2963 &alst
767 2917 800 2960 Τῆς
818 2918 866 2961 βασί-

81 2963 262 3008 vertitassumptnsin
276 2963 353 2995 Nazaret.
376 2960 463 3000 seponto
485 2961 532 2999 letae
549 2958 618 3000 ssfiaoiv‘.
635 2965 715 2995 Peloni'os.
745 2965 795 3004 Volpo
810 2965 867 2996 distin·

82 3008 125 3048 insto
136 3008 270 3055 nooolqoffe'vro
282 3007 307 3048 εἰς
319 3007 407 3051 Αἴγυπτον.
484 3010 534 3050 quoin
545 3005 574 3042 τὸν
587 3006 633 3053 plau,
644 3004 737 3055 Ἀρχέλαος
748 3007 768 3045 δὲ
779 3013 817 3044 οῡίί,

104 3054 132 3091 to.
144 3057 166 3103 τῇ
179 3060 231 3092 omiss.
244 3059 260 3090 tn
272 3057 308 3090 edit.
320 3056 376 3090 Pelen.
508 3054 534 3090 hd·
548 3057 591 3089 Edlti
602 3056 635 3101 τῆς
646 3055 663 3091 Γ
664 3055 745 3096 atlhetae

105 3103 131 3137 80,
144 3103 281 3150 παραλειφὶτέντα
293 3105 339 3138 codd.
351 3113 387 3137 mss.
400 3106 415 3136 et
425 3104 463 3137 edit.
508 3102 535 3138 ol.
548 3104 592 3137 Libri
603 3106 651 3147 outqo
662 3102 751 3149 Netope'it.
