1988 3392
279 241 338 276 τουπ
348 241 434 276 υπιοιιισ
445 243 502 276 ms
513 241 644 276 υσσπσιιιοιι.
806 232 848 275 669

72 326 93 362 ab
103 323 134 358 inf.
151 320 180 360 διά
190 321 220 360 τὸν
235 320 302 358 ἐκεῐλεν
312 320 371 367 παροξ.
384 324 426 358 Ven.
438 323 488 357 Bene.
500 343 522 349 -
545 323 557 358 1.
567 320 584 357 ί.
595 322 617 356 ab
627 320 659 355 inf.
671 320 717 367 φημί
729 317 752 359 δι’
762 319 849 367 Ἑλλήνων

30 420 31 423 ¹
71 385 131 420 Venet.
483 393 485 396 ·

116 437 234 485 ruffam
256 436 294 471 1.1.
307 434 391 480 ἐγένοντο,
409 436 479 473 πιδανίν
490 432 510 473 ἄν
520 431 543 483 ῆν
558 449 589 473 σου
600 435 619 473 τί
631 438 703 480 ψεῦσμα
712 438 789 471 Vem-
812 436 849 471 l.2.

71 496 191 531 Benevenet.
208 491 252 537 μετά
267 492 287 529 τὸ
303 491 336 537 τήν
346 489 400 529 Είίαν,
424 494 470 527 {dem
479 494 522 528 liber
533 494 585 539 paulo
597 501 637 539 post
647 493 701 530 πόθεν
712 492 732 529 δ“ε
741 490 776 538 άρα
784 491 850 530 ἐπλάσ-

73 564 116 589 σετο.
129 570 150 577 -
173 550 185 583 l.
197 547 214 584 4.
226 549 265 595 μίαν
280 549 348 596 ἐκτῶν
362 551 389 584 πλ.
402 551 445 586 Ven.
468 551 515 584 Idem
526 551 537 586 ί.
545 552 562 586 5.
578 548 700 596 Ὠικοδύμησε
712 550 744 596 γὰρ
755 549 814 595 σάρκα.
827 542 849 577 -'

71 611 83 645 1.
95 609 121 645 11.
133 608 173 649 νύν,
185 614 225 641 ante
236 602 307 651 άστοῦν,
319 618 352 641 om.
363 608 405 641 Ven.
418 627 441 634 —
463 608 475 640 l.
488 608 513 642 12.
527 608 552 652 οἰ,
564 615 604 642 ante
612 606 720 653 δερμάτινοι,
732 607 780 641 deest
787 608 806 641 in
816 609 849 642 Ve-

71 674 106 702 net.
118 685 140 692 ·-
162 665 174 699 l,
185 663 212 700 14.
229 662 308 708 δηλονότι
323 662 403 709 σώματος
418 664 460 710 (sic)
475 666 528 707 νεα,
540 665 595 699 verbis
608 664 680 711 σώματα
691 658 778 710 ήσαν-καί
788 658 849 710 ούκήν

72 721 198 761 ά-αιπίοσία
211 741 232 748 -
255 721 266 754 Ι.
276 721 302 756 16.
314 721 374 766 γέγονε
386 722 466 768 παρακοῆ
481 720 507 765 (ἐν
521 722 577 763 deest)
589 725 631 756 λῖτα.
644 743 665 749 -
690 722 736 756 Idem
746 721 790 755 iiber
800 721 812 755 l.
823 722 849 757 17.

72 781 118 815 delet
127 780 179 813 verba
189 778 206 814 ἐν
216 779 241 824 τῷ
251 778 398 824 Παραδείοῳ.-
420 778 432 811 1.
444 778 470 812 18.
482 774 522 813 Εύα
533 778 550 814 ἐν
561 778 611 821 τῶξω
624 779 664 824 (sic)
676 780 718 813 Ven.
742 778 791 811 Idem
800 778 850 823 paulo

72 843 111 884 post
122 835 167 880 φησί
178 833 195 870 ἐν
205 836 230 882 τῷ
240 831 303 878 Ἀδάμ.
316 854 337 859 -
360 834 372 868 l.
383 835 411 869 20.
422 833 490 879 Γυμνέν
501 847 520 870 τε
529 831 563 880 άρα
575 837 616 870 Ven.
627 855 649 861 -
671 836 684 869 1.
691 833 719 870 24.
731 830 811 874 δέδωκάς
822 847 851 880 μοι

73 892 136 930 ἔδωκέν
147 904 176 936 μοι
184 893 227 926 Ven.
250 891 297 924 Idem
307 891 353 925 [25.
365 888 408 926 άλλά
418 889 458 927 άπὸ.
470 910 494 918 -
515 892 558 927 127.
571 892 595 926 Τί
604 888 631 927 ὅτι
640 893 689 927 τοῦτο
698 891 789 935 έποίησας;
806 889 851 928 Ἡδὲ

73 949 120 990 εἶπε,
137 946 158 983 Ὁ
169 943 209 993 ὄφις
221 949 263 981 Ven.
287 947 333 981 Idem
344 947 445 993 paulopost
456 947 486 983 καὶ
497 943 582 993 τῷάνδρί
594 960 631 992 μου.
655 946 677 982 Ὁ
691 947 711 984 δὲ
724 947 799 994 flabuo}
812 944 851 994 ύφει

72 1008 123 1052 (haec
133 1005 168 1040 ιλιισ
177 1005 229 1039 verba
239 1004 307 1037 omnino
316 1005 422 1038 restituenda
431 1005 478 1049 sunt)
489 1002 565 1048 ἐπιφέρει
574 1002 606 1049 τῆν
617 1003 692 1049 κατάραν
703 1007 746 1038 Ven.
759 1024 782 1031 -·
803 1005 816 1039 1.
822 1005 849 1040 31.

72 1066 101 1101 τού
113 1061 162 1105 ξύλου
173 1062 207 1106 τῆς
217 1062 264 1107 ζωῆς
273 1060 304 1097 καὶ
314 1058 363 1108 φάγῃ
377 1062 421 1096 ven.
434 1081 456 1087 -
479 1061 490 1095 Ι.
500 1059 515 1095 9-
528 1061 549 1095 ab
558 1060 589 1094 inf.
602 1063 644 1096 Post
656 1061 707 1096 verba
721 1061 746 1102 εἰς
756 1060 785 1098 τίν
797 1061 851 1098 αἰῶνα

72 1123 89 1156 in
99 1120 136 1155 cod.
149 1122 215 1154 Veneto
225 1120 288 1152 inserta
299 1118 378 1163 leguntur
385 1119 436 1153 haec:
449 1118 486 1154 Καί
497 1117 521 1163 μή
534 1117 623 1165 ύπολάβῃς
634 1118 659 1161 δὲ
671 1115 758 1163 άκροατοὶ,
770 1115 797 1155 ὅτι
807 1116 851 1155 άπο·

73 1177 158 1225 φαντικῶς
168 1174 213 1212 εἶπεν
223 1172 234 1213 οε
243 1173 301 1220 κύριος
311 1172 344 1217 ὅτι,
356 1173 409 1219 Ἰδού,
419 1172 477 1221 Ἀδὰμ
486 1175 553 1221 γέγονεν
563 1173 588 1216 ῶς
597 1174 622 1216 εἷς
630 1175 649 1218 ἐξ
656 1174 713 1221 ήμῶν.
734 1174 852 1221 Ἐλεγνιτινιῶς

72 1234 105 1282 γὰρ
114 1233 145 1280 τήν
155 1234 210 1280 οἴησιν
219 1234 249 1270 τοῦ
260 1231 318 1279 ’λδάμ
327 1233 426 1275 πεισθέντος
435 1233 458 1280 τῆ
469 1231 524 1280 πλάνῃ
534 1234 563 1270 τοῦ
574 1229 633 1280 ίφεως
641 1232 751 1279 μεμφόμενος
761 1235 813 1280 λέγει,
826 1234 850 1282 μῆ

73 1289 83 1331 ὃ
95 1291 163 1338 ἐνόμισε
172 1292 252 1338 γενέσλαι
262 1291 334 1338 ἐγένετο,
344 1291 439 1337 τουτέστιν,
451 1287 497 1328 Ἰδοὺ
507 1288 565 1338 Ἀδάμ
574 1292 641 1338 γέγονεν
651 1290 676 1333 ῶς
686 1289 711 1333 εἰς
721 1292 768 1337 (οοιί.
780 1301 851 1340 utroque

73 1352 111 1387 loco
123 1351 156 1394 εἰς)
168 1349 187 1393 ἐξ
193 1348 250 1396 ήμῶν.
272 1346 396 1397 Ἐπιὲυμήσας
409 1348 442 1396 γάρ
453 1346 511 1395 Ἀδάμ
522 1348 628 1396 ὑψηλότερος
642 1349 723 1396 γενέσὶλαι
734 1350 760 1391 εἰς
769 1350 788 1387 τά
800 1345 851 1397 ήττον

74 1409 149 1453 ἐξέπεσε.
172 1406 198 1445 T&
214 1407 234 1445 δὲ
247 1404 372 1456 Ἐκβάλλωμεν
388 1406 449 1451 αὐτὸν,
469 1405 535 1453 μήποτε
553 1406 619 1455 έκτείνῃ
631 1407 662 1453 τῆν
674 1412 723 1455 χεῖρα
734 1408 760 1449 εἰς
770 1408 789 1445 τί
804 1407 852 1451 ξύλον

73 1467 105 1514 τῆς
117 1468 170 1513 ζωῆς,
182 1466 212 1502 καί
221 1463 278 1512 φάγῃ,
289 1465 320 1502 καί
332 1465 402 1511 ζήσεται
414 1464 439 1506 εἰς
449 1464 478 1502 τὸν
490 1465 549 1512 αἰῶνα,
562 1463 581 1501 ού
592 1466 658 1512 φθονῶν
669 1464 678 1502 ἆ
690 1464 731 1507 θεὸς
741 1466 796 1512 λέγει·
808 1464 851 1504 άλλοί

74 1524 164 1569 ἐπεμέλετο
174 1525 204 1559 τοῦ
215 1523 339 1564 έλαττωλέντος
350 1522 423 1565 σκεύους
433 1520 455 1560 δι’
466 1522 537 1568 ἑαυτοῦ,
553 1522 582 1559 ἵνα
598 1521 622 1569 μή
639 1524 688 1569 μείνῃ
701 1523 816 1569 ἐλαττωμένος
827 1525 853 1566 εἰς

74 1580 93 1619 τί
103 1581 191 1626 διηνεκὲς,
204 1577 239 1617 ἀλλ’
252 1578 277 1621 ῶς
288 1577 356 1625 ἄριστος
367 1579 454 1626 κεραμεύς
464 1580 483 1617 τὸ
497 1579 558 1627 βλαβὲν
568 1577 590 1616 δι’
601 1580 662 1616 ἑαυτοῦ
671 1577 739 1626 άγγεῖον
749 1581 853 1627 ἐπιστρέψας

75 1639 100 1679 εἰς
109 1636 129 1674 τά
140 1639 182 1675 ίδιον
193 1636 267 1683 φύραμα
277 1637 309 1683 τήν
320 1639 363 1685 γῆν,
380 1637 397 1674 ἐν
407 1639 430 1686 τῆ
442 1634 536 1673 άναοτάσει
547 1634 642 1674 α’ναπλάσει
657 1636 674 1673 ἐν
691 1638 752 1683 μηδενί
763 1636 853 1685 ήλλαττω-

75 1696 133 1742 μένον,
150 1694 179 1732 τον
190 1696 254 1732 δίκαιον
271 1694 342 1742 ἐνδέξῃ
355 1692 439 1732 άλάνατον
455 1695 485 1731 καί
496 1694 587 1740 δυνάμενον
604 1691 694 1731 ἀπολαύειν
710 1697 744 1741 τῆς
760 1697 852 1743 βασιλείας,

74 1753 104 1789 καί
113 1751 142 1789 τίν
153 1749 210 1790 ἄδικον
222 1752 239 1789 ἐν
251 1753 274 1799 τῆ
285 1753 343 1799 τελείᾳ
354 1750 446 1789 άναοτάσει
456 1750 547 1797 δυνάμενον
558 1750 647 1797 ὑποφέρειν
658 1753 691 1796 τῆς
702 1754 776 1798 κρίσεως
786 1753 818 1799 τήν
828 1767 854 1791 τοι

76 1810 146 1856 μωρίαν.
170 1807 197 1845 Ου’
208 1809 241 1855 γάρ
255 1809 327 1855 πονηράν
338 1823 355 1846 τι
366 1808 458 1856 ἐφύτευσεν
470 1807 480 1846 ὃ
492 1809 543 1854 θεὸς,
555 1808 580 1853 μή
592 1810 666 1855 γένοιτο,
683 1806 726 1846 άλλᾶ
738 1811 769 1846 καὶ
780 1809 821 1849 αύτᾶ
833 1811 853 1848 τί

75 1865 122 1910 ξύλον
139 1865 233 1913 ἐφύτευσε,
250 1868 305 1913 καιρῷ
322 1868 378 1914 δεκτῷ
396 1867 450 1904 δέοντι
465 1865 494 1904 διά
510 1867 540 1903 τοῦ
556 1866 598 1903 ἰδίου
615 1862 743 1912 προςτοίγματος
760 1868 853 1914 ἐπιτρέπων

76 1922 123 1971 αύτῷ
136 1927 193 1972 λαβεῖν
204 1922 234 1961 ἀπ’
246 1921 304 1961 αύτού-
327 1921 372 1960 Ἀλλ’
384 1924 429 1969 ἐρεῖς
440 1921 462 1960 δι’
474 1924 560 1968 ἐναντίας,
576 1925 620 1963 Πῶς
632 1917 660 1960 ούν
671 1925 764 1969 πληροῦται
779 1925 810 1966 τὰ,
821 1924 853 1961 Ἐν

75 1976 89 2028 ᾖ
101 1978 117 2018 δ’
129 1977 149 2018 άν
159 1982 207 2026 (cod.
219 1982 236 2018 ἐν
248 1977 261 2027 ή
272 1979 288 2018 δ’
299 1976 329 2027 άν)
347 1979 405 2028 ήμέρᾳ
421 1979 504 2026 φάγηολε
520 1978 549 2017 ἀπ’
567 1978 630 2021 αύτοῦ,
647 1979 716 2027 λανάτῳ
733 1978 852 2026 άπολοινεῖσλε,

77 2040 122 2084 εἰπερ
134 2043 206 2085 παρεῖχε
217 2043 277 2085 φαγεῖν
288 2038 307 2080 ἐξ
319 2036 371 2075 αύτοῦ
377 2052 382 2081 ;
404 2037 479 2078 Πάντως
490 2036 523 2083 γὰρ
535 2036 595 2083 φαγῶν
606 2038 702 2084 οίῳδήποτε
714 2042 769 2087 καιρῷ
780 2040 854 2086 ἐπλήρου

76 2094 95 2132 τὸ
107 2095 180 2141 Θανάτῳ
197 2092 325 2135 ,ἀποθανεῖσθαι
349 2094 399 2140 Πρὸς·
414 2093 434 2132 δὲ
450 2094 479 2131 τὸν
494 2096 543 2131 τούτο
558 2095 627 2140 λέγοντα
644 2094 693 2131 πάλιν
703 2096 759 2142 φημί,
775 2096 797 2133 Ὁ
813 2098 854 2139 λεός

77 2151 128 2193 εἰδῶς
139 2151 162 2189 τά
173 2152 255 2198 μέλλοντα
265 2153 303 2198 πρίν
314 2152 394 2198 γενέσλαι
405 2150 494 2197 γινιύσκων
509 2148 536 2188 ὅτι
547 2149 642 2197 άπατῃλελς
652 2151 683 2198 πρὸ
695 2154 725 2189 τού
738 2152 790 2191 αύτοῖν
801 2167 854 2200 προς-

76 2208 163 2256 τάγματος
173 2205 235 2254 ήσλιεν
251 2207 281 2246 ἄπ’
297 2207 359 2253 αύτού,
378 2206 431 2254 ι’ίρισε
447 2208 475 2246 τὸν
493 2207 564 2246 λάνατον
575 2209 604 2246 διά
614 2208 645 2254 τήν
658 2209 750 2255 μέλλουσαν
762 2208 790 2247 ὁπ’
802 2209 854 2249 αύτού

77 2265 173 2313 παράβασιν
184 2268 268 2312 γενέσθαι,
290 2265 322 2302 Ἐν
333 2264 388 2313 τούτῳ
400 2267 433 2312 γάρ
444 2264 553 2311 πλανώμενοι
568 2268 586 2302 αἱ
601 2267 675 2311 αἱρέσεις
690 2270 813 2314 βλασφημοῦσι
824 2269 854 2307 τίν

78 2323 128 2366 θεὸν,
140 2325 230 2369 λέγουσαι,
242 2323 301 2364 Καλὸς
312 2322 322 2360 ὁ
334 2322 375 2363 δεὲς
386 2326 416 2359 τοῦ
427 2321 490 2368 νόμου,
503 2320 530 2359 ίίτι
541 2322 628 2369 ἐφθόνησε
639 2325 664 2370 τῷ
675 2321 743 2369 Ἀδάμ,
754 2326 785 2361 καί
795 2326 855 2373 ἐξέβα-

52 2382 54 2386 '
78 2381 105 2416 λεν
116 2378 168 2418 αύτᾶν
178 2381 241 2426 λέγων,
257 2379 371 2429 Ἐκβάλωμεν
384 2377 447 2421 αύτόν,
468 2378 534 2426 μήποτε
545 2380 612 2428 ἐκτείνῃ
623 2379 654 2426 τῆν
666 2385 716 2427 χεῖρα
727 2382 757 2418 καί
767 2382 813 2430 λάβῃ
824 2385 855 2421 τού

79 2436 128 2479 ξύλον
139 2439 173 2483 τῆς
184 2440 241 2483 ζωῆς,
253 2439 283 2474 καί
296 2438 367 2482 ζήσεται
378 2439 403 2478 εἰς
414 2436 443 2473 τὸν
455 2437 514 2473 αἰῶνα.
536 2435 638 2484 Έλέγγεται
647 2436 667 2474 δὲ
677 2434 755 2484 αύτῶνή
767 2435 815 2476 άνοια
827 2453 856 2476 συ-

79 2497 191 2538 κοφαντοῦσα.
214 2495 251 2530 Καὶ
264 2493 297 2540 γάρ
314 2493 334 2530 ού
351 2492 401 2540 μόνον
413 2492 445 2531 ούνι
456 2492 533 2529 ἐκώλυσε
544 2498 605 2539 φαγεῖν
616 2491 650 2529 άπὸ
662 2494 692 2529 τού
703 2494 752 2536 ξύλου
763 2498 797 2541 τῆς
810 2499 857 2542 ζωῆς

80 2546 108 2585 ἀπ’
121 2548 182 2596 ἀρχῆς,
194 2549 237 2587 ἀλλά
248 2552 279 2587 καί
289 2551 415 2597 προςετρέψατο
427 2549 492 2596 φήσας,
502 2549 545 2586 Ἀπὸ
554 2550 617 2591 παντός
627 2549 676 2591 ξύλου
687 2552 717 2586 τοῦ
729 2552 746 2587 ἐν
756 2554 782 2597 τῷ
793 2554 857 2599 Παρα-

80 2605 133 2652 δείσῳ
147 2606 211 2653 βρώσει
221 2610 276 2654 φαγῃ.
302 2601 337 2644 Ἠν
350 2608 396 2654 (cod.
408 2604 438 2653 ῆν)
450 2607 470 2644 δὲ
481 2606 510 2643 καλ
521 2606 540 2643 τά
554 2605 601 2647 ξύλον
611 2607 645 2652 τῆς
657 2607 703 2650 ζωῆς
713 2606 731 2644 ἓν
743 2606 777 2645 α’πό
789 2608 856 2646 πάντων

79 2663 113 2699 τῶν
131 2662 184 2706 ξύλων
199 2666 229 2701 τοῦ
240 2665 351 2710 Παραδείσου
362 2664 394 2710 πρά
407 2663 501 2711 ὀφθαλμῶν
512 2665 542 2699 τού
552 2660 620 2709 Ἀδάμ·
633 2663 682 2709 μόνον
693 2664 714 2701 δὲ
724 2667 754 2702 τοῦ
766 2666 815 2708 ξύλου
826 2668 856 2703 τοῦ

81 2719 143 2757 εἰδέναι
156 2721 232 2767 γνωστὸν
247 2718 313 2768 οἷγαλού
324 2734 343 2758 τε
354 2722 384 2758 καί
394 2723 448 2758 κακοῦ
459 2720 497 2758 εἷπε
508 2720 532 2766 μή
543 2725 609 2767 φαγεῖν.
631 2720 656 2758 Ἡ
665 2720 684 2759 δὲ
693 2723 724 2758 τοῦ
734 2720 792 2768 Ἀδάμ
801 2719 856 2768 άπλη-

82 2787 121 2818 στος
129 2777 195 2815 διάνοια
200 2776 279 2823 αἰιέραιος
288 2773 332 2815 ούσα
341 2778 371 2815 καί
380 2780 413 2825 τῆς
423 2777 503 2825 γυναικὸς
514 2775 566 2813 αιίτού
577 2775 627 2818 maz
638 2776 672 2815 άπὸ
682 2780 713 2815 τού
725 2778 804 2827 διαβόλου
813 2778 857 2816 άπα-

81 2835 165 2882 τηλείσῃς
176 2837 238 2882 μᾶλλον
255 2836 326 2873 ἐναντίον
342 2836 376 2881 τῆς
393 2836 461 2883 ἐντολῆς
477 2834 572 2881 εἰργάσατο.
594 2833 668 2881 Ἐπειδή
680 2830 708 2872 ούν
721 2837 738 2873 ἐν
749 2836 857 2882 ἐλαττώμασι

82 2891 148 2937 γέγονεν
160 2892 182 2932 δι’
194 2894 254 2932 ἑαυτοῦ
266 2892 276 2931 ὁ
286 2891 355 2940 Ἀδάμ,
370 2891 402 2931 ούνι
419 2893 499 2940 ἐλάλησεν
511 2889 588 2933 ἕαύτίνὲ
603 2892 644 2935 λείς
656 2894 687 2940 ζῆν
698 2894 722 2935 εἰς
732 2891 762 2930 τίν
774 2894 828 2931 αἰῶνα
839 2894 856 2932 ἐν

83 3006 105 3045 δι’
116 3009 177 3048 ἑαυτοῦ
188 3009 278 3057 ῃύδάκησε
290 3013 401 3059 μεταβαλεῖν,
417 3011 445 3048 ίνα
456 3011 473 3048 ἐν
484 3011 506 3057 τῆ
517 3010 636 3057 παλιγγενεσία
648 3010 668 3047 ἐκ
678 3011 708 3046 τοῦ
721 3009 763 3047 ἰδίου
775 3009 857 3057 φυράμα-

83 3077 112 3107 τος
127 3068 175 3106 πάλιν
193 3069 218 3111 ιύς
233 3069 261 3105 ἐπὶ
276 3067 304 3106 τὸν
320 3067 380 3116 τροχὸν
397 3067 509 3117 μεταβάλλοι,
532 3065 651 3109 άνασκευάσας
665 3067 695 3104 καὶ
710 3065 820 3110 άνανιαινίσας
837 3069 856 3107 τά

84 3126 146 3168 ονιεύος
155 3123 196 3165 ἄνευ
205 3125 324 3174 έλαττῶματος
335 3127 360 3169 εἰς
369 3125 388 3164 τὸ
400 3125 484 3165 δύνασθαι
493 3127 577 3172 διηνεκῶς
589 3127 625 3172 ζῆν.
642 3122 707 3163 ’Ένλεν
718 3125 738 3164 τί
749 3128 815 3173 πρῶτον
827 3127 858 3174 μέν
