1988 3392
236 230 328 268 canaan
338 233 381 267 ure.
391 234 421 269 nr.
432 235 487 271 rom.
496 233 518 271 n.
530 235 597 269 aare.
606 234 703 269 rxxvur.
818 226 860 268 435

81 316 116 358 ειὶε
128 312 229 368 sapienter
245 321 276 356 est
288 315 387 356 conlecta.
417 315 478 358 Aliud
492 331 541 359 vero
554 323 658 372 praeterea
667 315 688 356 in
701 323 794 370 utraque,
816 314 862 356 Eva

81 383 158 427 scilicet
174 395 198 423 ac
212 381 290 435 Maria,
313 383 435 425 considerari
452 392 528 439 potest,
552 385 666 441 etquidem
684 382 814 425 admiratione
832 384 861 424 di-

82 465 152 506 gnum.
184 447 286 505 Siquidem
299 450 343 492 Eva
356 452 425 504 generi
440 451 539 494 hominum
552 467 642 495 caussam
653 452 724 493 mortis
734 452 811 502 attulit,
827 465 863 506 per

81 532 138 572 quam
151 530 206 558 mors
220 518 282 558 estin
294 518 362 558 orbem
379 525 476 559 tcrrarrrm
494 520 584 570 inrecta,
606 519 684 560 Mariae
701 519 754 558 ritae
770 532 862 558 caussam

81 583 181 641 praebuit,
203 598 239 640 per
251 598 307 640 quarn
324 584 365 627 rita
380 592 411 627 est
423 585 480 627 nobis
497 586 539 642 ipsa
556 587 657 642 producta.
689 583 721 629 Ob
732 585 751 627 id
763 585 815 627 filins
830 585 862 626 dei

80 652 100 696 ia
114 652 166 696 huuc
177 654 269 697 mundum
283 654 374 708 advenit,
390 662 421 710 et,
448 656 485 697 Ubi
500 656 604 698 abundant
618 658 718 707 delectam,
741 655 860 714 sapepaban-
869 662 965 701 Remeat

81 728 215 779 daaz'tgrutz'a.
245 723 302 769 Unde
315 741 369 769 mors
384 727 467 780 accidit,
488 727 529 770 vita
545 726 592 770 illuc
607 728 704 781 accessitp
726 728 778 770 utin
792 727 862 769 mortis

81 795 145 837 locum
159 793 200 836 vita
212 797 341 849 succederet,
358 803 378 838 et
389 797 463 839 illatam
475 811 487 840 a
500 797 583 839 muliere
599 804 682 839 mortem
694 798 726 839 ille
738 798 789 854 ipse,
806 797 862 853 quie

81 864 176 915 muliere,
198 865 239 906 vita
251 871 273 905 ut
284 873 339 907 esset
351 873 433 918 nostra,
454 873 512 908 natus
529 873 584 917 erat,
605 867 729 908 excluderet.
760 865 861 921 Quoniam

81 946 130 973 vcro
150 946 194 973 cnm
214 933 277 976 adhuc
294 932 351 988 virgo
368 934 388 974 in
406 934 469 975 hortis
486 933 530 976 Eva
548 934 642 988 degeret,
666 949 701 989 per
717 934 861 975 contumaciam

80 999 130 1054 apud
142 1000 199 1040 deum
211 1000 337 1051 ostenderat,
353 1001 398 1041 ideo
410 1001 487 1055 gratiae
499 1000 578 1055 propria
590 996 614 1040 ab
626 1001 703 1054 virgine
715 1002 803 1041 manavit
814 1001 862 1040 obe-

81 1066 167 1116 dientia,
187 1073 290 1121 postquam
303 1067 416 1108 circumfusi
428 1081 512 1122 corpore
523 1067 579 1107 verbi
591 1067 763 1122 sempiternaeque
773 1067 827 1107 vitae
839 1067 863 1107 de

81 1134 137 1176 coelo
148 1141 179 1175 εει
190 1135 291 1176 mmtiatus
302 1136 406 1177 adrentus.
437 1134 490 1177 Nam
501 1135 541 1177 illic
554 1135 581 1177 ita
593 1143 706 1192 serpentem
719 1136 768 1178 deus
780 1135 863 1191 alloqui-

81 1213 124 1259 tur,
146 1207 267 1248 Iarmicr'taitm
277 1221 348 1261 penam
360 1209 411 1249 a'nter
424 1214 443 1249 te
453 1215 473 1248 ct
484 1210 535 1249 irater
548 1209 613 1258 illum,
635 1210 686 1249 mter
697 1222 760 1248 aeruca
776 1215 829 1248 taem
844 1211 911 1247 eteen.
920 1211 935 1248 ³,
944 1212 966 1240 ¹5·

81 1292 142 1318 semen
161 1279 220 1318 itlius.
257 1275 318 1333 Atqui
339 1292 434 1334 nusquam
457 1277 553 1320 eiusmodi
576 1291 645 1320 semen
667 1276 755 1320 mulieris
777 1277 864 1319 inveniri

82 1353 154 1402 potest.
192 1344 248 1388 Unde
265 1360 305 1387 non
323 1346 381 1388 aliter
398 1362 455 1403 qnam
472 1362 508 1402 per
525 1347 693 1388 adumbrationem
710 1361 733 1388 ae
750 1346 862 1388 similitudi-

82 1428 126 1455 nem
139 1413 239 1456 adEvam
252 1414 334 1456 hostiles
349 1414 396 1456 illae
408 1414 523 1456 inimicitiae
536 1416 662 1465 referuntur,
684 1429 734 1469 quas
744 1429 788 1455 cnm
805 1414 863 1454 lutus

82 1481 142 1536 stirpe
153 1494 236 1536 serpens
249 1480 282 1522 ille
295 1489 315 1522 et
327 1482 390 1536 quiin
402 1489 495 1535 serpente
506 1482 572 1522 inerat
583 1482 656 1522 invidia
668 1482 755 1536 flagrans
774 1481 863 1522 diabolus

84 1554 175 1588 exercet.

138 1613 201 1657 Pleae
218 1613 296 1671 quidem
312 1629 335 1657 ac
349 1616 438 1671 perfecte
454 1616 599 1658 accommodari
615 1616 639 1657 ad
653 1615 705 1657 illam
717 1614 812 1656 universa
829 1627 865 1656 ne·
897 1621 937 1664 cap.

83 1690 169 1742 queant,
191 1684 225 1727 sed
241 1683 262 1727 in
277 1684 412 1739 sanctissima,
436 1684 509 1728 eximia
524 1699 547 1728 ac
563 1684 659 1743 singulari
676 1684 751 1742 stirpe,
771 1698 822 1742 quae
840 1683 864 1727 alr
895 1667 945 1702 Μ’

82 1755 125 1798 sola
135 1755 213 1812 virgine
224 1753 291 1799 Maria
303 1756 346 1799 sinc
358 1756 397 1799 nlla
408 1757 446 1799 viri
460 1757 603 1799 consuetudine
615 1763 724 1813 propagata
735 1764 778 1810 est,
798 1755 865 1813 reipsa

83 1839 106 1867 ac
118 1825 195 1880 penitus
207 1825 306 1883 impletur.
337 1824 376 1867 Hie
388 1827 439 1868 enim
452 1826 505 1868 illius
518 1826 569 1868 lilius
579 1827 603 1867 ad
616 1825 770 1882 extinguendam
783 1839 866 1880 serpen-

84 1893 108 1935 tis
123 1908 147 1935 ac
161 1894 245 1936 tortuosi
260 1894 335 1936 colubri
354 1895 468 1950 sagacisque
483 1896 523 1936 vim
537 1909 561 1936 ac
575 1895 695 1950 potentiam,
718 1895 750 1949 qui
766 1908 789 1935 se
802 1901 865 1935 totum

83 1961 150 2002 orlrem
162 1968 260 2004 terrarum
273 1962 374 2003 dominatu
385 1976 421 2003 sao
434 1962 610 2017 comprehendisse
623 1961 722 2013 iactabat,
739 1962 763 2002 ad
775 1962 824 2001 haec
835 1961 865 2001 in-

84 2027 128 2067 fima
140 2029 249 2069 descendit.
279 2027 389 2083 Propterea
401 2029 471 2069 rrnicus
483 2043 494 2069 ε
504 2029 587 2069 muliere
602 2029 633 2069 dci
646 2029 698 2069 lilius
711 2029 821 2082 processit,
844 2035 867 2068 ut

84 2101 209 2150 serpentem,
226 2095 263 2136 lroc
273 2101 304 2135 est
317 2094 388 2151 impiae
401 2094 503 2135 doctrinae
515 2095 647 2151 corruptelam
660 2108 683 2135 ac
696 2095 785 2135 fraudem
800 2101 820 2134 et
834 2107 866 2135 er-

84 2176 150 2207 rorem
169 2177 192 2207 ac
204 2163 321 2222 pravitatem
337 2170 445 2208 everteret.
476 2163 516 2207 llic
527 2170 559 2206 cst
571 2165 603 2222 qni
619 2177 690 2207 rerrera
705 2171 779 2205 adeam
795 2166 968 2208 accrescentem

84 2239 166 2290 aperuit.
197 2234 250 2279 Nam
264 2243 389 2293 quotcunque
407 2235 532 2294 primogeniti
544 2236 599 2279 illam
612 2243 775 2289 antecesserant,
796 2242 818 2278 ut
831 2236 866 2278 lro·

85 2306 198 2348 nestissime
212 2306 286 2356 dicam,
309 2307 361 2348 istud
372 2306 436 2363 ipsum
450 2307 528 2348 efficere
542 2307 686 2362 nequiverunt,
710 2306 744 2347 sed
758 2306 812 2347 solas
828 2305 867 2347 lroc

86 2376 155 2418 unicus
166 2375 197 2417 dei
212 2375 262 2417 lilius
279 2374 375 2426 obtinuit,
398 2376 419 2416 in
433 2389 471 2430 quo
485 2375 558 2416 ceteris
571 2374 659 2417 exclusis
673 2375 763 2417 omnibus
775 2375 823 2416 illud
837 2382 868 2415 est

85 2445 202 2497 perlectum.
234 2440 308 2485 Sedet
322 2443 359 2485 alia
373 2444 540 2498 praetermittam,
563 2443 594 2483 rel
610 2456 638 2484 ex
652 2457 676 2483 eo
687 2446 731 2498 ipsc
744 2444 795 2497 quod
809 2443 867 2483 modo

86 2516 193 2552 tractamus
209 2517 274 2565 potest
288 2511 336 2551 illud
348 2510 439 2565 intelligi.
471 2509 549 2565 Quippe
562 2523 589 2550 ex
602 2508 669 2550 illaria
685 2517 763 2564 sumpta
772 2510 806 2550 illa
818 2510 868 2549 scri-

87 2583 154 2630 pturae
174 2576 272 2618 sententia
292 2584 322 2617 est
339 2590 397 2631 quam
415 2577 439 2617 ad
457 2576 561 2618 ecclesiam
580 2577 729 2617 accommodare
749 2589 867 2631 possumus:

86 2646 166 2700 Propter
174 2647 210 2686 dcc
221 2646 315 2699 reditque!
325 2647 380 2685 domo
387 2654 462 2700 petrem
473 2660 539 2694 saram,
562 2652 582 2684 et
590 2652 669 2685 matrem
680 2659 745 2694 saara,
766 2646 867 2685 etuddce·
880 2652 972 2688 (tenete

86 2717 135 2759 redit
149 2720 209 2759 auore
218 2730 276 2766 saeue,
299 2724 318 2757 ct
329 2724 386 2758 cruat
405 2719 442 2758 dac
461 2719 481 2759 ia
497 2731 572 2759 caraem
589 2730 652 2757 ariera.
685 2715 794 2773 Apostolus
808 2730 867 2769 vero,
877 2722 963 2762 epham.

88 2788 230 2830 Sacramentum
242 2789 289 2837 dcc,
306 2785 381 2842 inquit,
397 2801 486 2840 magnam
500 2795 539 2828 est:
562 2801 597 2840 ega
607 2794 670 2827 celem
683 2789 726 2827 dico
742 2789 762 2827 in
773 2789 869 2827 Christum

87 2863 107 2895 et
116 2859 221 2898 ecclesiam.
252 2854 275 2897 ln
287 2870 325 2911 qno
335 2863 449 2897 accuratam
461 2869 564 2897 sacrarum
582 2855 683 2896 literarum
699 2854 819 2909 diligentiam
835 2854 869 2894 ob-

88 2937 170 2967 servare
183 2925 241 2978 licet3
257 2938 307 2979 qaae
320 2938 364 2965 cum
376 2924 400 2964 de
412 2923 490 2965 Adamo
501 2925 620 2979 loquuntur,
642 2923 739 2964 formandi
753 2922 871 2963 vocabulum

88 2992 192 3044 adhibent,
212 2991 277 3045 Evam
296 3006 345 3033 vero
365 3004 488 3045 nequaquam
506 2993 619 3040 formatam,
644 2989 810 3032 sedaedidcatam
826 3003 871 3031 esse

89 3057 163 3100 dicarat.
195 3062 281 3112 Smapsit
295 3063 354 3106 cazia,
375 3058 450 3112 inquit,
473 3074 527 3098 carrum
543 3073 553 3096 a
569 3060 626 3097 cosa's
643 3060 707 3104 allius,
730 3065 749 3095 et
763 3058 872 3108 aedificavit
881 3065 966 3100 Grues-¹1.

680 3135 727 3180 28*
