1988 3392
164 233 205 274 398
453 239 537 273 ελΝοΤι
548 238 664 273 ΕΡινΗιινιι

164 317 210 374 μεθ’
222 314 247 374 ἧς
263 318 359 376 ἐρρύσατο
374 318 517 373 αἰχμαλωσίας,
537 316 559 361 τό
571 316 678 374 ιριημερον
692 318 714 360 ἒν
727 315 814 375 ἀληθεία
826 318 949 376 ἐγειρόμενος

164 387 201 430 σύν
211 387 289 441 στόματι
300 389 335 431 καί
345 391 408 445 ψυχῇ,
423 387 458 429 καὶ
468 387 528 429 παντί
541 391 569 445 τῷ
581 385 660 444 ὀργάνῳ
670 388 691 429 ἓν
701 383 793 444 ἀληθείη,
809 384 949 443 εὑρισκόμενος

164 455 212 510 μετά
224 460 264 499 τῶν
277 460 376 511 μαθητῶν
386 454 423 510 τὴν
433 454 657 512 τεσσαρακονθήμερον,
672 455 761 511 εὐλογῶν
772 471 792 497 τε
804 454 879 504 αύτούς
889 457 911 498 εὐ
921 462 949 516 τῷ

159 522 217 580 ’Όρει
234 530 274 568 τῶν
286 526 356 566 ἐλαιῶν
374 525 395 566 ἒν
410 521 507 582 ἀληθείᾳ,
526 521 658 579 ἀνερχόμενος
674 525 702 572 είς
718 521 806 579 ούρανύν
822 524 843 566 ἐν
856 520 948 582 ἀληθεία,

163 598 204 635 τῶν
215 597 312 646 μαθητῶν
328 590 391 634 αὐτόν
403 592 537 647 θεωρούντων
554 592 593 640 ἕως
606 595 646 632 τῶν
658 595 747 643 νεφελῶν
759 588 950 646 ἀναλαμβανόμενον

164 662 186 704 ἓν
199 660 295 718 ἀληθεία,
310 661 438 702 καθεσθέντα
449 660 483 702 καί
493 657 629 712 καθεζόμενον
639 659 661 700 ἐν
672 661 728 717 δεξιᾷ
738 664 775 702 τοῦ
785 657 861 716 πατρός
871 660 893 702 ἐν
903 657 949 715 ἀλη-

164 732 222 787 θείᾳ,
241 730 262 771 ἐν
277 726 331 786 αύτῷ
348 731 375 786 τῷ
388 726 464 781 σάματι
478 728 512 770 καὶ
523 731 547 786 τῇ
560 725 653 780 θεότητι,
675 728 696 770 ἐν
712 727 764 787 αὐτῇ
776 732 800 788 τῇ
815 730 877 786 τελεία
893 729 949 771 ἒναν·

164 796 281 853 θρωπήσει,
300 792 314 855 ᾗ
324 795 461 850 συνηνωσε-τά
471 795 508 838 ὅλα
518 798 546 845 είς
555 798 579 838 ἓν
592 795 625 837 καί
637 798 685 849 μίαν
697 794 834 850 πνευματικήν
845 799 949 850 τελείωσιν,

165 864 215 916 θεός
226 864 255 908 ῶν
266 866 288 908 ἐν
304 863 353 924 ὁόξη
364 863 499 919 καθεζόμενος
513 870 581 922 κρῖναι
595 867 669 916 ζῶντας
683 865 718 907 καί
729 863 824 922 νεκρούς,
846 864 951 921 ἐρχόμενος

166 937 187 979 ἒν
196 933 287 994 ἀληθείη.
318 936 359 978 Καὶ
368 932 428 978 ούιλέν
438 935 477 978 ἐστι
488 934 656 991 παρηλλαγμένον,
672 932 720 977 ἀλλά
728 932 793 978 κιόντα
802 935 865 979 τέλεια
874 937 951 987 τελείως

165 1008 186 1050 έν
200 1004 254 1065 αύτῷ
270 1007 292 1049 ἓν
306 1003 410 1061 τελειότητι
425 1005 548 1062 εἰργασμένα,

73 1091 155 1139 Κεφηχ,
225 1079 298 1125 Καλῶς
309 1075 331 1118 δὲ
345 1076 395 1130 ἔχειν
408 1075 453 1132 περὶ
465 1074 541 1118 τούτων
555 1076 671 1129 νομίσαντες
681 1075 720 1126 ἕως
731 1075 804 1119 τούτου
816 1077 863 1133 περὶ
875 1074 951 1119 τούτων

167 1147 261 1202 εἰρῆσθαι
274 1143 422 1198 ἐδικαιοίσαμεν.
453 1145 505 1199 Περὶ
516 1143 538 1186 δὲ
548 1138 577 1186 ῶν
588 1143 715 1199 ἔνηχηθημεν
726 1143 787 1189 πάλιν
799 1149 951 1202 αεριττολογιῶν

166 1220 208 1258 τῶν
217 1213 241 1257 τά
251 1218 334 1256 τοιαῦτα
344 1213 441 1269 λεγόντων
451 1211 560 1268 ἀναγκαῖον
571 1213 606 1255 καί
618 1211 670 1256 αάτά
680 1211 791 1266 ἀποδεῖξαι.
822 1212 853 1257 Ού
863 1213 919 1256 πάνυ
930 1214 951 1256 δὲ

167 1282 323 1336 πεπιστεύκαμεν
337 1280 369 1325 ότι
381 1281 446 1333 ούτως
456 1280 503 1337 παρ’
518 1280 589 1331 αὐτοῖς
602 1278 676 1340 ᾅδεται.
699 1281 774 1338 ’Ὅμως
788 1281 813 1325 τά
829 1283 952 1338 ἕνηχηθίντα

168 1350 193 1395 ού
208 1350 341 1406 σιωπήσομεν.

228 1488 284 1538 Τινὲς
298 1487 336 1544 γάρ
349 1489 383 1530 καὶ
394 1485 502 1542 ἐτόλμησαν
511 1488 574 1543 λέγειν
584 1485 616 1530 ότι
626 1485 686 1529 πάλιν
697 1487 749 1537 τινὲς
758 1489 778 1538 ἐξ
788 1486 856 1530 αὐτῶν
868 1489 951 1545 λέγουσι

168 1559 214 1614 περὶ
226 1559 320 1613 Μαρίας,
342 1554 390 1610 μετά
408 1554 430 1598 τύ
440 1556 577 1612 γεγεννηκέναι
591 1554 627 1598 τόν
638 1554 726 1611 Χριστόν
738 1557 878 1610 έπισυνίχφθαι
893 1554 952 1613 ἀνδρί

167 1631 195 1685 τῷ
207 1624 287 1679 Ἰωσήφ.
319 1622 419 1678 Θαυμάζω
435 1624 458 1666 ἀὲ
473 1626 492 1666 εί
506 1625 541 1667 καί
557 1623 617 1666 αὐτοὶ
633 1629 692 1667 τοῦτο
707 1625 803 1680 λέγουσιν.
833 1625 881 1667 Εἰσί
896 1625 918 1667 δὲ
932 1625 953 1667 οί

72 1700 154 1737 vag-1⁰³1·
167 1698 227 1737 τοῦτο
239 1694 338 1749 λέγοντες,
353 1691 390 1741 οὓς
400 1692 434 1735 καὶ
444 1691 520 1741 αύτούς
534 1692 555 1735 ἒν
564 1697 606 1741 τοῖς
618 1694 721 1746 σχίσμασιυ
731 1691 881 1747 ι’χριθμησαμεν,
897 1693 952 1747 αι’τη-

167 1763 237 1812 θέντες
253 1763 288 1804 καὶ
301 1759 415 1817 γράψαντες
427 1758 532 1814 ἐπιστολήν
544 1760 566 1802 ἒν
576 1764 601 1818 τῇ
610 1758 694 1819 Ἀραβίη
711 1759 765 1816 πρός
776 1777 832 1810 τινας
846 1759 898 1804 κατά
911 1764 952 1804 τῶν

167 1835 225 1874 τοῦτο
241 1828 343 1886 λεγόντων.
374 1828 443 1871 Πολλά
459 1829 481 1871 δὲ
492 1830 555 1871 ἐκεῖσε
570 1829 616 1883 περί
630 1827 704 1872 τούτου
718 1827 823 1885 εἰρήκαμεν
838 1830 859 1872 ἒν
870 1833 895 1889 τῇ
909 1826 952 1872 κατ’

168 1897 243 1950 αὐτούς
261 1895 364 1941 ἀποθέσει,
395 1899 491 1953 Καθεξῆς
507 1897 529 1940 δὲ
543 1898 565 1940 έν
575 1901 616 1957 θεῷ
631 1899 666 1941 καί
680 1896 745 1954 αὐτην
759 1896 876 1951 ἰδιάζουσαν
887 1904 953 1942 καθυ-

167 1969 254 2022 πατάξω.

219 2106 288 2151 ’Ἀλλυι
300 2107 321 2150 δὲ
332 2108 410 2161 ἔφασαν
421 2105 457 2151 τόν
466 2108 549 2164 γέροντα
560 2107 660 2163 εἰρηκέναι
671 2106 702 2151 ότι
716 2108 738 2150 ἐν
749 2111 774 2167 τῇ
785 2108 855 2167 πρῶυη
867 2106 953 2152 ἀναστά-

169 2194 197 2223 σει
205 2180 371 2234 χιλιονταετηρίδα
377 2175 422 2220 τινά
429 2179 560 2231 ἐπιτελοῦμεν,
570 2182 612 2227 τοῖς
619 2174 688 2227 ου’τοῖς
695 2177 868 2233 ἔμπολιτευόμενοι
876 2175 955 2228 όκοίοις

168 2250 204 2292 καλ
212 2253 260 2300 νύν,
276 2244 303 2296 τίς
315 2247 349 2289 καί
359 2246 422 2301 νόμον
433 2248 468 2288 καί
480 2244 528 2288 ἀλλα
539 2244 682 2298 φυλάττοντες,
697 2247 732 2288 καὶ
744 2245 808 2289 πάντα
820 2251 856 2302 τῆς
865 2246 954 2302 χρήσεως

168 2322 204 2371 τῆς
216 2318 237 2359 ἓν
245 2320 274 2374 τῷ
283 2315 363 2373 κόσμῳ,
384 2314 450 2371 γάμου
462 2332 483 2357 τε
495 2316 529 2357 καὶ
541 2320 649 2371 περιτομῆς
660 2316 694 2358 καί
707 2320 748 2358 τῶν
758 2313 822 2358 ἀλλων
836 2316 953 2371 μετέχοντες,

112 2401 115 2404 ’
172 2385 222 2441 ὅπερ
234 2384 259 2428 ού
268 2383 323 2427 πάνυ
333 2384 379 2439 περὶ
390 2382 453 2427 αύτού
460 2383 623 2440 πεπιστεύκαμεν.
644 2381 680 2434 Ὡς
690 2386 712 2427 δέ
721 2401 772 2435 τινες
781 2384 953 2440 διεβεβαιύσαντο,

171 2459 230 2498 τοῦτο
244 2455 322 2509 ἔφησαν
337 2452 398 2497 αὐτόν
413 2456 519 2512 εἰρηκέναι.
755 2445 757 2449 V

229 2662 269 2702 Καὶ
280 2660 310 2703 ότι
321 2660 357 2714 μὲν
368 2661 477 2716 γέγραπται
488 2660 534 2715 περὶ
549 2664 585 2714 τῆς
595 2662 772 2716 χιλιουταετηρίάος
787 2659 869 2713 ταύτης,
890 2659 921 2702 ότι
933 2661 954 2703 έν

169 2734 195 2788 τῇ
206 2726 342 2780 Ἀποκαλύψει
351 2726 457 2780 Ἰωάννου,
472 2729 507 2770 καὶ
518 2728 549 2770 ότι
559 2728 614 2784 παρά
627 2731 723 2778 πλείστοις
736 2729 805 2770 1ἐστὶν
817 2726 830 2781 ἡ
840 2730 909 2782 βίβλος
920 2743 953 2770 πε-

170 2797 290 2850 πιστουμένη
297 2830 303 2847 ,
322 2797 356 2838 καί
370 2795 425 2852 παρά
435 2802 478 2844 τοῖς
487 2797 600 2849 θεοσεβέσι,
622 2799 688 2850 δῆλον.
722 2793 952 2851 Τηνδὲβίβλονάναγι·

170 2864 282 2912 νῶσκοντες
294 2865 420 2916 οἱπλεῖστοι,
441 2866 476 2906 καὶ
486 2862 584 2918 εὐλαβεῖς,
607 2866 669 2920 2περὶ
681 2870 721 2907 τῶν
729 2867 870 2918 πνευματικῶν
881 2862 955 2912 εἰδότες

170 2934 205 2977 καί
217 2935 238 2976 ἐν
249 2932 301 2991 αὐτῇ
314 2936 452 2987 πνευματικῶς
463 2933 532 2987 ἔχοντα
544 2931 678 2988 λαμβάνοντες
689 2931 756 2987 ἀληθῐχ
769 2932 805 2985 μὲν
814 2929 872 2984 όντα,
888 2932 909 2975 ἐν
918 2933 954 2986 βα-

195 3050 371 3083 GAP.XXXV1[.-
400 3050 415 3082 λ.
428 3048 474 3083 ἐστὶν
490 3050 551 3081 λιταίν-
596 3049 612 3082 2.
625 3052 702 3091 Suspicor
718 3047 748 3083 καλ
763 3047 801 3092 περὶ
816 3050 850 3083 τῶν
864 3058 955 3093 πνευματι·

171 3099 217 3130 ναίον
226 3098 243 3129 in
253 3096 290 3130 edit.
301 3098 356 3130 Ρελαυ.
370 3097 423 3130 Coton.
434 3098 482 3137 νηιιί.
573 3095 609 3130 κῶν
621 3093 697 3134 εἰδότες,
711 3093 728 3130 ἐν
741 3091 785 3140 αὐτῇ
798 3095 835 3129 κτλ.
