1988 3392
157 210 198 253 126
445 219 528 254 SANGTI
538 218 656 253 ΕΡΙΡΗΔΝΙΙ
710 256 711 259 ¹

156 296 194 342 οἰίκ
205 299 254 342 εἰσιν
265 297 392 353 ἀκουόμενοι.
414 296 495 353 Ἐπειδή
505 296 528 341 τό
539 301 597 352 σῶμα
607 296 644 353 οῦχ
654 297 676 340 ἕν
685 297 726 358 ἔστη
736 297 801 352 μέλος,
811 295 860 340 ἀλλά
872 297 944 352 πολλά,

157 365 222 410 πάντα
232 367 253 410 δέ
264 372 352 426 μεριμνᾷ
365 366 415 424 άπέρ
430 365 516 421 ἀλλήλων
529 364 554 409 τά
563 366 622 421 μέλη,
644 367 677 409 ἵνα
689 364 718 421 μή
729 367 800 421 σχίσμα
811 360 826 425 ή
835 367 857 409 έν
867 370 896 425 τῷ
906 366 945 410 σῶ-

157 453 213 490 ματι,
234 436 305 479 καλοῦ
319 435 401 479 δῦναται
412 437 474 478 εἰπεῖν
489 433 503 490 ή
514 433 592 491 κεφαλή
605 440 647 485 τοῖς
658 436 729 488 ποσίν,
751 436 826 491 Χρείαν
836 433 895 489 ἀμῶν
905 434 945 480 οῦκ

157 505 206 560 έχω,
226 501 509 559 ἀλλ’όθεόςσννεαέρασετό
523 509 591 558 σῶμα,
613 502 707 554 δεδωκώς
719 508 747 562 τῷ
758 501 897 562 ὑστερουμένῳ
911 521 944 547 πε-

158 574 275 631 ρισσοτέραν
284 572 353 630 τιμήν,
374 573 405 616 ότι
416 572 452 627 μέν
462 566 500 616 οῦν
510 571 649 629 ἀπαραίτητόν
665 574 706 616 έστι
721 572 832 632 κινουμένῳ
846 572 906 616 παντί
916 578 945 633 τῷ

157 640 234 698 στόματι
249 641 276 699 μή
291 647 441 699 συγκινεῖσθαι,
456 639 545 685 αάτόθεν
561 639 623 697 δήλόν
638 642 684 685 έστι.

219 850 267 890 Τίνα
277 845 295 889 δ’
304 845 330 890 ἀν
338 864 368 897 τις
380 851 417 890 τοῦ
427 845 489 904 λόγου
499 851 535 891 τοῦ
548 845 601 905 πρός
610 845 664 902 ήμόις
675 844 738 902 ἀρχήν
748 845 864 902 ποιήσαντος
884 845 898 902 ή
910 849 945 902 δή-

158 920 193 958 λον
204 913 232 965 τίς
246 913 322 965 παντός
337 915 450 972 ἀρχομένου
463 918 499 959 καὶ
514 914 576 972 λόγον
587 917 620 958 καί
632 917 692 973 έργου
707 914 803 971 προςήκει
817 913 853 970 τήν
865 913 946 971 εἰρήνην

158 981 220 1039 ἀρχήν
233 989 336 1026 ποιεῖσθαι
346 986 379 1027 καί
392 984 456 1036 τέλος,
476 984 511 1026 καὶ
527 981 561 1026 ἀπ’
575 982 638 1038 αάτής
654 983 778 1039 ἀρχομένους
794 984 829 1026 καί
841 985 869 1033 εἰς
882 981 947 1038 αὐτήν

157 1050 287 1107 καταλήγεινς
311 1057 375 1095 Τοῦτο
387 1050 424 1107 γάρ
440 1065 490 1105 φησι
505 1049 517 1094 ό
529 1050 640 1101 ἀπόστολος
650 1049 791 1106 ἀποβήσεσθαι
801 1052 829 1101 εἰς
839 1053 945 1106 σωτηρίαν,

158 1117 193 1161 διά
203 1124 239 1173 τῆς
248 1117 307 1173 ήμῶν
318 1120 404 1174 δεήσεως
415 1120 449 1161 καὶ
463 1120 591 1175 ἐπιχορηγίας
601 1123 638 1161 τοῦ
648 1118 773 1172 πνεύματος,
794 1118 806 1162 ό
817 1121 900 1161 δίδωσιν
908 1116 946 1173 Ἰη-

158 1191 207 1236 σοῦς
217 1193 260 1237 τοῖς
272 1186 400 1230 πιστεύουσιν
410 1188 439 1235 εἰς
451 1184 518 1229 αῦτόν.
549 1187 591 1228 Καὶ
601 1188 638 1229 είτε
652 1186 762 1241 οἰκοδομήν
772 1189 842 1241 λαλοίη
853 1203 893 1239 τις,
908 1187 947 1228 εἰτε

158 1252 293 1310 παράκλησιν,
309 1256 347 1297 εἰτε
357 1254 490 1312 παραμιίθιον
499 1252 588 1310 ἀγάπης,
604 1256 642 1297 είτε
651 1256 759 1298 κοινωνίαν
768 1254 890 1309 πνεόματος,
912 1250 946 1297 διά

158 1326 195 1377 τῆς
212 1327 218 1352 ¹
228 1323 309 1380 εἰρήνης
319 1327 355 1378 τῆς
366 1321 417 1366 κατά
427 1321 478 1366 θεόν
488 1326 621 1381 παραγίνεται.
653 1321 684 1366 Οό
697 1322 736 1379 μήν
746 1328 808 1367 πᾶσιν
820 1322 946 1380 ἀδιορίστως,

158 1389 207 1434 ἀλλά
218 1398 260 1443 τοῖς
275 1392 369 1449 ἀγαπῶσι
385 1390 420 1436 τόν
431 1390 506 1446 νόμον,
527 1390 556 1444 ῶς
566 1390 578 1436 ό
589 1390 696 1449 προφήτης
711 1393 772 1448 φησί·
792 1384 828 1436 τόν
843 1390 906 1447 νόμον
920 1391 945 1436 οῦ

159 1459 194 1505 τόν
202 1460 322 1517 σωματικόν,
335 1460 358 1513 δς
368 1459 436 1505 εἰκόνα
446 1463 480 1505 καί
492 1459 550 1506 σκιάν
560 1463 598 1518 ἔχει
605 1466 645 1506 τῶν
655 1460 771 1518 μελλόντων,
783 1460 833 1506 ἀλλά
844 1460 879 1506 τόν
887 1479 946 1507 πνευ-

160 1531 254 1586 ματικόν,
269 1532 293 1583 δς
304 1536 374 1586 σοφῶς
388 1531 523 1576 ἀνακαλόπτει
534 1536 574 1576 τῶν
584 1533 801 1590 προαναφωνηθέντων
811 1530 847 1588 τήν
858 1533 945 1588 ἔκβασιν.

161 1600 240 1658 Εἰρήνη
251 1601 296 1659 γάρ,
312 1603 368 1657 φησὶ,
384 1600 447 1657 πολλή
458 1608 500 1653 τοῖς
509 1601 602 1660 ἀγαπῶσί
612 1617 643 1656 σε,
657 1603 691 1645 καί
701 1601 739 1646 οῦκ
749 1603 802 1646 έστιν
810 1600 879 1654 αάτοῖς
888 1602 947 1646 σκάν-

161 1673 231 1715 δαλον·
253 1669 281 1722 τός
298 1674 359 1726 δήλου
375 1668 425 1714 εἶναι
441 1670 472 1715 ότι
489 1670 537 1722 τοῦς
553 1671 591 1727 τήν
607 1670 689 1728 εἰρήνην
706 1670 841 1727 μεμισηκότος
856 1671 909 1726 μένει
924 1668 946 1715 τό

162 1739 279 1784 σκάνδαλον.
305 1741 347 1783 Καὶ
355 1740 450 1799 προςήκει
459 1738 507 1791 τοῦς
515 1740 592 1784 τοάτων
602 1742 764 1797 έλευθερωθῆναι
774 1745 898 1795 ποθοῦντας,
913 1759 946 1784 κα-

162 1809 230 1866 θάπερ
242 1808 321 1867 θυρεόν
335 1827 379 1853 τινα
393 1808 542 1865 προβάλλεσθαι
552 1808 588 1865 τήν
599 1807 680 1866 ἀγάπην
690 1807 742 1866 πρός
750 1808 786 1853 τόν
797 1810 874 1867 κόριον.
904 1809 949 1853 Λῦ-

161 1877 196 1929 τός
206 1878 243 1935 γάρ
254 1879 308 1921 ε’στιν
319 1875 334 1933 ή
344 1877 413 1935 εἰρήνη
424 1876 491 1932 ήμῶν,
512 1875 524 1921 ό
535 1876 621 1932 ποιήσας
631 1876 655 1921 τά
667 1877 772 1934 ἀμφότερα
781 1881 814 1929 ἓν,
835 1880 870 1922 καὶ
879 1876 902 1923 τό
914 1895 947 1934 με·

162 1945 253 2002 σότοιχον
262 1951 298 1990 τοῦ
310 1951 406 2004 φραγμοῦ
417 1945 478 1997 λῦσας
490 1944 526 2001 τήν
539 1948 615 2001 έχθραν
630 1948 652 1989 έν
662 1951 687 2005 τῇ
697 1947 766 2004 σαρκὶ,
789 1945 824 1990 τόν
834 1945 898 2002 νόμον
908 1951 949 1991 τῶν

162 2016 246 2059 ἐντολῶν
263 2017 285 2058 έν
299 2014 384 2072 δόγμασι
399 2014 531 2072 καταργήσας.
561 2016 603 2058 Καὶ
617 2013 663 2059 οότε
677 2021 745 2072 τηρεῖν
761 2017 803 2060 έστι
817 2013 853 2071 τήν
868 2014 949 2071 έντολήν

161 2089 197 2128 τοῦ
208 2087 280 2141 κυρίου
293 2082 320 2139 μή
330 2088 367 2139 τῆς
377 2081 458 2141 ἀγάπης
467 2088 502 2127 τοῦ
513 2088 565 2127 θεοῦ
574 2085 729 2141 προηγουμένης
741 2081 797 2139 (Ἐάν
809 2082 847 2141 γάρ
858 2084 949 2141 ἀγαπᾶτέ

161 2170 197 2207 με,
217 2153 279 2207 φησί,
300 2151 336 2203 τάς
351 2151 432 2203 ἐντολάς
450 2151 487 2203 τάς
501 2150 551 2207 έμάς
558 2150 669 2208 τηρήσετε),
690 2151 735 2196 οῦτε
754 2158 883 2208 φωτισθήναι
901 2151 949 2204 τοῦς

161 2219 294 2276 όφθαλμοῦς,
317 2220 366 2264 οῦδὲ
376 2219 412 2276 τήν
424 2223 518 2277 καρδίαν,
539 2219 567 2275 μή
577 2225 613 2275 τῆς
625 2221 705 2276 ἐντολῆς
719 2220 843 2275 φωτιζοῦσης
860 2219 949 2277 (Ἐντολή

161 2288 207 2350 γάρ,
222 2291 280 2344 φησί,
292 2291 363 2344 κυρίου
374 2288 490 2345 έτηλαυγής
500 2292 613 2343 φωτίζουσα
624 2285 763 2343 όφθαλμοῦς)·
779 2287 819 2331 ἀλλ’
829 2288 877 2333 οῦδὲ
888 2289 948 2346 λόγον

163 2359 260 2412 ἀληθείας
271 2358 381 2413 προέσθαι,
402 2359 421 2399 εί
429 2356 458 2412 μή
469 2375 498 2407 τις
509 2358 547 2412 ἕχει
559 2355 647 2412 Χριστόν
662 2358 684 2400 έν
694 2357 760 2416 ἑαυτῷ
770 2361 876 2409 λαλοῦντα,
896 2352 948 2400 κατά

162 2424 199 2468 τόν
208 2426 299 2481 λέγοντα,
315 2427 344 2466 Εἰ
354 2424 439 2480 δοκιμήν
450 2429 522 2480 ζητεῖτε
533 2429 569 2468 τοῦ
580 2426 601 2467 έν
610 2426 654 2479 έμολ
666 2418 774 2476 λαλοῦντος
785 2428 885 2482 Χριστοῦ,
900 2431 946 2480 μάλ-

162 2498 197 2537 λον
208 2493 230 2535 δέ
241 2492 266 2536 οῦ
279 2497 385 2544 λαλοῦντος
399 2492 471 2549 μόνον,
492 2491 540 2535 ἀλλά
554 2493 589 2536 καί
602 2494 708 2542 ἐλεοῦντος.
733 2490 807 2536 ’Ἐλθοι
821 2491 870 2551 γάρ,
889 2495 947 2550 φησί,

162 2561 184 2606 τό
196 2559 250 2612 ἔλεός
264 2576 301 2605 σου
314 2562 348 2604 καί
359 2561 381 2605 τό
392 2560 491 2619 σωτήριόν
508 2576 545 2605 σου
559 2558 590 2605 ἐπ’
606 2560 650 2616 έμέ,
672 2560 707 2604 καί
723 2559 889 2618 ἀποκριθήσομαι
904 2568 948 2613 τοῖς

162 2630 283 2682 ὀνειδίζουσί
294 2647 327 2684 μοι
335 2629 400 2687 λόγον.
423 2629 488 2687 Ὅπερ
500 2629 538 2674 οῦκ
549 2627 575 2673 ἀν
585 2627 701 2686 ὑπάρξειεν,
721 2630 740 2673 εἰ
749 2628 777 2686 μή
788 2648 819 2681 τις
830 2629 855 2674 τά
865 2630 947 2674 δικαιοί-

163 2718 216 2757 ματα
226 2698 331 2755 έκζητήσει.
364 2703 409 2742 Τῶν
425 2698 462 2757 γάρ
474 2698 502 2755 μή
514 2697 568 2743 οότω
582 2699 711 2755 διακειμένων
727 2700 778 2744 3έπὶ
789 2698 889 2756 σχήματος
899 2697 914 2756 ή
926 2701 947 2745 ἐν

77 2789 151 2827 φησιν.
163 2775 205 2822 τοῖς
214 2768 310 2813 ὀνείδεσιν
321 2769 410 2825 αἰσχύνη,
426 2767 453 2821 ῶς
463 2767 491 2825 μή
501 2768 603 2812 δύνασθαι
612 2768 681 2827 λέγειν,
697 2771 778 2828 Περίελε
788 2767 824 2813 ἀπ’
836 2771 886 2825 ἐμοῦ
898 2767 948 2814 όνει-

164 2841 200 2891 δος
211 2840 244 2884 καί
256 2839 391 2891 έξονδένωσιν.
421 2843 559 2898 Περιαιρεῑται
573 2838 595 2882 δέ
607 2839 629 2883 ἐκ
640 2843 676 2882 τοῦ
691 2837 789 2894 στόματος
803 2843 839 2896 τής
851 2838 947 2896 ἀληθείας

187 2980 228 3015 (ἕλε.
241 2980 309 3014 XXIX.
324 2998 348 3007 —
372 2979 387 3013 λ.
408 2982 457 3015 Verba
473 2978 543 3025 εἰρήνης
588 2980 605 3014 2.
621 2978 710 3027 τηλαυγὴς
720 2981 766 3015 codd.
777 2989 814 3015 mss.
825 2983 893 3024 uterque.
916 2991 947 3026 τη·

163 3026 196 3106 ἔχις
205 3036 255 3115 w
264 3029 323 3061 οτιίετο
334 3029 370 3061 sunt
381 3027 399 3061 ίτι
409 3028 433 3061 ιν.
445 3029 501 3063 Ρειαυ.
512 3030 543 3060 co·
566 3026 634 3071 λανχῶς
645 3028 688 3062 editi.
