1988 3392
130 219 173 261 752
435 228 509 261 runnx
520 227 608 262 nanum.

154 307 250 351 opinionem
265 306 311 338 l’ctri
328 305 450 351 archiepiscopi
462 307 510 346 ‚Alc-
535 306 661 351 cogitationum
672 318 725 351 genus
739 307 813 353 duplex,
826 318 915 355 earumque

153 362 230 396 xaudriui
241 365 280 396 718.
557 363 619 397 effecta
630 366 669 397 588.

132 419 249 454 chiliastarum
262 432 310 454 error
324 419 404 454 tribuitur
417 421 511 466 Apollinari
535 414 650 465 cogitationes
667 433 721 455 vanae
732 423 794 455 muscis
806 422 828 456 ab
839 422 914 459 Homero

153 480 205 511 1031.
217 498 240 505 --
263 484 280 512 et
293 476 346 524 qualis
362 477 391 512 illa
409 478 461 514 fuerit
470 478 509 515 hae·
558 486 665 524 comparatae
677 482 717 514 580.

153 536 195 571 resis
212 536 253 572 ibid.
271 544 289 571 ct
305 539 355 572 1032.
368 557 391 565 -
418 537 440 572 de
457 538 510 573 sancti
536 537 650 584 Cogitationes
666 538 718 573 malas
729 539 794 573 evitare
808 551 843 574 nou
854 551 915 586 possu-

154 595 221 630 loauuis
233 596 336 643 Apocalypsi
353 596 393 643 qnid
405 596 511 631 sentiendum
558 608 605 638 mus,
617 597 648 631 sed
659 609 747 643 possumus
758 597 842 644 repellere
854 600 893 632 584.

154 656 205 688 1031.
256 700 258 705 1
536 654 624 689 colluthus
633 655 750 690 haeresiarcha
759 662 838 701 tempore
848 656 916 699 arina

132 711 194 745 Christi
209 712 278 757 propria
291 711 382 756 adiuncta,
397 712 471 757 veritas,
482 711 508 745 lu·
558 724 592 758 quo
608 712 649 746 tlicti
668 712 782 756 colluthiani,
808 719 826 746 ut
843 713 865 747 ab
882 712 916 748 isto

154 781 202 811 meu,
214 769 260 810 vita,
278 776 296 802 et
311 769 372 804 horum
385 769 436 803 etiam
450 781 511 814 parens
558 770 616 803 Ariani
628 773 667 803 728.

154 838 175 868 ac
185 827 253 872 genitor
265 829 304 860 att.
536 825 672 861 Colorbasicrum
683 827 768 868 haeresis,
784 838 827 872 quae
842 834 869 861 est
884 827 916 861 de-

133 884 209 917 Christus
224 883 241 917 in
258 883 343 929 Golgatba
359 883 445 918 crucifixus
461 895 511 928 supra
558 883 600 917 eima
611 885 719 929 quintapost
729 892 785 918 ortum
794 884 916 919 Christianismi

154 941 261 986 sepulchrum
272 941 332 974 Adami
345 943 384 974 394.
558 944 598 975 258.

132 998 207 1031 Christus
220 1010 250 1031 cur
260 997 336 1042 corporis
347 998 448 1031 affectiones
458 1009 512 1043 expe·
537 997 637 1031 Colorbasus
649 998 684 1031 eius
699 1006 760 1031 auctor
773 998 810 1042 quis
820 998 872 1031 tuerit
882 997 916 1031 ibi>

154 1054 185 1088 riri
196 1054 270 1088 voluerit
282 1057 320 1087 tto,
559 1053 639 1087 dem-
662 1055 698 1088 eius
709 1055 789 1098 dogmata
800 1054 841 1087 ibid.

133 1111 170 1144 Cibi
184 1111 267 1144 immundi
281 1111 324 1143 nulli
333 1117 373 1144 suut
386 1110 439 1143 adeo
455 1110 512 1150 creati,
537 1109 625 1143 Colorbasi
640 1111 705 1144 refutio
721 1113 760 1144 259.
773 1128 796 1136 -
823 1109 881 1154 inepte
897 1121 917 1143 ac

154 1167 186 1199 scd
202 1168 258 1200 omnia
268 1174 308 1200 sunt
319 1178 361 1211 pura
373 1178 411 1200 cum
421 1166 512 1209 gratiarum
558 1165 610 1210 impie
626 1166 677 1200 deum
698 1166 771 1200 hominis
788 1165 841 1198 lilium
858 1164 917 1199 dicunt

154 1223 222 1257 actione
235 1226 274 1257 147.
559 1225 598 1256 260.

133 1280 213 1322 Uitellia,
232 1279 384 1313 Alexandrinorum
400 1278 463 1312 festum
473 1281 513 1313 444.
537 1278 632 1313 colorbasii
646 1279 688 1325 qnid
701 1278 797 1325 intelligant
812 1290 844 1325 per
857 1290 917 1325 aquam

156 1338 252 1383 (addend.)
268 1379 270 1382 y
560 1335 607 1370 Silue
618 1339 658 1370 261.
671 1355 693 1363 -
717 1344 735 1370 et
746 1348 789 1383 quae
800 1348 840 1370 vera
849 1335 872 1369 sit
882 1336 917 1370 eius

133 1395 242 1430 Circumcisio
261 1395 305 1430 nihil
325 1395 393 1430 conlert
413 1393 436 1429 ad
452 1392 514 1428 Christi
560 1394 652 1429 secuudum
660 1394 753 1431 catholicos
760 1393 879 1442 interpretatio
886 1394 917 1429 ibi-

155 1455 279 1498 imitationem,
291 1454 322 1489 sed
331 1461 397 1490 tantum
406 1453 452 1488 boua
462 1465 515 1499 opera
561 1454 605 1489 dem.

158 1518 196 1549 102.
539 1512 691 1559 collyridianornm
699 1512 770 1546 historia
778 1515 829 1546 1058.
838 1533 858 1539 -
871 1512 918 1546 istius

135 1572 232 1607 Circumcisi
247 1584 298 1606 verae
311 1571 398 1617 religionis
409 1580 515 1605 successores
560 1570 634 1605 haeresis
645 1570 727 1604 refutatio
743 1570 785 1605 ibid.
802 1590 826 1596 -
854 1570 919 1605 Mariae

158 1633 185 1665 tt.
397 1619 399 1621 ,
539 1667 541 1672 f
561 1628 660 1663 sacrificium
672 1628 758 1670 oderunt,
774 1640 817 1675 quae
831 1635 857 1662 est
868 1628 919 1674 quin-

135 1687 243 1723 Circumcisio
256 1700 290 1722 non
301 1693 329 1720 est
339 1687 361 1720 ad
374 1688 445 1720 salntem
453 1698 514 1719 neces·
561 1686 657 1731 quagesima
674 1685 759 1726 haeresis,
776 1686 812 1719 sive
827 1692 917 1731 septuage-
932 1725 936 1733 Ι

157 1746 201 1779 saria
214 1747 253 1778 tuo.
265 1764 288 1770 —
310 1743 411 1777 idololatrae
424 1750 442 1776 et
457 1755 514 1776 sacer·
560 1743 602 1777 sima
619 1755 664 1777 nona
678 1745 729 1776 1057.
748 1761 770 1769 —-
793 1742 839 1776 uude
855 1741 919 1788 prodiit

158 1802 207 1836 dotes
217 1801 296 1846 Aegyptii
307 1807 377 1834 utuntur
388 1799 515 1834 circumcisione
560 1800 603 1833 hacc
615 1799 688 1833 haeresis
699 1800 740 1834 ibid.

157 1859 198 1893 ibid.
207 1878 229 1885 -
240 1859 282 1891 item
291 1864 308 1891 et
319 1857 347 1890 alii
356 1856 436 1902 permulti
444 1855 513 1889 ibid.-
538 1856 631 1890 Columbae
643 1863 712 1897 natura,
731 1863 748 1890 et
760 1856 802 1902 quid
812 1856 842 1891 illa
853 1855 919 1900 siguifi-

157 1915 220 1949 christi
231 1914 345 1958 circumcisio,
362 1925 396 1947 non
407 1921 473 1958 partem
483 1912 514 1946 sed
560 1920 588 1948 cet
602 1915 642 1946 275.

156 1978 212 2005 totum
224 1971 309 2004 homiuem
324 1970 429 2003 circumcidit
440 1973 480 2003 tol.
492 1988 513 1995 -
539 1969 653 2004 consobrinae
664 1980 724 2003 uxores
735 1969 846 2013 ducebantur,
857 1976 875 2002 et
885 1979 919 2002 non

157 2040 177 2061 ea
188 2027 228 2060 viris
238 2034 256 2060 et
265 2026 361 2060 mulieribus
371 2027 421 2060 simul
433 2026 515 2059 concedi·
560 2024 632 2071 amplius
649 2037 716 2060 sorores
733 2032 773 2071 post
790 2025 919 2070 multiplicatio-

155 2091 185 2118 tur
192 2083 234 2117 ibid.
246 2102 269 2110 -
291 2083 322 2116 sed
333 2082 454 2117 circumcisioni
463 2094 521 2129 prae-.
561 2094 600 2116 uem
611 2082 698 2116 hominum
710 2085 749 2116 288.

157 2147 192 2174 stat
203 2141 297 2185 baptismus
307 2139 349 2175 ibid.
539 2139 645 2174 Constantini
662 2139 768 2185 imperatoris
783 2139 817 2173 duo
833 2139 919 2185 praeclara

135 2197 270 2232 circumcisionis
282 2208 325 2243 quae
335 2209 403 2231 caussae
415 2197 478 2231 fuerint
487 2200 514 2231 17.
561 2203 625 2230 statuta
639 2199 677 2231 821.

135 2255 269 2291 Circumcisionis
286 2268 336 2292 cruor·
351 2256 400 2291 stetit
419 2256 436 2290 in
453 2256 516 2291 Christi
539 2255 654 2298 coustantius,
668 2256 774 2291 Constantini
782 2256 831 2298 lilius,
841 2257 879 2303 pius
885 2256 920 2291 im·

158 2315 284 2351 circumcisione
297 2317 336 2349 153.
562 2321 642 2361 perator,
653 2315 695 2349 licet
707 2315 764 2350 fautor
775 2315 811 2350 urii
823 2318 861 2350 137.

136 2374 266 2409 Circumcisioue
275 2373 341 2408 sublata
351 2372 432 2407 successit
442 2385 515 2419 regene—
539 2373 672 2408 constitutiones
684 2374 787 2419 apostolicae
799 2386 833 2409 non
845 2373 920 2409 reiicien-

158 2432 203 2466 ratio
214 2443 246 2477 per
257 2432 341 2466 lotionem
351 2431 431 2476 baptismi
443 2434 482 2466 113.
562 2431 595 2465 dae
604 2435 644 2466 822.

137 2489 272 2523 circumcisionis
283 2489 397 2523 instituendae
408 2490 453 2524 ratio
465 2492 504 2523 153.
540 2489 643 2524 constitutio
651 2489 746 2535 apostolica
755 2489 777 2524 de
788 2490 870 2525 Paschatc
879 2483 919 2523 ibid·

94 2588 96 2591 ,
138 2546 246 2580 circumcisio
254 2546 320 2591 siguum
329 2546 412 2580 iustorum
419 2546 461 2592 legis
470 2554 515 2581 tenu-
541 2546 708 2581 Consubstantialitas
720 2547 738 2581 in
749 2547 826 2581 trinitate
843 2553 869 2581 est
881 2545 920 2581 fidei

159 2614 201 2648 porc
213 2606 252 2637 150.
563 2603 687 2638 firmamentum
696 2606 735 2638 350,

137 2660 214 2694 Clemens
229 2667 283 2694 utrum
300 2671 387 2694 successor
403 2659 450 2694 Petri
466 2660 518 2695 suerit
541 2661 688 2695 consubstantiale
707 2661 777 2695 verbum
794 2663 833 2694 tet.
850 2679 873 2687 -
902 2665 920 2693 et

160 2720 198 2751 107.
564 2717 610 2762 quod
622 2718 772 2751 Consubstantialis
788 2717 888 2751 vocabulum
898 2716 920 2750 sit

137 2774 216 2808 Clemens
241 2774 362 2807 Alexandrinus
384 2786 395 2807 a
419 2774 518 2819 quibusdam
563 2773 675 2808 necessarium
692 2777 731 2808 tut.
749 2794 770 2800 -
803 2773 849 2820 quod
863 2782 920 2808 tamen

159 2830 267 2865 Atheniensis
278 2830 351 2865 habetur
362 2833 401 2864 213.
564 2830 613 2864 Arius
626 2838 643 2864 et
652 2831 728 2865 Sabellus
744 2831 810 2876 lugiunt
821 2843 862 2865 cane
873 2830 920 2876 peius

138 2888 234 2922 Coelibatus
244 2887 343 2922 clericorum
351 2887 460 2922 confirmatur
468 2889 517 2923 1104.
564 2894 581 2921 et
592 2884 646 2932 angue
656 2888 697 2922 ibid.
709 2909 731 2914 -
754 2895 811 2922 utrum
819 2889 837 2922 in
849 2888 920 2934 scriptu·

160 2964 183 2971 -
199 2944 241 2978 item
254 2945 322 2978 ordines
334 2945 442 2979 ecclesiastici
453 2944 494 2978 ibid.
564 2944 586 2978 ris
600 2945 695 2990 reperiatur
705 2945 746 2980 ibid.
758 2964 782 2972 -
804 2952 822 2979 et
831 2945 882 2980 licere
896 2942 921 2978 uti

138 3001 208 3036 Coelum
221 3008 238 3035 et
249 3009 295 3037 terra
311 3014 341 3037 cur
357 3003 429 3038 tranche
440 3002 518 3036 dicautur
564 3002 633 3037 uocibus
651 3015 693 3050 quae
708 3004 726 3037 iu
742 3003 824 3050 scriptura
836 3015 870 3038 non
882 3008 921 3036 sunt

161 3063 199 3095 555.
564 3060 634 3096 ibid.-
646 3063 716 3098 verbum
723 3062 879 3109 consubstantialis,
889 3059 921 3096 etsi
