1988 3392
161 240 204 282 532
450 246 660 281 εκαοτιεειειιιαιι

161 328 241 376 ἑαυτοῖς
258 325 406 382 έπινοήσαντες,
426 327 460 368 ἵνα
472 323 499 380 μή
511 324 574 382 άρχδν
589 327 634 380 βίον
646 329 758 379 διατελῶσι,
779 325 828 380 μηδὲ
839 322 875 367 τῦν
886 321 946 382 ι’ίρτον

162 395 299 452 βεβαρημένον
308 397 407 439 ἐσθίωσιν.
436 392 470 437 Ἐν
479 396 607 454 ψαλμφδίαις
615 394 636 438 δέ
645 396 667 438 οἱ
673 396 753 445 πλείους
762 394 797 437 καί
807 390 873 448 εῦχαῖς
883 394 946 448 διηνε-

161 466 227 517 κέσιν,
243 463 364 522 άναμνῶσεσί
373 480 393 507 τε
407 467 493 522 γραφῶν
507 461 570 520 άχίων
582 464 617 507 καλ
629 462 789 519 άποστηθισμοῖς
803 460 918 508 οίσκοῦνται.

74 619 121 663 Κεφ,
130 617 164 663 κη’,
224 603 275 659 Περὶ
287 602 309 645 δέ
321 605 432 657 ξενοδοχίας
445 598 480 646 καὶ
494 604 659 659 φιλανθρωπίας,
680 601 812 658 ἒλεημοσύνης
826 618 847 645 τε
857 602 887 651 εἰς
897 601 947 644 ποίν-
965 632 966 635 =

71 671 106 702 1¹³3·
114 664 153 693 ¹¹⁰³*
162 689 208 725 τας,
227 675 289 714 πᾶσιν
301 669 314 715 α’
323 676 359 726 τῆς
369 669 426 728 ολχίας
442 670 515 726 ταύτης
530 676 641 727 καθολικής
651 673 686 714 καὶ
701 669 832 727 ἆποστολικῆς
843 672 947 726 ἐκκλησίας

162 738 241 798 καρπῦς
250 739 378 798 κεκήρυκται.
410 739 437 784 Τά
450 741 471 784 δὲ
482 739 566 797 λουτρῶν
578 741 616 796 έχει
628 739 672 783 άντί
684 744 720 795 τής
731 741 880 801 παλαιωθείσης
892 756 946 796 περι-

162 813 225 865 τομῆς
241 810 263 853 ἒν
281 814 367 869 Χριστῷ.
402 809 553 854 Διαναπαύεται
568 811 590 854 ἕν
603 813 630 869 τῶ
646 809 724 869 μεγάλῳ
741 809 836 869 σαββάτῳ
851 807 895 852 άντί
910 814 946 853 τοῦ

163 883 236 936 μικροῦ
249 878 359 934 σαββάτου.
388 878 490 936 Ἀπέχεται
503 882 609 930 κοινωνίας
624 877 719 923 ἁπάντων
733 880 833 937 αἱρέσεων.
858 878 947 934 Ἀποκη·

162 947 228 1004 ρύττει
236 950 343 1005 πορνείαν,
358 950 392 991 καί
402 951 498 1004 μοιχείαν,
513 949 548 991 καί
558 946 667 1004 άσέλχειαν,
682 948 718 991 καί
729 949 897 1004 εἰδωλολατρείαν,
912 948 947 990 καί

162 1015 227 1070 φόνον
231 1050 237 1069 ,
252 1018 287 1059 καί
298 1021 365 1060 πᾶσαν
376 1020 513 1075 παρανομίαν,
528 1018 562 1060 καί
574 1019 664 1074 μαχείαν,
678 1016 713 1060 καί
725 1018 862 1074 φαρμακείαν,
877 1013 947 1073 οἶστρο-

162 1088 245 1141 νομίαν,
259 1085 415 1141 κληδονισμοῦς,
437 1090 520 1141 παλμῶν
530 1084 686 1144 παρατηρήσεις,
706 1086 820 1139 έπαοιδίας,
842 1087 947 1143 περίαπτα,

162 1153 187 1197 τά
202 1153 228 1209 δή
244 1154 358 1210 καλούμενα
372 1154 504 1211 φυλακτήρια.
530 1154 678 1212 Ἀποκηρῦσσει
694 1153 782 1212 θεάτρα,
797 1155 832 1198 καλ
845 1152 946 1209 ἱππικούς,

112 1267 114 1270 ,
161 1225 197 1266 καὶ
205 1222 296 1280 κυνήγια,
312 1223 421 1279 μουσικούς
432 1241 453 1267 τε
467 1224 501 1266 καί
517 1227 585 1267 πᾶσαν
595 1226 715 1281 κακολογίαν
723 1224 758 1266 καί
767 1221 898 1276 καταλαλιάν,
912 1224 948 1266 καὶ

161 1296 229 1335 πᾶσαν
246 1293 311 1348 μάχην
327 1293 362 1334 καὶ
377 1294 515 1349 βλασφημίαν,
535 1291 617 1337 άδικίαν
626 1309 646 1335 τε
658 1294 692 1335 καί
707 1295 829 1346 πλεονεξίαν,
844 1293 879 1335 καὶ
890 1309 947 1336 τοκο-

162 1363 244 1416 ληψίαν,
276 1360 434 1418 Πραχματευτάς
445 1359 483 1405 οῦκ
494 1359 622 1417 άποδέχεται,
638 1359 686 1405 άλλά
698 1358 854 1419 ὑποδεεστέρους
865 1360 948 1404 πάντων

161 1427 244 1486 ήμεῑται.
275 1429 401 1487 Προςφοράς
416 1428 513 1485 λαμβάνει
529 1428 585 1488 παρά
595 1435 636 1473 τῶν
646 1428 684 1474 οῦκ
694 1427 830 1483 άδικούντων,
852 1428 899 1473 οῦδὲ
910 1447 947 1472 πα-

163 1496 315 1553 ρανομούντων,
337 1497 387 1540 ἀλλά
396 1501 479 1548 δικαίως
491 1498 594 1553 βιούντων.
624 1498 693 1553 Εῦχάς
704 1498 726 1541 δέ
735 1499 839 1554 ἐνδελεχῶς
850 1498 947 1555 προςτάσ-

163 1580 228 1619 σεται,
248 1565 297 1621 μετά
309 1565 376 1621 πάσης
386 1566 511 1621 πυκνότητος
521 1568 557 1611 καὶ
574 1568 676 1618 ιίκτενίας
690 1568 724 1611 καὶ
734 1569 859 1623 χονυκλισίας
871 1568 892 1610 έν
904 1572 947 1617 ταῖς

163 1635 290 1691 τεταγμέναις
305 1633 389 1691 ήμέραις
403 1634 482 1692 νύκτωρ
498 1637 532 1678 καί
548 1633 593 1690 μεθ’
605 1633 682 1693 ήμέραν
698 1635 823 1691 ἀναπέμπειν
837 1639 886 1694 θεῷ.
909 1634 948 1677 Ἔν

162 1717 202 1746 τισι
211 1703 233 1745 δέ
243 1703 313 1754 τόποις
323 1704 358 1746 καὶ
370 1705 392 1746 ἒν
403 1710 445 1754 τοῖς
458 1703 544 1759 σάββασι
558 1703 649 1755 σννάξεις
660 1706 791 1748 ἐπιτελοῦσιν·
807 1702 832 1748 οῦ
842 1701 907 1758 πάντη
919 1703 946 1756 δὲ,

163 1769 212 1814 άλλοί
223 1771 279 1828 παρά
290 1778 334 1823 τοῖς
344 1771 441 1829 οίκρέμοσι
452 1771 573 1826 φυλάσσεται
585 1771 607 1815 τῦ
619 1771 646 1827 μή
657 1771 743 1828 ὀμνῦναι
755 1772 812 1828 ῦλως,
824 1772 873 1828 μηδὲ
883 1774 946 1816 λοιδο-

163 1840 274 1897 ρήσασθαι,
295 1841 345 1896 μηδὲ
360 1846 497 1899 καταρᾶσθαι,
518 1843 540 1886 ἐκ
555 1840 705 1899 προςτοίχματος
721 1838 783 1886 αύτοῦ
798 1845 835 1886 τοῦ
849 1846 945 1898 σωτῆρος,

163 1909 212 1964 μήτε
220 1907 260 1964 μήν
269 1910 387 1963 ψεύσασθαι
398 1909 447 1953 ὅσον
455 1909 507 1953 κατά
516 1910 538 1954 τά
548 1910 639 1954 δυνατόν.
660 1913 687 1954 Οί
693 1914 773 1962 πλείους
783 1912 805 1955 δὲ
812 1910 947 1969 πιπράσκουσι

162 1977 187 2021 τά
202 1975 327 2035 ῦποίρχοντα,
343 1979 377 2021 καί
393 1979 472 2022 διδόασι
486 1986 577 2035 πτωχοῖς.

69 2209 156 2256 Κεχχκδ.Ι
225 2175 290 2231 Οῦτος
302 2180 315 2225 0‘
326 2181 425 2239 χαρακτήρ
441 2180 514 2237 ταύτης
529 2188 565 2238 τῆς
582 2180 650 2239 άχίας,
670 2180 718 2238 μετά
735 2187 771 2238 ,τῆς
784 2184 947 2239 προδηλωθείσης

162 2254 257 2304 πίστεως,
273 2252 308 2293 καὶ
320 2245 377 2293 οῦτοι
390 2253 411 2293 οἱ
421 2252 494 2304 θεσμοὶ
505 2253 527 2293 ἒν
537 2251 589 2310 αῦτή
599 2251 740 2309 άναφέρονται.
772 2247 837 2301 Οῦτος
846 2251 884 2308 χάρ
894 2254 947 2295 ἔστιν

163 2317 175 2362 o‘
189 2317 289 2376 χαρακτήρ
306 2323 342 2373 τής
361 2320 474 2373 ἐκκλησίας,
496 2317 536 2362 άπό
552 2319 617 2374 νόμου
634 2321 670 2362 καί
684 2325 795 2375 προφητῶν
810 2321 846 2364 καὶ
859 2319 947 2363 ολποστύ-

163 2393 203 2430 λων
214 2388 248 2429 καί
260 2385 401 2443 εῦαχμελιστῶν
410 2388 544 2443 συνημμένος,
560 2388 625 2444 ῶςπερ
637 2389 659 2431 ἔκ
670 2393 749 2431 πολλῶν
759 2391 836 2445 μυρίων
845 2388 947 2438 ιἰντίδοτος

164 2454 233 2512 άχαθή
248 2460 290 2505 τοῖς
305 2456 414 2510 χρωμένοις
429 2458 457 2506 είς
474 2459 574 2513 σωτηρίαν
591 2457 772 2511 κατεσκευασμένη,
795 2458 818 2499 έκ
834 2455 947 2511 θελήματος

164 2522 239 2580 πατρὸς
255 2525 290 2567 καὶ
299 2527 346 2568 υίοῦ
361 2526 396 2567 καί
408 2522 467 2582 άχίου
484 2523 601 2580 πνεύματος.
634 2520 697 2570 Οῦτοι
707 2527 728 2568 οί
738 2529 860 2583 χαρακτῆρες
869 2530 905 2581 τής
915 2540 945 2568 σε·

164 2597 215 2648 μνής
227 2591 301 2648 ταύτης
312 2592 394 2648 νύμφης
406 2598 502 2651 Χριστοῦ.
532 2594 589 2650 Αῦτη
600 2592 614 2650 ή
623 2597 683 2652 προίξ
700 2595 734 2638 καί
747 2594 836 2650 διαθήκη
852 2599 946 2653 κληρονο-

164 2664 218 2716 μίας,
233 2663 266 2703 καὶ
273 2662 365 2716 βούλημα
373 2668 409 2705 τοῦ
418 2663 479 2716 αὐτῆς
490 2666 586 2717 νυμφίον,
602 2665 636 2706 καὶ
647 2666 769 2720 ἐπουρανίου
778 2662 845 2719 Ἰησοῦ
857 2667 946 2721 Χριστοῦ

72 2752 107 2782 μσς.
114 2744 153 2775 ιιοε,
162 2734 200 2773 τοῦ
209 2732 281 2786 κυρίου
291 2728 358 2786 ήμῶν,
378 2729 405 2775 δι’
416 2726 442 2775 οῦ
453 2732 487 2774 καί
501 2730 546 2786 μεθ’
558 2726 583 2776 οῦ
592 2737 620 2792 τῷ
634 2734 695 2791 πατρί
710 2732 770 2787 δόξα,
789 2730 847 2789 τιμή,
865 2732 946 2792 κράτος,

164 2798 201 2843 σῦν
216 2795 266 2859 οίχίφ
281 2799 379 2856 πνεύματι
394 2803 422 2853 είς
432 2802 513 2852 ἀἰῶνας
526 2802 616 2857 αι’ῶνων,
631 2800 698 2859 Ἀμήν.

223 2937 301 2990 Πάντες
310 2941 332 2983 οί
338 2939 385 2998 παρ’
392 2939 440 2997 ήμῖν
448 2940 532 2996 αδελφοί
540 2941 722 3000 προςαχορεύονσιν
729 2939 787 2997 ύμῶν
792 2941 829 2999 τήν
836 2942 945 2999 τιμιότητα,

163 3009 247 3064 μάλιστα
257 3008 382 3064 Ἀνατῦλιος,
404 3009 417 3054 δ
430 3010 464 3055 διά
479 3027 501 3053 τε
517 3016 604 3068 σημείων
618 3013 654 3055 καί
665 3014 773 3069 σχεδαρίων
784 3018 824 3056 τῶν
839 3012 890 3056 κατά
904 3017 946 3057 τῶν

188 3103 327 3138 (1ιε,ΧΧΙΠ.-
343 3103 440 3146 λέιιτειίας
449 3106 495 3139 codd.
501 3115 538 3140 mss.
549 3110 618 3149 uterque,
629 3111 644 3141 ιι
654 3108 747 3149 καὶλρακι.
764 3105 849 3148 ἐκτενείας
860 3109 885 3142 ed.
891 3109 945 3143 Petav.
