1988 3392
248 234 341 269 canaan
353 234 396 268 Luc.
410 236 439 268 ru.
451 236 506 269 rom.
517 236 530 268 1.
543 235 610 269 naen.
621 235 703 269 Lxxvr.
818 226 861 267 269

76 326 153 363 utesse
165 316 251 375 possetis
262 317 342 361 indulsi.
375 315 410 361 Sic
423 318 475 361 euim
488 319 581 378 scriptum
596 325 638 361 est:
660 320 718 359 Dedit
727 319 767 359 illes
774 325 861 373 potesta·
869 326 937 363 loanni,
942 325 964 355 1².

77 390 175 442 ternfilz'os
184 390 274 442 det'fierz‘.
306 387 417 445 Propterea
428 404 471 431 cum
482 390 515 432 ille
527 391 577 447 apud
588 390 642 445 ipsos
654 388 760 439 existeret,
777 389 860 430 formam

76 457 131 501 servi
142 458 241 513 suscepit,
259 472 302 499 cum
314 458 420 499 recentiori
431 472 503 499 recens
516 459 673 500 communionem
686 457 810 513 suscipiens3
831 458 861 499 sic

77 534 99 568 ut
109 526 269 567 interimvrretera
282 526 350 566 eodem
362 525 382 566 iu
395 533 448 567 statu
460 527 618 582 permanserint,
641 539 706 581 neque
722 526 860 566 corilusionem

76 593 136 635 ullam
150 607 207 648 passa
223 594 303 634 luerint.
335 593 442 635 Hominum
458 594 528 649 quippe
544 595 577 635 lilii
592 594 689 635 eiusmodi
708 594 861 649 participatione

76 661 101 702 ad
112 660 248 715 incorruptum
264 668 337 701 statum
353 661 445 702 translati
461 669 518 713 sunt,
543 676 582 702 uon
599 662 667 702 eadem
685 662 796 702 substantia
814 675 862 701 con-

76 728 146 770 iuncti.
171 727 200 769 At
211 742 254 770 cum
266 730 320 771 servi
333 730 414 771 lormam
427 729 478 771 lilius
490 730 593 786 accepisse
604 730 683 781 dicitur,
699 729 746 771 illud
756 731 865 782 coemendi

77 797 193 842 vocabulum
205 813 278 841 novum
289 798 362 856 aliquid
374 814 397 842 ac
406 813 478 842 recens
487 799 540 842 istud
551 797 643 843 extitisse
654 799 784 842 demonstrat.
802 797 861 856 Quod

77 876 143 912 autem
153 869 239 911 additum
252 876 295 922 est,
316 885 358 911 com
370 872 464 925 informo
475 873 578 920 delesset,
601 871 729 912 mutationem
743 870 815 912 nullam
832 871 862 912 in·

78 938 196 981 tercessisse
208 938 314 993 significat.
346 936 404 993 Quae
417 954 460 980 cum
472 940 500 980 ita
512 953 557 980 sese
571 939 667 990 habeant,
684 954 707 980 ac
718 954 762 980 cum
774 941 862 995 perlecta

78 1007 109 1048 dei
122 1006 236 1062 cognitione
253 1007 360 1048 coniuncta
376 1007 439 1062 palam
452 1007 476 1048 ab
491 1007 516 1048 iis
527 1014 644 1048 asserantur
655 1006 687 1062 qni
699 1007 793 1048 divinitus
806 1008 863 1049 insti·

78 1074 115 1115 tuti
126 1082 184 1126 sunt,
206 1075 415 1129 nequehaecverba,
436 1078 488 1114 Dens
500 1077 719 1123 mensetdeusuester,
737 1089 801 1130 neque
814 1076 861 1127 ista,

77 1145 135 1182 Pater
146 1156 198 1181 mens
208 1150 228 1181 et
236 1150 294 1194 poter
305 1150 378 1191 vester,
400 1156 468 1197 puram
486 1142 538 1183 illam
552 1156 575 1183 ac
588 1141 686 1183 sinceram
702 1142 734 1182 dei
747 1150 837 1183 naturam
851 1157 863 1183 a

78 1216 226 1260 consentanea,
243 1223 281 1250 uec
290 1209 334 1265 ipso
346 1210 437 1265 indigna,
459 1210 598 1251 communione
608 1217 690 1265 propter
699 1210 755 1252 vocis
767 1210 864 1266 ambigui⁸

78 1286 139 1322 tatem
155 1292 248 1336 separare
265 1285 371 1336 poterunt,
393 1285 426 1321 aut
440 1278 542 1336 quicquam
561 1279 585 1321 de
602 1278 727 1336 proprietatis
743 1278 864 1322 excellentia

78 1349 194 1403 detrahent,
211 1364 248 1406 qua
261 1357 318 1406 pater
328 1364 372 1392 cum
382 1350 434 1403 lilio,
450 1350 502 1393 lilius
515 1365 558 1392 cum
571 1358 638 1407 patre,
655 1365 678 1393 ae
690 1350 772 1408 spiritus
783 1358 863 1393 sanctus

78 1420 163 1475 denique
178 1427 326 1475 comparantur.

136 1488 192 1529 Aeni
203 1486 269 1543 Caput
279 1489 350 1528 XVlll.
370 1486 392 1529 Si
406 1488 494 1542 ingenita
505 1488 615 1529 substantia
625 1488 751 1542 generationi
764 1496 861 1544 praestat,

78 1555 159 1597 insitam
178 1556 197 1596 in
209 1569 254 1597 sese
269 1555 344 1596 habeus
358 1556 498 1597 excellentiam
511 1562 581 1610 suapte
593 1563 665 1596 natura
675 1555 764 1610 ingenita
776 1563 807 1597 est
817 1558 863 1598 sut-

79 1624 160 1665 stantia.
191 1622 263 1677 Neque
275 1623 328 1663 enim
342 1623 373 1664 cni
391 1622 467 1664 libitum
480 1631 510 1664 est
521 1638 556 1677 pro
570 1624 657 1677 eoquod
670 1623 745 1663 libitum
758 1631 790 1664 est
802 1639 863 1678 geue-

79 1690 153 1733 rationi
164 1691 277 1742 antecellit,
300 1691 335 1732 sed
347 1691 398 1746 quod
409 1691 436 1732 ita
449 1698 519 1732 natura
531 1698 656 1746 comparatus
670 1698 708 1733 est.
740 1690 810 1746 Quare
820 1707 863 1734 cum

80 1760 130 1803 deus
141 1773 176 1818 per
188 1773 233 1803 sese
250 1759 339 1816 ingenita
354 1759 379 1802 sit
393 1759 515 1813 substantia,
537 1759 609 1802 rationi
622 1760 669 1802 nulli
683 1760 780 1818 permittit
794 1761 833 1804 sibi
843 1769 865 1804 ut

80 1831 230 1889 generationem
243 1831 334 1887 affingat,
357 1831 392 1873 sed
403 1830 551 1887 inquisitionem
569 1845 647 1873 omnem
660 1838 681 1873 et
691 1831 863 1875 ratiocinationem

80 1903 104 1944 ad
120 1916 153 1944 res
168 1901 246 1958 genitas
261 1901 391 1943 amandatae
406 1901 478 1943 reiicit.

140 1968 223 2012 (lonfnt.
239 1968 322 2011 XVlll.
354 1968 376 2011 ln
391 1971 470 2011 easdem
487 1984 523 2011 nos
540 1970 643 2012 molestias
656 1969 712 2012 Ae'tii
726 1971 865 2027 importunitas

80 2037 170 2080 immisit.
201 2036 241 2091 Qui
259 2037 305 2078 dum
318 2037 386 2078 eadem
401 2037 482 2093 saepius
494 2037 518 2078 ah
531 2037 588 2078 initio
599 2039 623 2078 ad
636 2039 694 2078 finem
707 2053 771 2093 usque
782 2040 863 2095 repetit,

81 2105 170 2147 eiusdem
183 2105 240 2145 nobis
251 2104 335 2145 faciendi
348 2105 489 2146 necessitatem
500 2104 601 2160 imposuit.
623 2103 733 2146 Enimvero
745 2107 801 2157 fides,
813 2120 864 2160 quae

82 2173 191 2214 catholicos
208 2186 277 2213 omnes
293 2173 317 2213 ad
333 2172 416 2231 salutem
433 2173 534 2228 perducit,
558 2172 686 2213 humanorum
703 2181 864 2228 argumentorum

82 2241 192 2286 subtilitate
203 2256 242 2284 non
253 2248 339 2284 constat.
370 2240 536 2299 Quandoquidem
550 2239 625 2283 lubrica
638 2240 687 2283 etin
701 2255 790 2284 erronem
803 2257 866 2300 prona

82 2320 129 2356 sunt
142 2312 241 2355 hominum
253 2312 345 2369 ingenia,
368 2327 433 2370 neque
446 2327 490 2355 cum
502 2312 578 2354 iuliuita
591 2312 622 2354 dei
633 2312 744 2355 substantia
758 2313 865 2371 adaequari

82 2390 173 2440 possunt.
204 2381 231 2424 Et
242 2397 291 2426 vcro
307 2390 368 2425 totum
386 2383 433 2425 illud
447 2383 516 2425 salutis
529 2390 610 2424 nostrae
622 2396 633 2424 a
645 2380 727 2425 Christo
741 2383 867 2427 administra-

82 2460 123 2495 tum
134 2452 264 2509 mysterium,
289 2454 340 2507 quod
359 2452 471 2494 homiuibus
489 2452 548 2493 'tritam
565 2451 642 2503 attulit,
665 2455 742 2494 Indaeis
753 2457 970 2505 acemanecestriae.

80 2523 131 2575 ficit,
146 2521 236 2572 gentitus
246 2523 341 2568 stultum,
357 2522 412 2561 nodt's
423 2536 467 2560 uero
478 2523 550 2560 vocatis
559 2523 636 2559 Iudaeos
646 2528 665 2560 et
673 2523 764 2572 geutt'bus
777 2525 866 2564 ctrz'stns

83 2591 116 2628 det'
129 2591 191 2628 ct'rtus
201 2595 221 2627 et
230 2590 263 2627 dez·
272 2591 378 2639 septentrio:
399 2592 487 2641 quonium
503 2591 555 2640 qrtod
571 2589 651 2627 stultum
667 2597 697 2628 est
712 2592 745 2629 dez·
760 2594 865 2643 sapientius

83 2664 113 2696 ert
123 2658 239 2705 dominibus,
263 2663 284 2695 et
293 2658 344 2708 qnod
353 2657 449 2708 tufirmum
465 2663 494 2696 est
508 2658 540 2695 dei
546 2657 618 2709 fortius
631 2663 661 2695 est
669 2658 782 2697 dominibus.
815 2656 866 2712 Quis

83 2724 145 2781 igitur
156 2724 236 2766 Aetium
250 2738 289 2765 uon
305 2723 367 2779 primo
380 2722 460 2765 ludaeis
475 2729 603 2775 annumeret,
626 2725 678 2779 quod
691 2720 812 2781 syllogismis
824 2727 866 2768 suis

84 2795 129 2839 aliis
140 2794 256 2838 offensionis
271 2808 360 2837 caussam
372 2794 480 2852 praebent?
495 2801 536 2837 tum
550 2808 598 2837 vero
610 2793 705 2850 gentilem
717 2809 762 2838 esse
776 2805 865 2851 censeat,

85 2867 136 2924 quod
153 2881 200 2924 prae
217 2866 308 2908 affectata
326 2879 361 2908 sun
375 2865 472 2921 sapientia
488 2865 575 2909 divinam
589 2864 694 2908 veritatem
711 2867 806 2909 stultitiae
818 2882 866 2909 cou-

85 2937 178 2978 dcmnet'l
215 2934 295 2978 Etenim
313 2949 365 2978 unus
382 2935 415 2976 ille
431 2935 523 2977 conditor
540 2933 625 2977 omnium
641 2943 700 2992 atque
721 2937 794 2978 artilex
812 2937 866 2978 omni

85 3048 125 3128 17.
133 3047 207 3128 {sparton
217 3052 290 3127 mqadose
299 3052 356 3092 lenitur
364 3052 381 3083 tu
391 3051 464 3083 edit-Pe·
510 3049 526 3083 8.
538 3052 610 3083 Fortasse
622 3044 662 3084 οὔτε
673 3047 779 3094 τᾶ,Παττξρ
792 3062 830 3094 μου.
860 3063 863 3067 ’

91 3105 118 3128 nn.
146 3104 246 3135 oon.rcpe.
