1988 3392
268 255 326 289 σοντι
337 251 423 290 Ριλιοιλισ
434 256 491 291 ms
502 255 633 291 PosTEfflofl.
802 248 841 289 641

59 347 108 384 μενος
119 336 169 374 ven..
182 333 210 380 qui
219 334 271 380 paulo
283 341 323 380 post
335 333 381 368 delet
392 333 425 380 γάρ
435 343 475 380 ροσε
487 335 539 382 μένει.
552 356 573 361 -
591 335 602 369 1.
610 334 635 369 10.
648 332 789 382 ὑπερεντυγχάνει
801 331 844 379 ὑπὲρ

58 391 108 439 ῆμῶν
121 403 164 428 στεν.
177 393 222 426 Ven.
243 392 289 426 Idem
306 391 350 426 liber
367 405 401 426 om.
417 393 468 438 paulo
484 402 524 439 post
540 394 588 428 artic.
605 393 632 439 τῷ
648 399 688 438 ροσε
704 392 807 439 ἐντυγχάνει.
820 411 843 418 -

58 453 69 487 l.
77 448 105 486 24.
117 450 147 486 τοῦ
158 446 228 494 Ἱέρακα
239 449 269 486 καί
281 462 302 485 ατ
314 448 352 493 (sic,
365 449 411 495 quod
422 450 463 495 quirl
473 450 556 496 significet
569 451 597 485 alii
609 449 691 491 divinent)
703 449 735 494 τῆν
747 446 844 495 ἀνατροπὴν

58 508 138 553 ποιοῦμαι
149 508 192 541 ven.
204 527 227 534 —
249 507 260 541 1.
272 507 299 543 26.
311 507 366 553 Μελχ.
379 506 410 543 καὶ
421 503 469 544 άλλοι
480 509 523 542 Ven.
539 530 556 536 -
580 509 591 542 1.
603 508 631 543 28.
647 507 742 553 νομίζουσιν
754 505 797 543 εἶναι
807 506 844 543 υίάν

58 567 88 603 τοῦ
99 565 142 601 Νῶε
158 563 187 601 τόν
204 563 248 610 Σῆμ
260 566 302 608 νεπ.
315 584 339 591 -
361 565 373 599 1.
383 565 411 600 30.
426 562 481 601 πάντα
497 565 529 611 τῆν
546 563 630 614 α’λῆδειαν
647 568 691 600 ven.
703 584 727 591 -
748 564 760 598 1.
771 565 800 599 31.
813 563 844 609 έτη

59 621 134 667 ἑκάστης
145 625 179 659 τῶν
190 623 267 667 πατέρων
277 624 325 668 ζωῆς
335 623 365 659 καὶ
375 622 458 669 διαδοχῆς
469 619 587 669 α’ριξλμῆσασα.
606 620 651 659 Ὅτε
661 622 694 668 γάρ
706 619 756 670 Ἀβρ.
768 620 844 669 ὑτῆρχεν

59 680 88 726 πῆ
99 675 113 726 ῆ
124 679 154 716 καὶ
166 679 266 726 ἐνενήκοντα
278 683 320 715 Ven.
338 680 386 715 Idem
396 681 447 726 paulo
458 687 498 727 post
509 682 556 715 delet
565 677 579 726 ῆ
589 689 629 717 ante
640 680 716 718 ἐλάσσω.
728 700 751 707 -
774 680 812 714 15.
823 680 844 714 ab

59 773 91 808 inf.
102 770 150 820 αὑτῷ
162 770 248 817 ὑπηντόιτο
259 773 289 810 καὶ
301 772 381 821 ἐξέβαλεν
393 773 434 818 (sic)
446 769 494 821 αὑτῷ
507 770 568 819 ἄρτους
579 768 622 808 ven.
634 793 658 800 -
680 774 693 807 1.
702 774 714 809 3
724 781 743 807 et
753 773 770 807 2.
782 772 803 806 ab
814 772 845 805 inf.

61 830 132 876 αἵματος
143 826 196 866 αὑτοῦ
208 833 238 867 τοῦ
251 830 271 867 ἐκ
282 833 316 876 τῆς
326 834 353 867 πλ.
368 828 419 868 αὑτοῦ
433 830 524 876 ῥεὺσαντος
535 831 560 871 εἰς
571 829 611 867 unffi.
624 832 666 866 ven.

105 889 160 936 rag.
171 888 224 925 138.
246 888 258 922 1.
269 888 286 922 2.
299 884 318 934 ῆ,
330 896 371 923 ante
382 886 462 930 ἐλάσσω,
475 900 508 922 om.
521 890 563 922 Ven.
575 909 594 914 —
620 889 633 923 1.
642 888 659 923 3.
671 887 791 934 ἑβδομήκοντα
803 887 846 924 ἐτῶν

60 948 102 980 Ven.
115 964 136 971 —
159 945 171 979 1.
182 944 199 979 0.
210 946 283 990 πρῶτον,
295 953 336 990 ροσε
346 945 498 987 πεντακοσιοστόν,
510 957 543 979 σοι,
555 947 598 980 Veu.
622 946 669 979 Idem
678 946 721 980 liber
731 946 773 980 ibid.
786 944 846 989 Φαλὲγ

61 1003 81 1039 δὲ
91 1001 171 1047 ἐγέννησε
180 1000 210 1038 τὸν
217 996 292 1048 ἴΡοιγοιῡ,
304 996 328 1038 ῶν
340 1000 373 1048 ρλέ
387 1002 436 1043 ἐτῶν,
449 1002 479 1038 καὶ
490 1003 557 1047 γέγονεν
570 1002 600 1047 έτη
611 1001 693 1044 ἑξακόσια
703 1002 846 1047 τριακονταέννεα.

57 1057 114 1107 ’Ἔβερ
131 1058 151 1095 δὲ
166 1058 247 1104 ἐγέννησε
263 1058 293 1095 τόν
305 1058 365 1104 Φαλὲγ
381 1059 398 1095 ἐν
415 1059 450 1095 έτει
467 1057 508 1104 ρλδ’.
524 1079 542 1086 -
566 1060 578 1093 1.
589 1061 606 1094 8.
617 1057 679 1094 Σαλλά
693 1057 713 1094 δέ
725 1058 806 1104 ἐγέννησε
817 1057 846 1095 τόν

57 1113 114 1164 Ἔβερ
127 1118 168 1150 Ven.
180 1136 203 1142 -
225 1115 487 1161 1,9.ῆλικ1ις,κα1γέγοναν
505 1115 596 1153 ἐννακόσια
612 1115 719 1159 πεντήκοντα
737 1116 772 1160 ἐτη.
795 1114 847 1159 Κηνά

62 1173 82 1211 δέ
93 1173 152 1219 ἐγέννα
162 1172 191 1209 τόν
202 1171 259 1214 Σαλά,
272 1172 310 1214 ἔτος
319 1172 399 1219 κατάγων
411 1172 437 1218 pff
450 1174 484 1218 τῆς
495 1171 547 1210 αὑτοῦ
561 1176 613 1217 ζωῆς,
626 1173 656 1209 καί
667 1173 737 1218 γέγοναν
748 1174 794 1219 χίλια
805 1173 848 1208 τέσ-

63 1243 107 1276 σαρα
118 1229 154 1275 έτη.
177 1227 269 1275 Ἀρφαξάδ
280 1229 301 1266 δὲ
312 1230 355 1266 ἐτῶν
367 1229 390 1276 ρέ
404 1227 427 1266 ῶν
439 1230 520 1276 ἐγέννησε
531 1231 560 1268 τόν
571 1230 637 1276 Κηνάν,
649 1230 679 1266 καί
689 1230 759 1275 γέγοναν
767 1230 814 1276 χίλια
824 1229 847 1274 ρλ’

63 1288 98 1334 ἐτη.
122 1287 168 1332 Σῆμ
179 1285 199 1323 δέ
211 1280 237 1334 ρβ’
250 1286 285 1323 έτει
299 1288 333 1333 τῆς
344 1285 396 1324 αὑτοῦ
414 1289 472 1333 ζωῆς,
490 1286 632 1334 ὑπροειρημένος
643 1287 673 1323 καί
684 1299 757 1333 φαντασ.
769 1289 813 1321 Ven.
825 1307 848 1314 -

62 1346 74 1380 l.
89 1346 113 1380 12.
131 1342 174 1390 ὑμοὺ
185 1344 255 1390 γέγοναν
272 1344 302 1389 έτη
320 1345 366 1390 χίλια
381 1343 463 1382 διακόσια
474 1344 631 1390 τεσσαράκονταένα
647 1346 684 1391 (sic)
698 1348 740 1380 Ven.
752 1365 776 1371 -
798 1345 810 1379 1.
821 1344 848 1379 13.

63 1403 118 1448 Μελχ.
131 1399 154 1438 δι’
166 1395 190 1437 ῶν
202 1398 236 1438 ἀπὸ
251 1401 285 1446 τῆς
296 1402 352 1446 κοπῆς
362 1402 397 1438 τῶν
408 1402 447 1448 περί
458 1400 540 1449 ’Δμαφάρ
552 1403 583 1438 καὶ
595 1401 662 1450 ’Δρηόχ
675 1402 705 1439 καί
716 1400 848 1446 Χοδολλογομόρ

63 1460 93 1496 καί
106 1457 168 1504 θάγαρ
179 1459 214 1495 τῶν
230 1459 314 1505 βασιλέων
325 1461 368 1494 Ven.
381 1480 403 1486 -
425 1460 438 1493 1.
451 1459 478 1495 16.
494 1457 539 1496 α’λλά
551 1459 612 1496 ἑκατόν
629 1459 677 1496 ἐννέα
688 1459 718 1503 έτη
732 1455 755 1495 ῶν
767 1459 849 1503 ἐγέννησε

63 1519 105 1551 Ven.
117 1536 139 1542 —
162 1516 174 1549 1.
188 1517 213 1552 11.
225 1516 255 1552 καί
266 1515 319 1563 ἔζησε
329 1515 373 1561 μετά
384 1517 445 1557 ταῦτα,
456 1516 510 1562 φησίν
521 1515 534 1562 ῆ
547 1518 586 1553 Ξεία
597 1516 662 1563 γραρῆ,
675 1516 705 1560 ἐτη
718 1516 748 1552 καὶ
760 1516 848 1561 ἐγέννησεν

65 1576 108 1608 Ven.
119 1593 143 1600 —
159 1573 170 1606 l.
183 1573 208 1607 19.
221 1572 304 1615 ἑξακόσια
315 1574 346 1609 καὶ
356 1572 388 1610 δύο
398 1574 427 1619 έτη
439 1576 482 1608 Ven.
494 1594 517 1601 —
533 1575 586 1609 1.20.
598 1573 666 1620 ρδάοαι
678 1574 704 1613 εἰς
715 1573 762 1620 χίλια
772 1573 802 1608 καί
812 1575 850 1608 δια-

64 1629 116 1667 κόσια
126 1628 255 1675 τεσσαράκοντα
267 1631 297 1666 καί
308 1630 338 1666 ἕνα
350 1631 387 1676 (sic)
401 1631 442 1676 ἔτη,
453 1632 482 1667 ’ίνα
494 1630 503 1667 ὑ
515 1630 561 1678 Σῆμ
572 1633 615 1666 Ven.
639 1632 687 1665 Idem
696 1631 740 1664 liber
749 1630 801 1677 paulo
810 1637 851 1675 post

63 1688 104 1722 ibid.
116 1689 147 1724 τοὺ
165 1688 209 1724 Νῶε
224 1690 254 1723 τοὺ
272 1686 305 1732 πρὸ
323 1688 367 1724 δέκα
384 1690 446 1733 γενεῶν
463 1693 493 1724 τοῦ
510 1686 591 1735 Ἀβραάμ
603 1689 677 1734 κληξλείη
688 1689 745 1734 Μελχ.
756 1700 773 1723 τι.
786 1686 852 1727 τούτοις

66 1744 109 1790 μετὰ
120 1745 164 1781 δέκα
174 1743 245 1790 γενεὰς,
263 1744 293 1789 ἐτη
306 1745 326 1781 δέ
337 1745 384 1791 χίλιοι
400 1745 482 1782 διακόσια
492 1744 621 1791 τεσσαράκοντα
633 1745 667 1781 ἕνα.
689 1746 726 1780 Καὶ
737 1738 754 1780 ῶ
765 1745 799 1788 τῆς
808 1747 851 1779 πολ-

65 1803 97 1847 λῆς
107 1803 142 1838 τῶν
154 1798 196 1846 άνὲλρ
208 1804 236 1837 πλ.
252 1821 273 1827 -
296 1802 308 1835 l.
320 1802 349 1836 23.
362 1799 469 1847 ἀντιγράφων
479 1800 516 1839 άντὶ
526 1804 559 1848 τῆς
568 1801 601 1839 οἷπᾶ
614 1803 644 1838 τοὺ
656 1801 704 1847 Σῆμ
712 1799 741 1845 τῖλ.
754 1800 812 1844 (ἐξότε
822 1813 852 1846 γε·

25 1887 26 1890 .
64 1859 143 1904 γέννηται
154 1856 163 1894 ὑ
175 1855 231 1899 αὑτὸς
241 1856 286 1903 Σῆμ
298 1859 367 1895 desunt)
379 1861 422 1892 ven.
435 1879 457 1885 -
479 1861 491 1893 l.
503 1860 530 1894 25.
541 1861 572 1895 τοῦ
582 1860 649 1906 Μελχ,
661 1856 702 1903 ῆτις
712 1853 734 1903 ῆν
747 1858 764 1894 ἐν
775 1857 805 1903 πη’
817 1858 852 1893 ἔτει

65 1974 141 2008 Ven.-
164 1970 586 2019 1.19.πανταχὸτενκαίῆτῶνῖαμνεη,-
609 1975 620 2007 Ι.
632 1973 662 2010 31.
674 1978 719 2008 Ante
733 1971 789 2017 Ῥαὰβ
800 1972 851 2006 resti-

65 2037 94 2064 tue
105 2031 157 2064 verba
173 2028 206 2074 γὰρ
218 2029 259 2070 καὶ,
277 2041 320 2075 quae
332 2029 431 2063 exciderunt
442 2031 494 2065 etiam
505 2032 523 2065 in
539 2031 565 2066 ed.
580 2033 637 2066 Petav.
650 2032 687 2065 col.
701 2051 723 2058 -
752 2030 795 2063 lbid.
808 2032 851 2063 Ven.

67 2087 136 2134 Ζαμβρί
144 2087 239 2132 γέγραπται
250 2086 281 2122 καὶ
289 2084 364 2132 Χεεβιῆ.
377 2106 398 2113 —-
420 2088 471 2123 130.
483 2087 512 2124 διά
523 2090 556 2133 τῆς
567 2086 622 2133 δέρας
634 2089 676 2122 ven.
690 2106 712 2114 -
734 2088 747 2121 1.
756 2088 786 2121 ult.
799 2084 852 2123 αὑτόν

67 2144 153 2190 νομίζουσι
164 2156 183 2190 φ.
194 2142 224 2179 τόν
235 2142 272 2179 υἱόν
283 2156 299 2179 τ.
311 2145 335 2188 3„
348 2142 365 2178 ἐν
378 2143 425 2189 εἰδέα
436 2144 457 2180 δὲ
468 2141 559 2188 οἶνξλρῶττου
571 2147 615 2179 Veu.

110 2202 165 2249 Pas.
176 2201 228 2237 140.
250 2201 263 2234 l.
273 2199 291 2234 2.
303 2196 352 2236 αὑτοὶ
368 2202 397 2236 τοῦ
415 2201 591 2247 προειρημένουὺοιι.
604 2221 626 2229 -
649 2203 661 2236 1.
672 2202 689 2238 3.
706 2198 852 2247 Ἀρομοιοὺμενος

69 2259 113 2292 Ven.
129 2255 269 2303 Ἀφομοιωμένος
279 2259 316 2291 Bas.
329 2277 351 2284 -
374 2258 387 2291 l.
396 2260 411 2293 5.
426 2259 495 2303 eonige
506 2257 625 2304 Ἰσραηλιτῶν.
638 2279 660 2286 -
683 2260 695 2293 l.
706 2259 723 2295 6.
735 2259 754 2301 ἐξ
763 2257 812 2303 άνῗτρ.
821 2255 855 2294 α”λ-

69 2315 107 2350 λων.
131 2313 202 2351 Τούτων
213 2312 281 2350 πάντων
292 2313 322 2351 τόν
333 2314 427 2360 κατάλογον
438 2314 551 2361 ποιησάμενοι
566 2315 595 2353 διὰ
606 2316 637 2362 τῆν
655 2316 720 2362 αἵρεσιν
737 2315 802 2359 ταὺτην
813 2315 855 2351 ἐπε-

70 2371 171 2417 μνῆσῆημεν
182 2374 225 2406 Ven.
237 2391 261 2398 -
282 2373 295 2406 1.
307 2373 329 2406 10
340 2378 357 2405 οε
369 2373 396 2407 11.
413 2371 457 2417 πρός
472 2372 501 2408 τόν
517 2373 556 2409 2εόν
568 2373 624 2418 λέγει,
636 2373 667 2409 καὶ
681 2370 703 2408 δι’
715 2370 768 2407 αὑτοῦ
777 2374 820 2406 ven.
832 2391 855 2398 ·-

69 2426 81 2461 1.
92 2430 117 2462 12.
130 2425 155 2464 ἐπ’
165 2425 207 2465 αὑτὸ
219 2429 269 2464 τοὺτσ
278 2440 350 2464 καταστ.
362 2430 406 2463 ven.
419 2449 442 2455 —
463 2429 476 2463 1.
487 2430 514 2464 12.
525 2442 551 2465 τιν.
562 2442 588 2470 τις
599 2426 623 2466 ῶν
633 2429 663 2466 καὶ
672 2429 697 2470 είς
707 2428 802 2474 ἱερωσύνην
813 2430 855 2465 2εοὺ

69 2495 140 2531 τεταγμ.
153 2487 194 2520 Ven.
208 2506 229 2512 -
252 2487 301 2523 116.
315 2484 371 2527 όδῶν,
382 2493 423 2531 ροσε
434 2485 454 2522 ἐκ
465 2487 541 2530 πολλῶν,
554 2499 587 2520 om.
597 2489 641 2521 ven.
652 2508 674 2515 -
696 2488 708 2521 l.
720 2488 747 2521 20.
761 2488 856 2532 Θεωρεῖται

70 2553 88 2576 π.
98 2536 157 2583 οὑτος,
174 2543 205 2578 καί
220 2539 246 2579 ότι
256 2541 276 2579 τὸ
286 2537 342 2586 ῆσσον
353 2541 373 2578 ἐκ
383 2555 398 2578 τ.
411 2556 428 2588 ρ.
440 2541 545 2588 εὑλογεῖτοιι,
563 2543 593 2579 καὶ
603 2543 632 2580 διά
644 2544 693 2581 τοῦτο
703 2545 747 2580 ven.
761 2564 784 2571 -
806 2544 818 2578 1.
828 2544 855 2578 22.

70 2593 167 2646 ἕτωςτὺχ.
179 2599 209 2635 καί
225 2596 275 2636 αὑτοὶ
284 2597 338 2644 ῆμεῖς
352 2597 391 2645 παρ’
409 2598 461 2636 αὑτοῦ
471 2602 513 2635 Ven.
525 2621 548 2627 —
571 2601 582 2634 1.
593 2599 621 2636 24.
633 2595 699 2638 Καὶῶ
716 2606 782 2648 ματαῖα
797 2600 857 2637 πασῶν

72 2653 125 2700 τὰρ-ιγ’
136 2654 207 2692 διάνοια.
224 2654 271 2693 ’1δοὺ
281 2655 315 2702 γάρ
325 2657 355 2692 καί
364 2650 411 2693 οὑτοι
419 2659 462 2692 Ven.
470 2677 493 2684 -
509 2658 521 2692 l.
526 2658 554 2692 25.
567 2655 625 2699 αὑτοῦ,
637 2666 678 2703 ροσε
689 2658 735 2705 ἰδίῳ,
746 2671 780 2693 om.
785 2660 827 2692 ven.
834 2676 858 2683 -

71 2710 122 2748 127.
132 2713 168 2755 τοὺ,
181 2720 222 2748 ante
231 2711 302 2758 πατρὸς,
315 2725 348 2748 om.
357 2715 399 2748 Ven.
411 2733 434 2740 -
456 2715 468 2748 1.
477 2714 505 2750 28.
518 2717 609 2761 διηγεῖται,
621 2710 637 2761 (ὑ
648 2714 693 2752 εἶπεν
705 2714 715 2752 ὁ
726 2715 790 2760 πατῆρ,
800 2711 858 2756 Ποιῆ·

74 2772 183 2813 σωμενΥεο.
194 2790 217 2796 -
239 2770 292 2805 130.
309 2767 347 2816 οὑχλ
363 2771 389 2816 τῷ
407 2771 462 2818 Μελχ.
484 2771 509 2807 Εἰ
520 2770 550 2815 μὲν
561 2770 594 2817 γάρ
606 2772 637 2808 καί
648 2772 705 2817 ἱερεύς
720 2773 757 2809 ἐστι
774 2772 804 2807 τοὺ
816 2771 857 2805 θεοῦ

73 2825 102 2860 τοὺ
112 2823 194 2871 ὑψίστου,
205 2823 249 2862 άλλτὶ
258 2827 289 2862 καί
300 2826 318 2862 ἐν
327 2828 350 2873 τῇ
362 2827 398 2874 ἰδίᾳ
407 2829 457 2875 γενεᾷ
468 2828 563 2874 γεγένηται,
575 2828 606 2864 καὶ
618 2826 650 2864 οὑκ
663 2829 712 2876 ἐσχεν
724 2827 806 2875 διαδοχῆν
815 2829 858 2862 Ven.

74 2881 117 2917 lbid.
127 2896 159 2933 ρτο
171 2883 216 2920 ἐστιν
227 2885 275 2928 (ante
288 2884 319 2919 τοὺ
332 2882 414 2931 ὑψίστου)
429 2897 472 2920 corr.
483 2886 525 2921 ἐστι.
537 2904 559 2912 -
582 2885 633 2920 132.
645 2883 679 2922 α’ττὺ
691 2884 762 2931 οὑροινοὺ
772 2887 814 2918 ven.
838 2886 859 2918 1¹1

75 2938 134 2974 eodem
145 2941 190 2975 libro
201 2940 252 2987 paulo
264 2947 304 2985 post
315 2940 433 2976 desiderantur
444 2943 496 2976 verba
507 2942 532 2987 τῷ
542 2940 629 2988 Ἃβρασίμ
640 2963 664 2969 -
679 2944 692 2977 1.
702 2945 719 2978 5.
731 2944 752 2977 ab
763 2942 795 2976 inf.
809 2938 860 2986 οἷλλά,

74 2990 178 3043 Ἐξῆνεγκέν
187 3010 207 3034 τε
217 2993 265 3045 αὑτῷ
276 2997 307 3034 καὶ
317 3002 354 3039 τοῖς
362 3000 405 3032 Ven.
415 2998 553 3034 -1.1.ο1νίιι1.
566 3001 605 3045 βασ.
617 2998 743 3044 ἀποδεξάμενος
750 2998 780 3035 τὸν
791 2996 860 3045 διερχό-

76 3063 124 3095 μενον
133 3056 176 3089 Ven.
188 3075 209 3081 -
227 3056 240 3089 1.
248 3056 265 3091 3.
276 3056 298 3089 ab
307 3055 339 3089 inf.
350 3057 445 3100 πρσςσὺσαν
457 3053 504 3102 αὑτῷ
513 3055 538 3100 τῷ
547 3051 629 3102 ’Δβραὰμ
638 3055 745 3101 δικαιοσύνην
758 3059 802 3091 Ven.

120 3112 176 3160 Pag.
184 3113 237 3150 142,
258 3113 270 3146 1.
279 3113 297 3148 3.
308 3110 349 3157 μέν,
362 3120 402 3158 ροσε
414 3110 522 3158 ἀπέστρεψε,
534 3124 567 3146 om.
577 3114 620 3147 ven.
632 3134 655 3145 -.
677 3115 689 3149 l.
699 3115 716 3149 3.
729 3113 775 3158 μετά
784 3117 817 3159 τῆς
827 3112 860 3150 ποί-

111 3166 171 3205 corpus
179 3168 272 3198 Ηοετεεοολ
284 3168 327 3198 lm.
647 3177 649 3179 ’
693 3176 719 3216 41
