1988 3392
142 202 184 245 376
431 209 514 245 ειαοοτ
525 209 641 243 τειιοιαιτ

142 288 198 332 κάτα.
227 286 329 340 Ὡςαότως
341 289 379 332 οῦκ
390 286 443 344 είχον
455 284 567 332 άποὸοῦναι
577 287 642 345 λόγον.
673 288 714 331 Καὶ
725 286 788 342 πολλή
798 285 847 343 ήμῖν
858 291 928 347 γέγονε

143 357 186 400 τότε
197 356 277 414 λυπηρά
291 356 305 413 ή
316 361 351 412 τῆς
361 361 413 411 ζωῆς
427 357 556 413 κατάστασις,
575 356 607 401 ότι
617 359 639 401 έν
647 362 689 407 τοῖς
704 357 856 414 προειρημένοις
870 358 927 403 ἄθελ-

143 433 192 480 φοῖς
201 427 236 469 καί
248 429 359 476 ἐπαινετοῖς
374 426 489 482 ἐβλήθησαν
500 425 569 478 άπλός
580 429 709 480 φιλονεικίαι,
729 426 763 468 ’ίυα
777 426 889 478 διαστάσεις
905 429 927 472 ἓν

142 494 192 551 ήμῖν
203 494 289 539 πάντοτε
302 494 314 538 ό
324 496 466 552 προειρημένος
480 501 520 540 τῶν
532 494 650 553 ἀνθρώπων
661 495 755 549 πολέμιος
766 492 862 549 διάβολος
876 497 927 553 ἐξερ-

49 581 131 618 μεςοομι.
143 563 235 622 γάσηται.
267 562 334 617 Πολλή
347 565 370 606 δέ
382 566 423 608 ἔστι
438 570 474 619 τῆς
490 564 584 618 τοιαῦτης
600 565 677 615 αἰτίας,
698 563 793 616 άθελφοὶ,
814 561 886 618 ήκατ’
898 566 928 607 έν-

143 651 202 676 νοιαν
217 632 287 688 βλάβη.
317 634 346 675 Εἰ
362 633 396 686 μὲν
409 632 447 690 γάρ
463 635 484 684 ἐξ
496 632 561 687 ἀρχῆς
575 633 621 688 περὶ
631 630 705 674 τοῦτου
716 631 755 674 οῦκ
768 630 853 685 ἐκινήθη
862 630 927 687 λόγος,

143 699 280 743 ἁπλούστατον
296 695 327 754 ήν.
360 703 384 742 Τί
397 699 436 756 γάρ
451 705 510 743 τοῦτο
525 698 561 742 τόν
577 698 654 754 κόσμον
667 697 732 752 όίνησε
743 697 765 741 τά
779 697 926 753 καινοτόμημα,

142 768 157 822 ή
166 767 202 822 τήν
213 770 317 822 ἐκκλησίαν
328 768 439 823 ὠφέλησεν;
460 767 473 823 ἢ
483 767 528 823 οὐχί
539 772 613 822 μᾶλλον
625 769 712 820 ἔβλαψε,
732 773 790 821 μῖσος
806 768 841 809 καλ
857 766 928 809 στάσιν

143 835 288 893 ἐργασάμενον;
317 833 452 891 Ἐπειδήιλὲό
462 834 521 892 λόγος
536 833 666 892 προεβλήθη,
686 832 775 890 φοβερός
790 835 881 891 γέγονεν·
902 834 928 877 οῦ

143 903 181 961 γάρ
194 906 221 954 εἰς
231 903 254 947 τό
265 909 358 961 κρεῖσσον
370 909 406 959 τῆς
414 902 472 960 ήμῶν
482 907 586 962 σωτηρίας.
610 902 707 961 ’Ἁρνησις
722 902 760 960 γάρ
771 903 835 954 ε’στιν,
856 901 880 945 οῦ
892 901 928 957 μό-

136 987 179 1016 ’νον
198 974 218 1016 ἓν
235 973 300 1032 τούτῳ
316 977 344 1031 τῷ
361 974 416 1030 μέρει
432 978 459 1030 τῷ
470 972 499 1028 μή
509 971 650 1030 ὁμολογοῦντι,
671 970 719 1021 άλλά
733 972 766 1014 καί
777 972 799 1014 ἐν
810 969 927 1029 βραχυτάτῳ

143 1043 190 1084 τινί·
207 1041 231 1084 οῦ
243 1040 280 1100 χρή
290 1039 328 1100 γάρ
341 1042 389 1085 οῦδὲ
399 1041 438 1086 κάν
449 1044 470 1086 ἒν
481 1047 508 1102 τῷ
519 1041 599 1098 τυχόντι
614 1042 770 1099 παρεξέρχεσθαι
782 1044 818 1096 τῆς
829 1038 880 1084 όθοῦ
892 1044 928 1095 τῆς

144 1111 247 1166 άληθείας.
277 1113 373 1167 Λέξωμεν
384 1114 452 1155 τοίνυν
463 1113 498 1155 καὶ
509 1109 560 1155 κατά
572 1110 651 1170 ταάτης
660 1116 696 1166 τής
708 1108 837 1162 ῦποθέσεως,
857 1110 928 1167 βουλό-

145 1198 201 1237 μενοι
214 1181 241 1237 μή
254 1183 290 1234 ἔξω
302 1187 338 1238 τῆς
349 1183 425 1225 ἑαυτῶν
436 1186 487 1237 ζωῆς
498 1184 587 1236 βαίνειν,
607 1181 657 1237 μηδὲ
666 1179 701 1224 τόν
711 1178 789 1224 κανόνα
804 1179 928 1236 καταλιμπά-

144 1268 186 1294 νειν
203 1255 239 1306 τῆς
251 1249 309 1308 άγίας
325 1256 377 1295 θεοῦ
392 1252 496 1306 ἐκκλησίας
511 1252 546 1294 καὶ
561 1249 672 1308 ὁμολογίας.
704 1250 778 1293 Οὖθενί
792 1249 831 1309 γάρ
847 1248 929 1294 πάντοτε

144 1324 184 1364 τῦν
193 1325 285 1364 παλαιῶν
295 1325 353 1364 τοῦτο
364 1323 450 1378 είρηται,
467 1319 512 1364 οῦτε
522 1320 629 1380 προφήτη,
644 1319 690 1365 οῦτε
701 1318 817 1378 άποστόλω,
837 1317 883 1364 οῦτε
896 1319 928 1363 εῦ-

144 1394 258 1449 αγγελιστῇ,
274 1388 299 1433 οῦ
308 1408 347 1434 τινι
358 1395 398 1433 τῶν
408 1391 514 1447 ἐξηγητῶν,
530 1391 568 1441 ἕως
578 1390 655 1434 τούτων
664 1394 705 1433 τοῖν
717 1387 835 1446 2ήμετέρων
844 1387 929 1446 χρόνων,

145 1459 166 1509 ἐξ
175 1453 201 1501 οῦ
212 1463 286 1515 καιροῦ
301 1457 341 1502 άπό
359 1464 395 1503 τοῦ
410 1460 556 1516 προειρημένου
573 1458 695 1516 λογιωτάτου
713 1456 787 1515 άνθρός
804 1458 827 1502 τό
838 1464 930 1502 τοιοῦτον

126 1556 128 1559 -
145 1525 264 1581 σοφιστικόν
280 1532 371 1585 προῆλθε
383 1531 443 1585 ρ’ῆμα.
474 1531 561 1587 Παιδείᾳ
574 1527 612 1585 γάρ
624 1527 649 1572 οῦ
660 1533 685 1587 τῇ
696 1526 783 1587 τυχοόση
798 1525 871 1584 όάνήρ
884 1527 928 1583 ἐξή-

145 1610 228 1651 σκηται,
244 1595 285 1639 άπό
296 1602 332 1652 τῆς
341 1601 381 1640 τῦν
391 1596 456 1654 λόγων
467 1596 630 1654 προπαιθεῦσεοίς
640 1598 703 1640 τεκαὶ
712 1595 827 1651 Ἑλληνικῆς
836 1599 930 1640 διδασκα-

145 1668 188 1716 λίας
200 1663 326 1723 όρμοίμενος,
342 1664 409 1709 πῦσάν
419 1683 440 1709 τε
450 1664 574 1721 διαλεκτικήν
587 1668 621 1710 καλ
632 1666 751 1721 σοφιστικήν
763 1668 930 1721 πεπαιδευμένος,

145 1731 195 1777 άλλά
205 1735 241 1777 καί
252 1733 288 1777 τόν
300 1733 359 1777 άλλον
369 1738 414 1790 βίον
430 1733 560 1789 σεμνότατος,
581 1736 616 1778 καί
630 1740 686 1779 3τῶν
698 1734 750 1792 πρός
760 1735 888 1792 όρθοιλόξους
898 1735 930 1780 άεί

146 1803 167 1845 ἒν
178 1799 247 1861 άγάπη
263 1804 284 1846 έν
295 1802 368 1863 πρώτῳ
386 1801 467 1861 άριθμῷ
482 1802 601 1859 ταττόμενος
614 1805 651 1854 έως
662 1803 736 1848 τοῦτου
751 1809 804 1848 4τοῦ
814 1804 875 1863 λόγου
889 1807 929 1850 διέ-

146 1888 216 1926 μεινεν.
243 1870 304 1914 Ἀλλά
316 1874 352 1915 καί
363 1875 440 1928 έξορίαν
453 1870 557 1926 ῦπὲμεινε,
577 1871 611 1915 διά
622 1871 644 1915 τό
656 1872 683 1928 μή
693 1873 855 1931 τοῖςἈρειανοῖς
866 1881 929 1932 5συγ-

144 1945 238 1982 κατεῖναι.
269 1941 311 1982 Καί
320 1944 339 1983 τί
350 1957 374 1994 με
386 1943 418 1982 θεῖ
428 1940 501 1996 λέγειν,
520 1938 582 1995 πολλή
598 1938 757 1997 ήμῶνήλόπη,
779 1943 813 1986 καλ
827 1943 929 1999 πένθοςή

145 2006 197 2062 ζωή,
212 2006 244 2050 ίίτι
254 2012 324 2050 λυπεῖν
337 2011 410 2051 εἴωθεν
421 2006 432 2051 ό
443 2008 538 2063 διάβολος
548 2006 601 2063 ήμῦς
612 2006 653 2060 αἐί,
674 2005 702 2056 οἷς
712 2005 751 2061 ήιλη
761 2006 855 2059 πολλάκις
865 2005 928 2053 εἷπον.

199 2412 299 2471 ’Ἁρξομαι
309 2418 378 2457 τοίνυν
388 2417 434 2472 περὶ
445 2415 519 2460 τοῦτον
529 2420 565 2459 τοῦ
576 2418 638 2473 ῥητοῦ
648 2419 722 2474 λέγειν,
736 2419 769 2460 λ’να
781 2421 844 2474 μηθέν
854 2437 884 2473 τι,
902 2419 929 2471 τίς

144 2483 207 2536 ἔφην,
225 2487 260 2536 τῆς
272 2482 368 2537 άληθείας
382 2487 506 2540 παραλείψω.
540 2488 564 2526 Τί
578 2482 630 2538 ήμάς
644 2483 733 2540 ω’φέλησε
746 2485 768 2530 τό
785 2489 928 2545 παρεκβάλλειν

143 2548 180 2592 τόν
193 2554 242 2592 νοῦν
257 2549 298 2593 άπό
311 2556 347 2606 τής
362 2551 461 2609 ένσάρκον
477 2555 589 2609 παρουσίας
606 2557 706 2610 Χριστοῦ,·
735 2557 765 2597 Εἰ
776 2554 814 2613 γάρ
828 2556 878 2608 ὅλως
891 2563 927 2602 τοῦ

144 2621 258 2674 βοηθῆσαι,
278 2618 303 2663 ἵν’
315 2620 379 2672 οῦτως
396 2624 455 2674 εἴπω,
476 2625 504 2679 τῷ
515 2624 578 2679 κυρίῳ
595 2620 652 2677 ήμῶν
669 2621 734 2677 Ἰησοῦ
745 2629 826 2683 Χριστῷ
836 2628 871 2668 καλ
883 2632 928 2685 θεῷ

142 2687 241 2746 λόγῳκαλ
254 2689 292 2746 υίῷ
303 2694 365 2742 θεοῦ,
386 2687 504 2747 όῦμέτερος
518 2689 610 2747 λογισμός
621 2690 727 2749 προήχθη,
747 2695 781 2737 ’ίνα
797 2693 824 2750 μή
840 2697 928 2752 εἴπωμεν

144 2754 206 2801 αὐτόν
219 2759 321 2812 εἰληφέναι
331 2764 391 2812 νοῦν,
412 2758 469 2811 ίίπως
483 2758 511 2815 μή
523 2760 626 2817 νοήσωμεν
638 2760 743 2807 ἐλάττωσιν
754 2765 800 2822 περὶ
814 2763 851 2821 τήν
864 2765 928 2811 αὐτοῦ

143 2827 241 2884 θεότητα,
262 2832 327 2887 πολλῷ
344 2834 416 2884 μᾶλλον
432 2829 589 2889 ιπροτιμότερον
602 2830 659 2888 ήμῶν
673 2832 795 2891 τυγχάνουσι
808 2840 926 2893 Μανιχαῖοι,

166 2922 182 2956 2.
195 2924 292 2957 Vocabulum
305 2919 404 2967 ἡμετέρων,
421 2928 438 2958 in
449 2927 483 2959 οοιί.
494 2927 525 2959 len.
548 2928 618 2961 ιλιταίυν.

143 2973 190 3002 antea
200 2972 285 3011 omissum,
303 2972 323 3002 ab
336 2972 402 3012 eadem,
420 2982 461 3013 ηααι
472 2975 523 3005 cetera
568 2972 584 3007 3.
596 2975 669 3008 Fortasse
677 2972 721 3019 πρὸς
729 2975 763 3011 τῶν
774 2972 875 3020 όμὲοδόξων.
888 2981 928 3013 Cor-

142 3017 215 3057 scripsit,
233 3019 299 3058 απλιηαα
310 3026 360 3049 manu
370 3020 387 3050 ιἰι
396 3020 469 3060 κιανμίιιε
479 3019 524 3051 adie—
547 3023 602 3054 narius
616 3023 662 3054 ναμε
677 3027 695 3054 et
706 3021 750 3054 inter
762 3022 866 3057 orthodoxos
881 3037 928 3059 sem-

143 3065 185 3098 οιωκ
194 3064 235 3106 μοι,
252 3066 269 3095 ολ
280 3065 297 3096 in
308 3064 342 3096 cod,
351 3064 417 3106 Ιλλτιίις.
426 3067 474 3106 plane
484 3066 526 3098 desi·
549 3077 579 3110 per
590 3066 607 3098 in
618 3067 673 3115 primo
686 3067 746 3101 ordine
757 3067 822 3105 locatus
835 3071 872 3107 fuit¹
