<?xml version="1.0" encoding="UTF-8"?>
<!DOCTYPE html PUBLIC "-//W3C//DTD XHTML 1.0 Transitional//EN"
    "http://www.w3.org/TR/xhtml1/DTD/xhtml1-transitional.dtd">
<html xmlns="http://www.w3.org/1999/xhtml" xml:lang="en" lang="en">
 <head>
  <title>
</title>
<meta http-equiv="Content-Type" content="text/html;charset=utf-8" />
  <meta name='ocr-system' content='tesseract 3.04.00' />
  <meta name='ocr-capabilities' content='ocr_page ocr_carea ocr_par ocr_line ocrx_word'/>
</head>
<body>
  <div class='ocr_page' id='page_1' title='image "./MN41650ucmf_1/MN41650ucmf_1_0508.png"; bbox 0 0 1988 3392; ppageno 0'>
   <div class='ocr_carea' id='block_1_1' title="bbox 132 218 632 262">
    <p class='ocr_par' dir='ltr' id='par_1_1' title="bbox 132 218 632 262">
     <span class='ocr_line' id='line_1_1' title="bbox 132 218 632 262; baseline 0.002 -3"><span class='ocrx_word' id='word_1_1' title='bbox 132 218 175 262; x_wconf 83' lang='grc'><strong><em>486</em></strong></span> <span class='ocrx_word' id='word_1_2' title='bbox 419 226 503 261; x_wconf 76' lang='grc' dir='ltr'><strong><em>ειαατι</em></strong></span> <span class='ocrx_word' id='word_1_3' title='bbox 514 227 632 261; x_wconf 75' lang='grc' dir='ltr'><strong><em>ιιειειιιαιι</em></strong></span> 
     </span>
    </p>
   </div>
   <div class='ocr_carea' id='block_1_2' title="bbox 50 300 926 1736">
    <p class='ocr_par' dir='ltr' id='par_1_2' title="bbox 50 300 926 1736">
     <span class='ocr_line' id='line_1_2' title="bbox 132 300 916 362; baseline -0.001 -13"><span class='ocrx_word' id='word_1_4' title='bbox 132 307 207 357; x_wconf 80' lang='grc' dir='ltr'><strong><em>θένοα,</em></strong></span> <span class='ocrx_word' id='word_1_5' title='bbox 222 306 257 347; x_wconf 84' lang='grc' dir='ltr'><strong><em>καὶ</em></strong></span> <span class='ocrx_word' id='word_1_6' title='bbox 269 302 326 361; x_wconf 85' lang='grc' dir='ltr'><strong><em>άγίας</em></strong></span> <span class='ocrx_word' id='word_1_7' title='bbox 338 310 465 361; x_wconf 81' lang='grc' dir='ltr'><strong><em>περιστεράς,</em></strong></span> <span class='ocrx_word' id='word_1_8' title='bbox 480 306 515 349; x_wconf 82' lang='grc' dir='ltr'><strong><em>καί</em></strong></span> <span class='ocrx_word' id='word_1_9' title='bbox 526 305 614 347; x_wconf 81' lang='grc' dir='ltr'><strong><em>άκάκου·</em></strong></span> <span class='ocrx_word' id='word_1_10' title='bbox 629 306 675 362; x_wconf 83' lang='grc' dir='ltr'><strong><em>περὶ</em></strong></span> <span class='ocrx_word' id='word_1_11' title='bbox 685 300 710 359; x_wconf 74' lang='grc' dir='ltr'><strong><em>ἧς</em></strong></span> <span class='ocrx_word' id='word_1_12' title='bbox 719 303 731 348; x_wconf 86' lang='lat' dir='ltr'><strong><em>o‘</em></strong></span> <span class='ocrx_word' id='word_1_13' title='bbox 741 304 813 361; x_wconf 83' lang='grc' dir='ltr'><strong><em>κόριος</em></strong></span> <span class='ocrx_word' id='word_1_14' title='bbox 825 307 847 349; x_wconf 85' lang='grc' dir='ltr'><strong><em>ἐν</em></strong></span> <span class='ocrx_word' id='word_1_15' title='bbox 856 304 916 348; x_wconf 81' lang='grc' dir='ltr'><strong><em>πνεό-</em></strong></span> 
     </span>
     <span class='ocr_line' id='line_1_3' title="bbox 133 371 919 433; baseline 0 -16"><span class='ocrx_word' id='word_1_16' title='bbox 133 392 180 430; x_wconf 89' lang='grc' dir='ltr'><strong><em>ματι</em></strong></span> <span class='ocrx_word' id='word_1_17' title='bbox 192 379 221 431; x_wconf 77' lang='grc' dir='ltr'><strong><em>τῷ</em></strong></span> <span class='ocrx_word' id='word_1_18' title='bbox 231 378 350 427; x_wconf 79' lang='grc' dir='ltr'><strong><em>Σαλομῶντι</em></strong></span> <span class='ocrx_word' id='word_1_19' title='bbox 365 371 503 417; x_wconf 83' lang='grc' dir='ltr'><strong><em>α’πεκάλυπτεν</em></strong></span> <span class='ocrx_word' id='word_1_20' title='bbox 515 375 536 417; x_wconf 90' lang='grc' dir='ltr'><strong><em>ἐν</em></strong></span> <span class='ocrx_word' id='word_1_21' title='bbox 545 372 640 429; x_wconf 72' lang='grc' dir='ltr'><strong><em>’Ἀισματι</em></strong></span> <span class='ocrx_word' id='word_1_22' title='bbox 651 378 691 417; x_wconf 78' lang='grc' dir='ltr'><strong><em>τῶν</em></strong></span> <span class='ocrx_word' id='word_1_23' title='bbox 706 372 801 433; x_wconf 74' lang='grc' dir='ltr'><strong><em>ᾀσμάτων</em></strong></span> <span class='ocrx_word' id='word_1_24' title='bbox 805 407 811 426; x_wconf 95' lang='grc'><strong><em>,</em></strong></span> <span class='ocrx_word' id='word_1_25' title='bbox 833 375 868 417; x_wconf 84' lang='grc' dir='ltr'><strong><em>καὶ</em></strong></span> <span class='ocrx_word' id='word_1_26' title='bbox 880 375 919 417; x_wconf 78' lang='grc' dir='ltr'><strong><em>ἐλε-</em></strong></span> 
     </span>
     <span class='ocr_line' id='line_1_4' title="bbox 75 440 919 499; baseline 0 -14"><span class='ocrx_word' id='word_1_27' title='bbox 75 452 77 455; x_wconf 83' lang='grc'><strong>’</strong></span> <span class='ocrx_word' id='word_1_28' title='bbox 132 460 175 499; x_wconf 84' lang='grc' dir='ltr'><strong><em>γευ,</em></strong></span> <span class='ocrx_word' id='word_1_29' title='bbox 190 440 299 496; x_wconf 79' lang='grc' dir='ltr'><strong><em>Ἐξήκοντά</em></strong></span> <span class='ocrx_word' id='word_1_30' title='bbox 308 444 345 485; x_wconf 79' lang='grc' dir='ltr'><strong><em>εἰσι</em></strong></span> <span class='ocrx_word' id='word_1_31' title='bbox 355 445 473 496; x_wconf 78' lang='grc' dir='ltr'><strong><em>βασίλισσαι,</em></strong></span> <span class='ocrx_word' id='word_1_32' title='bbox 488 443 523 485; x_wconf 82' lang='grc' dir='ltr'><strong><em>καλ</em></strong></span> <span class='ocrx_word' id='word_1_33' title='bbox 535 440 659 499; x_wconf 75' lang='grc' dir='ltr'><strong><em>ὀγδοήκοντα</em></strong></span> <span class='ocrx_word' id='word_1_34' title='bbox 668 443 767 486; x_wconf 77' lang='grc' dir='ltr'><strong><em>παλλακαὶ</em></strong></span> <span class='ocrx_word' id='word_1_35' title='bbox 777 443 812 486; x_wconf 85' lang='grc' dir='ltr'><strong><em>καλ</em></strong></span> <span class='ocrx_word' id='word_1_36' title='bbox 822 441 919 494; x_wconf 87' lang='grc' dir='ltr'><strong><em>νεάνιδες,</em></strong></span> 
     </span>
     <span class='ocr_line' id='line_1_5' title="bbox 134 506 920 567; baseline -0.003 -13"><span class='ocrx_word' id='word_1_37' title='bbox 134 506 163 554; x_wconf 69' lang='grc' dir='ltr'><strong><em>σίν</em></strong></span> <span class='ocrx_word' id='word_1_38' title='bbox 179 509 217 554; x_wconf 77' lang='grc' dir='ltr'><strong><em>οὐκ</em></strong></span> <span class='ocrx_word' id='word_1_39' title='bbox 233 513 284 554; x_wconf 80' lang='grc' dir='ltr'><strong><em>ἐστιν</em></strong></span> <span class='ocrx_word' id='word_1_40' title='bbox 300 509 400 567; x_wconf 66' lang='grc' dir='ltr'><strong><em>άριθμός·</em></strong></span> <span class='ocrx_word' id='word_1_41' title='bbox 423 514 459 565; x_wconf 90' lang='grc' dir='ltr'><strong><em>μία</em></strong></span> <span class='ocrx_word' id='word_1_42' title='bbox 473 512 515 554; x_wconf 78' lang='grc' dir='ltr'><strong><em>ἐστὶ</em></strong></span> <span class='ocrx_word' id='word_1_43' title='bbox 530 510 635 567; x_wconf 84' lang='grc' dir='ltr'><strong><em>περιστερά</em></strong></span> <span class='ocrx_word' id='word_1_44' title='bbox 652 530 701 566; x_wconf 89' lang='grc' dir='ltr'><strong><em>μου,</em></strong></span> <span class='ocrx_word' id='word_1_45' title='bbox 722 514 784 554; x_wconf 88' lang='grc' dir='ltr'><strong><em>τελεία</em></strong></span> <span class='ocrx_word' id='word_1_46' title='bbox 799 529 850 566; x_wconf 89' lang='grc' dir='ltr'><strong><em>μου,</em></strong></span> <span class='ocrx_word' id='word_1_47' title='bbox 871 509 920 564; x_wconf 84' lang='grc' dir='ltr'><strong><em>μετά</em></strong></span> 
     </span>
     <span class='ocr_line' id='line_1_6' title="bbox 133 577 920 636; baseline 0 -15"><span class='ocrx_word' id='word_1_48' title='bbox 133 579 254 634; x_wconf 78' lang='grc' dir='ltr'><strong><em>προςθηκης</em></strong></span> <span class='ocrx_word' id='word_1_49' title='bbox 267 577 379 630; x_wconf 71' lang='grc' dir='ltr'><strong><em>3τδΜοῦ,</em></strong></span> <span class='ocrx_word' id='word_1_50' title='bbox 399 580 502 621; x_wconf 80' lang='grc' dir='ltr'><strong><em>καλΜοῦ,</em></strong></span> <span class='ocrx_word' id='word_1_51' title='bbox 532 578 603 621; x_wconf 78' lang='grc' dir='ltr'><strong><em>Αὐτοῦ</em></strong></span> <span class='ocrx_word' id='word_1_52' title='bbox 617 578 655 635; x_wconf 84' lang='grc' dir='ltr'><strong><em>γάρ</em></strong></span> <span class='ocrx_word' id='word_1_53' title='bbox 670 578 784 636; x_wconf 82' lang='grc' dir='ltr'><strong><em>περιστερά,</em></strong></span> <span class='ocrx_word' id='word_1_54' title='bbox 805 580 839 622; x_wconf 85' lang='grc' dir='ltr'><strong><em>καὶ</em></strong></span> <span class='ocrx_word' id='word_1_55' title='bbox 856 578 920 621; x_wconf 78' lang='grc' dir='ltr'><strong><em>αὐτοῦ</em></strong></span> 
     </span>
     <span class='ocr_line' id='line_1_7' title="bbox 134 644 921 702; baseline 0.001 -14"><span class='ocrx_word' id='word_1_56' title='bbox 134 650 207 689; x_wconf 87' lang='grc' dir='ltr'><strong><em>τελεία·</em></strong></span> <span class='ocrx_word' id='word_1_57' title='bbox 223 645 251 695; x_wconf 70' lang='grc' dir='ltr'><strong><em>αἷς</em></strong></span> <span class='ocrx_word' id='word_1_58' title='bbox 260 652 301 688; x_wconf 74' lang='grc' dir='ltr'><strong><em>ταῖν</em></strong></span> <span class='ocrx_word' id='word_1_59' title='bbox 312 646 376 688; x_wconf 84' lang='grc' dir='ltr'><strong><em>άλλων</em></strong></span> <span class='ocrx_word' id='word_1_60' title='bbox 387 648 506 702; x_wconf 83' lang='grc' dir='ltr'><strong><em>λεγομένων,</em></strong></span> <span class='ocrx_word' id='word_1_61' title='bbox 520 648 555 688; x_wconf 84' lang='grc' dir='ltr'><strong><em>καί</em></strong></span> <span class='ocrx_word' id='word_1_62' title='bbox 566 644 592 700; x_wconf 73' lang='grc' dir='ltr'><strong><em>μη</em></strong></span> <span class='ocrx_word' id='word_1_63' title='bbox 603 644 677 698; x_wconf 66' lang='grc' dir='ltr'><strong><em>οόσοῑν,</em></strong></span> <span class='ocrx_word' id='word_1_64' title='bbox 692 645 754 701; x_wconf 72' lang='grc' dir='ltr'><strong><em>αὐτῆς</em></strong></span> <span class='ocrx_word' id='word_1_65' title='bbox 766 647 787 689; x_wconf 80' lang='grc' dir='ltr'><strong><em>δέ</em></strong></span> <span class='ocrx_word' id='word_1_66' title='bbox 797 649 865 700; x_wconf 79' lang='grc' dir='ltr'><strong><em>διττῆς</em></strong></span> <span class='ocrx_word' id='word_1_67' title='bbox 874 646 921 689; x_wconf 87' lang='grc' dir='ltr'><strong><em>ὀνο-</em></strong></span> 
     </span>
     <span class='ocr_line' id='line_1_8' title="bbox 135 712 920 770; baseline 0 -14"><span class='ocrx_word' id='word_1_68' title='bbox 135 715 252 769; x_wconf 77' lang='grc' dir='ltr'><strong><em>μαζομένης.</em></strong></span> <span class='ocrx_word' id='word_1_69' title='bbox 277 714 326 755; x_wconf 79' lang='grc' dir='ltr'><strong><em>Ἐπὶ</em></strong></span> <span class='ocrx_word' id='word_1_70' title='bbox 336 712 373 769; x_wconf 88' lang='grc' dir='ltr'><strong><em>γάρ</em></strong></span> <span class='ocrx_word' id='word_1_71' title='bbox 385 720 428 763; x_wconf 84' lang='grc' dir='ltr'><strong><em>ταῖς</em></strong></span> <span class='ocrx_word' id='word_1_72' title='bbox 439 712 506 762; x_wconf 80' lang='grc' dir='ltr'><strong><em>άλλαις</em></strong></span> <span class='ocrx_word' id='word_1_73' title='bbox 519 713 558 756; x_wconf 81' lang='grc' dir='ltr'><strong><em>οὐκ</em></strong></span> <span class='ocrx_word' id='word_1_74' title='bbox 568 712 634 765; x_wconf 80' lang='grc' dir='ltr'><strong><em>εἶπεν,</em></strong></span> <span class='ocrx_word' id='word_1_75' title='bbox 655 714 780 770; x_wconf 70' lang='grc' dir='ltr'><strong><em>ὀγδοήκοντά</em></strong></span> <span class='ocrx_word' id='word_1_76' title='bbox 795 717 832 757; x_wconf 86' lang='grc' dir='ltr'><strong><em>εἰσι</em></strong></span> <span class='ocrx_word' id='word_1_77' title='bbox 847 718 920 756; x_wconf 90' lang='grc' dir='ltr'><strong><em>παλλα-</em></strong></span> 
     </span>
     <span class='ocr_line' id='line_1_9' title="bbox 134 780 922 837; baseline 0 -13"><span class='ocrx_word' id='word_1_78' title='bbox 134 785 169 824; x_wconf 90' lang='grc' dir='ltr'><strong><em>καί</em></strong></span> <span class='ocrx_word' id='word_1_79' title='bbox 181 798 233 835; x_wconf 89' lang='grc' dir='ltr'><strong><em>μου,</em></strong></span> <span class='ocrx_word' id='word_1_80' title='bbox 255 780 304 823; x_wconf 85' lang='grc' dir='ltr'><strong><em>άλλά</em></strong></span> <span class='ocrx_word' id='word_1_81' title='bbox 320 787 363 830; x_wconf 86' lang='grc' dir='ltr'><strong><em>ταῖς</em></strong></span> <span class='ocrx_word' id='word_1_82' title='bbox 379 782 415 834; x_wconf 79' lang='grc' dir='ltr'><strong><em>μὲν</em></strong></span> <span class='ocrx_word' id='word_1_83' title='bbox 431 784 553 835; x_wconf 67' lang='grc' dir='ltr'><strong><em>βασιλίσσαις</em></strong></span> <span class='ocrx_word' id='word_1_84' title='bbox 568 780 602 823; x_wconf 85' lang='grc' dir='ltr'><strong><em>διά</em></strong></span> <span class='ocrx_word' id='word_1_85' title='bbox 617 787 652 836; x_wconf 76' lang='grc' dir='ltr'><strong><em>τῆς</em></strong></span> <span class='ocrx_word' id='word_1_86' title='bbox 666 781 749 833; x_wconf 78' lang='grc' dir='ltr'>ἐνδόξου</span> <span class='ocrx_word' id='word_1_87' title='bbox 761 782 871 837; x_wconf 80' lang='grc' dir='ltr'><strong><em>ὀνομασίας</em></strong></span> <span class='ocrx_word' id='word_1_88' title='bbox 885 780 922 836; x_wconf 77' lang='grc' dir='ltr'><strong><em>τὴν</em></strong></span> 
     </span>
     <span class='ocr_line' id='line_1_10' title="bbox 136 848 920 909; baseline -0.001 -16"><span class='ocrx_word' id='word_1_89' title='bbox 136 848 248 904; x_wconf 87' lang='grc' dir='ltr'><strong><em>συνάφειαν</em></strong></span> <span class='ocrx_word' id='word_1_90' title='bbox 257 853 293 904; x_wconf 79' lang='grc' dir='ltr'><strong><em>τῆς</em></strong></span> <span class='ocrx_word' id='word_1_91' title='bbox 302 854 361 905; x_wconf 79' lang='grc' dir='ltr'><strong><em>τιμῆς</em></strong></span> <span class='ocrx_word' id='word_1_92' title='bbox 370 848 485 904; x_wconf 88' lang='grc' dir='ltr'><strong><em>άπένειμεν·</em></strong></span> <span class='ocrx_word' id='word_1_93' title='bbox 501 850 534 893; x_wconf 84' lang='grc' dir='ltr'><strong><em>ἐπὶ</em></strong></span> <span class='ocrx_word' id='word_1_94' title='bbox 543 849 565 893; x_wconf 81' lang='grc' dir='ltr'><strong><em>δέ</em></strong></span> <span class='ocrx_word' id='word_1_95' title='bbox 573 855 617 900; x_wconf 83' lang='grc' dir='ltr'><strong><em>ταῖς</em></strong></span> <span class='ocrx_word' id='word_1_96' title='bbox 627 855 736 901; x_wconf 78' lang='grc' dir='ltr'><strong><em>παλλακαῖς</em></strong></span> <span class='ocrx_word' id='word_1_97' title='bbox 745 849 768 893; x_wconf 82' lang='grc' dir='ltr'><strong><em>τό</em></strong></span> <span class='ocrx_word' id='word_1_98' title='bbox 779 849 881 909; x_wconf 83' lang='grc' dir='ltr'><strong><em>άλλότριον</em></strong></span> <span class='ocrx_word' id='word_1_99' title='bbox 891 851 920 894; x_wconf 78' lang='grc' dir='ltr'><strong><em>τὲ-,</em></strong></span> 
     </span>
     <span class='ocr_line' id='line_1_11' title="bbox 135 914 922 975; baseline -0.001 -13"><span class='ocrx_word' id='word_1_100' title='bbox 135 924 180 962; x_wconf 83' lang='grc' dir='ltr'><strong><em>λεον</em></strong></span> <span class='ocrx_word' id='word_1_101' title='bbox 198 917 320 973; x_wconf 77' lang='grc' dir='ltr'><strong><em>άπεφήνατο.</em></strong></span> <span class='ocrx_word' id='word_1_102' title='bbox 346 914 385 961; x_wconf 81' lang='grc' dir='ltr'><strong><em>Ὧν</em></strong></span> <span class='ocrx_word' id='word_1_103' title='bbox 399 917 447 969; x_wconf 80' lang='grc' dir='ltr'><strong><em>τούς</em></strong></span> <span class='ocrx_word' id='word_1_104' title='bbox 464 917 566 975; x_wconf 82' lang='grc' dir='ltr'><strong><em>άριθμοός</em></strong></span> <span class='ocrx_word' id='word_1_105' title='bbox 582 921 610 968; x_wconf 86' lang='grc' dir='ltr'><strong><em>είς</em></strong></span> <span class='ocrx_word' id='word_1_106' title='bbox 626 918 690 973; x_wconf 84' lang='grc' dir='ltr'><strong><em>ίίνομα</em></strong></span> <span class='ocrx_word' id='word_1_107' title='bbox 705 919 851 974; x_wconf 87' lang='grc' dir='ltr'><strong><em>λαμβάνοντες,</em></strong></span> <span class='ocrx_word' id='word_1_108' title='bbox 871 917 922 962; x_wconf 85' lang='grc' dir='ltr'><strong><em>κατά</em></strong></span> 
     </span>
     <span class='ocr_line' id='line_1_12' title="bbox 136 986 922 1049; baseline 0.001 -19"><span class='ocrx_word' id='word_1_109' title='bbox 136 986 173 1042; x_wconf 76' lang='grc' dir='ltr'><strong><em>την</em></strong></span> <span class='ocrx_word' id='word_1_110' title='bbox 185 986 292 1044; x_wconf 78' lang='grc' dir='ltr'><strong><em>άναγωγην</em></strong></span> <span class='ocrx_word' id='word_1_111' title='bbox 309 992 345 1043; x_wconf 78' lang='grc' dir='ltr'><strong><em>τῆς</em></strong></span> <span class='ocrx_word' id='word_1_112' title='bbox 359 990 448 1044; x_wconf 87' lang='grc' dir='ltr'><strong><em>θεωρίας</em></strong></span> <span class='ocrx_word' id='word_1_113' title='bbox 460 986 609 1045; x_wconf 73' lang='grc' dir='ltr'><strong><em>ἐπεργάσασθαι</em></strong></span> <span class='ocrx_word' id='word_1_114' title='bbox 619 989 641 1031; x_wconf 84' lang='grc' dir='ltr'><strong><em>ἐν</em></strong></span> <span class='ocrx_word' id='word_1_115' title='bbox 653 993 679 1048; x_wconf 76' lang='grc' dir='ltr'><strong><em>τῷ</em></strong></span> <span class='ocrx_word' id='word_1_116' title='bbox 691 988 747 1049; x_wconf 76' lang='grc' dir='ltr'><strong><em>τόπῳ</em></strong></span> <span class='ocrx_word' id='word_1_117' title='bbox 759 987 922 1046; x_wconf 74' lang='grc' dir='ltr'><strong><em>ἀναγκαζόμεθα,</em></strong></span> 
     </span>
     <span class='ocr_line' id='line_1_13' title="bbox 137 1054 923 1118; baseline 0 -17"><span class='ocrx_word' id='word_1_118' title='bbox 137 1056 172 1101; x_wconf 84' lang='grc' dir='ltr'><strong><em>διά</em></strong></span> <span class='ocrx_word' id='word_1_119' title='bbox 181 1054 203 1101; x_wconf 87' lang='grc' dir='ltr'><strong><em>τό</em></strong></span> <span class='ocrx_word' id='word_1_120' title='bbox 210 1056 241 1113; x_wconf 67' lang='grc' dir='ltr'><strong><em>*μη</em></strong></span> <span class='ocrx_word' id='word_1_121' title='bbox 256 1054 395 1114; x_wconf 72' lang='grc' dir='ltr'><strong><em>ὑπερβαίνειν,</em></strong></span> <span class='ocrx_word' id='word_1_122' title='bbox 415 1056 447 1102; x_wconf 83' lang='grc' dir='ltr'><strong><em>ότι</em></strong></span> <span class='ocrx_word' id='word_1_123' title='bbox 458 1062 639 1116; x_wconf 79' lang='grc' dir='ltr'><strong><em>ψυχρολογοῦντες,</em></strong></span> <span class='ocrx_word' id='word_1_124' title='bbox 660 1056 700 1102; x_wconf 73' lang='grc' dir='ltr'><strong><em>ἄλλ’</em></strong></span> <span class='ocrx_word' id='word_1_125' title='bbox 715 1060 737 1102; x_wconf 83' lang='grc' dir='ltr'><strong><em>ἐν</em></strong></span> <span class='ocrx_word' id='word_1_126' title='bbox 751 1056 837 1118; x_wconf 79' lang='grc' dir='ltr'><strong><em>άληθείγι</em></strong></span> <span class='ocrx_word' id='word_1_127' title='bbox 850 1056 923 1116; x_wconf 79' lang='grc' dir='ltr'><strong><em>λόγους</em></strong></span> 
     </span>
     <span class='ocr_line' id='line_1_14' title="bbox 138 1125 922 1185; baseline 0.001 -15"><span class='ocrx_word' id='word_1_128' title='bbox 138 1126 172 1171; x_wconf 82' lang='grc' dir='ltr'><strong><em>διά</em></strong></span> <span class='ocrx_word' id='word_1_129' title='bbox 189 1132 230 1171; x_wconf 78' lang='grc' dir='ltr'><strong><em>τῶν</em></strong></span> <span class='ocrx_word' id='word_1_130' title='bbox 247 1127 353 1183; x_wconf 74' lang='grc' dir='ltr'><strong><em>άληθιναίυ</em></strong></span> <span class='ocrx_word' id='word_1_131' title='bbox 367 1132 452 1185; x_wconf 73' lang='grc' dir='ltr'><strong><em>γραφῶν</em></strong></span> <span class='ocrx_word' id='word_1_132' title='bbox 469 1134 514 1178; x_wconf 88' lang='grc' dir='ltr'><strong><em>ταῖς</em></strong></span> <span class='ocrx_word' id='word_1_133' title='bbox 529 1125 635 1182; x_wconf 88' lang='grc' dir='ltr'><strong><em>άληθιναῖς</em></strong></span> <span class='ocrx_word' id='word_1_134' title='bbox 648 1134 745 1185; x_wconf 75' lang='grc' dir='ltr'><strong><em>θεωρίαις</em></strong></span> <span class='ocrx_word' id='word_1_135' title='bbox 760 1126 922 1180; x_wconf 76' lang='grc' dir='ltr'><strong><em>ἀντεξετάζοντες.</em></strong></span> 
     </span>
     <span class='ocr_line' id='line_1_15' title="bbox 131 1194 923 1255; baseline -0.001 -15"><span class='ocrx_word' id='word_1_136' title='bbox 131 1196 179 1240; x_wconf 65' lang='grc' dir='ltr'><strong><em>’Ότι</em></strong></span> <span class='ocrx_word' id='word_1_137' title='bbox 195 1198 231 1252; x_wconf 83' lang='grc' dir='ltr'><strong><em>μέν</em></strong></span> <span class='ocrx_word' id='word_1_138' title='bbox 244 1196 282 1255; x_wconf 82' lang='grc' dir='ltr'><strong><em>γάρ</em></strong></span> <span class='ocrx_word' id='word_1_139' title='bbox 298 1198 333 1240; x_wconf 83' lang='grc' dir='ltr'><strong><em>καὶ</em></strong></span> <span class='ocrx_word' id='word_1_140' title='bbox 348 1194 460 1254; x_wconf 73' lang='grc' dir='ltr'><strong><em>ὁάριθμὸς</em></strong></span> <span class='ocrx_word' id='word_1_141' title='bbox 477 1199 611 1254; x_wconf 87' lang='grc' dir='ltr'><strong><em>γεγραμμένος</em></strong></span> <span class='ocrx_word' id='word_1_142' title='bbox 626 1195 759 1255; x_wconf 81' lang='grc' dir='ltr'><strong><em>άπαράβατός</em></strong></span> <span class='ocrx_word' id='word_1_143' title='bbox 774 1200 826 1242; x_wconf 79' lang='grc' dir='ltr'><strong><em>ἐστιν</em></strong></span> <span class='ocrx_word' id='word_1_144' title='bbox 839 1196 923 1253; x_wconf 80' lang='grc' dir='ltr'><strong><em>ἑκάστης</em></strong></span> 
     </span>
     <span class='ocr_line' id='line_1_16' title="bbox 137 1264 924 1325; baseline 0.001 -16"><span class='ocrx_word' id='word_1_145' title='bbox 137 1265 265 1319; x_wconf 71' lang='grc' dir='ltr'><strong><em>ὑποθέσεως,</em></strong></span> <span class='ocrx_word' id='word_1_146' title='bbox 285 1267 320 1309; x_wconf 85' lang='grc' dir='ltr'><strong><em>καὶ</em></strong></span> <span class='ocrx_word' id='word_1_147' title='bbox 334 1264 380 1309; x_wconf 81' lang='grc' dir='ltr'><strong><em>οθτε</em></strong></span> <span class='ocrx_word' id='word_1_148' title='bbox 391 1265 474 1309; x_wconf 76' lang='grc' dir='ltr'><strong><em>δύναται</em></strong></span> <span class='ocrx_word' id='word_1_149' title='bbox 488 1265 510 1310; x_wconf 86' lang='grc' dir='ltr'><strong><em>τό</em></strong></span> <span class='ocrx_word' id='word_1_150' title='bbox 522 1269 544 1310; x_wconf 85' lang='grc' dir='ltr'><strong><em>ἐν</em></strong></span> <span class='ocrx_word' id='word_1_151' title='bbox 554 1266 637 1325; x_wconf 75' lang='grc' dir='ltr'><strong><em>άριθμηῑ</em></strong></span> <span class='ocrx_word' id='word_1_152' title='bbox 650 1268 821 1324; x_wconf 86' lang='grc' dir='ltr'><strong><em>κατατεταγμένον</em></strong></span> <span class='ocrx_word' id='word_1_153' title='bbox 831 1266 895 1310; x_wconf 76' lang='grc' dir='ltr'><strong><em>ἕωλόν</em></strong></span> <span class='ocrx_word' id='word_1_154' title='bbox 905 1284 924 1310; x_wconf 93' lang='grc' dir='ltr'><strong><em>τι</em></strong></span> 
     </span>
     <span class='ocr_line' id='line_1_17' title="bbox 127 1333 923 1395; baseline 0 -17"><span class='ocrx_word' id='word_1_155' title='bbox 127 1333 199 1389; x_wconf 80' lang='grc' dir='ltr'><strong><em>εἶναι,</em></strong></span> <span class='ocrx_word' id='word_1_156' title='bbox 221 1334 266 1378; x_wconf 85' lang='grc' dir='ltr'><strong><em>οίίτε</em></strong></span> <span class='ocrx_word' id='word_1_157' title='bbox 278 1336 306 1385; x_wconf 87' lang='grc' dir='ltr'><strong><em>είς</em></strong></span> <span class='ocrx_word' id='word_1_158' title='bbox 318 1334 417 1391; x_wconf 83' lang='grc' dir='ltr'><strong><em>άργόιητα</em></strong></span> <span class='ocrx_word' id='word_1_159' title='bbox 428 1336 448 1378; x_wconf 89' lang='grc' dir='ltr'><strong><em>ἐν</em></strong></span> <span class='ocrx_word' id='word_1_160' title='bbox 459 1340 483 1394; x_wconf 76' lang='grc' dir='ltr'><strong><em>τῇ</em></strong></span> <span class='ocrx_word' id='word_1_161' title='bbox 499 1341 567 1395; x_wconf 78' lang='grc' dir='ltr'><strong><em>γραφῇ</em></strong></span> <span class='ocrx_word' id='word_1_162' title='bbox 584 1337 738 1391; x_wconf 82' lang='grc' dir='ltr'><strong><em>ἐπιμετρεῖσθαι.</em></strong></span> <span class='ocrx_word' id='word_1_163' title='bbox 769 1338 885 1379; x_wconf 88' lang='grc' dir='ltr'><strong><em>Βασίλισσαι</em></strong></span> <span class='ocrx_word' id='word_1_164' title='bbox 900 1336 923 1378; x_wconf 88' lang='grc' dir='ltr'><strong><em>δέ</em></strong></span> 
     </span>
     <span class='ocr_line' id='line_1_18' title="bbox 138 1402 923 1461; baseline 0 -14"><span class='ocrx_word' id='word_1_165' title='bbox 138 1406 188 1447; x_wconf 80' lang='grc' dir='ltr'><strong><em>εἰσιν</em></strong></span> <span class='ocrx_word' id='word_1_166' title='bbox 204 1406 227 1446; x_wconf 88' lang='grc' dir='ltr'><strong><em>αἱ</em></strong></span> <span class='ocrx_word' id='word_1_167' title='bbox 242 1402 282 1458; x_wconf 80' lang='grc' dir='ltr'><strong><em>ἤδη</em></strong></span> <span class='ocrx_word' id='word_1_168' title='bbox 293 1403 391 1460; x_wconf 86' lang='grc' dir='ltr'><strong><em>πρότερον</em></strong></span> <span class='ocrx_word' id='word_1_169' title='bbox 407 1405 435 1453; x_wconf 85' lang='grc' dir='ltr'><strong><em>είς</em></strong></span> <span class='ocrx_word' id='word_1_170' title='bbox 446 1407 573 1461; x_wconf 77' lang='grc' dir='ltr'><strong><em>γενεαλογίαν</em></strong></span> <span class='ocrx_word' id='word_1_171' title='bbox 589 1404 729 1460; x_wconf 76' lang='grc' dir='ltr'><strong><em>ὠνομασμέναι</em></strong></span> <span class='ocrx_word' id='word_1_172' title='bbox 741 1406 811 1459; x_wconf 82' lang='grc' dir='ltr'><strong><em>ψυχαί.</em></strong></span> <span class='ocrx_word' id='word_1_173' title='bbox 838 1402 875 1455; x_wconf 85' lang='grc' dir='ltr'><strong><em>Ὡς</em></strong></span> <span class='ocrx_word' id='word_1_174' title='bbox 886 1403 923 1461; x_wconf 88' lang='grc' dir='ltr'><strong><em>γάρ</em></strong></span> 
     </span>
     <span class='ocr_line' id='line_1_19' title="bbox 140 1471 924 1529; baseline 0 -13"><span class='ocrx_word' id='word_1_175' title='bbox 140 1477 219 1529; x_wconf 84' lang='grc' dir='ltr'><strong><em>βασιλεῖ</em></strong></span> <span class='ocrx_word' id='word_1_176' title='bbox 234 1474 353 1516; x_wconf 73' lang='grc' dir='ltr'><strong><em>συνέπονται</em></strong></span> <span class='ocrx_word' id='word_1_177' title='bbox 370 1471 440 1527; x_wconf 79' lang='grc' dir='ltr'><strong><em>πλήθη</em></strong></span> <span class='ocrx_word' id='word_1_178' title='bbox 457 1471 530 1526; x_wconf 82' lang='grc' dir='ltr'><strong><em>πολλά,</em></strong></span> <span class='ocrx_word' id='word_1_179' title='bbox 549 1478 587 1516; x_wconf 82' lang='grc' dir='ltr'><strong><em>τοῦ</em></strong></span> <span class='ocrx_word' id='word_1_180' title='bbox 604 1475 626 1517; x_wconf 81' lang='grc' dir='ltr'><strong><em>δέ</em></strong></span> <span class='ocrx_word' id='word_1_181' title='bbox 641 1475 738 1529; x_wconf 82' lang='grc' dir='ltr'><strong><em>βασιλέως</em></strong></span> <span class='ocrx_word' id='word_1_182' title='bbox 753 1477 842 1527; x_wconf 80' lang='grc' dir='ltr'><strong><em>κεφαλῆς</em></strong></span> <span class='ocrx_word' id='word_1_183' title='bbox 855 1471 924 1527; x_wconf 83' lang='grc' dir='ltr'><strong><em>οίίσης,</em></strong></span> 
     </span>
     <span class='ocr_line' id='line_1_20' title="bbox 140 1539 924 1599; baseline -0.003 -13"><span class='ocrx_word' id='word_1_184' title='bbox 140 1542 206 1599; x_wconf 81' lang='grc' dir='ltr'><strong><em>ἆίςπερ</em></strong></span> <span class='ocrx_word' id='word_1_185' title='bbox 217 1543 251 1586; x_wconf 84' lang='grc' dir='ltr'><strong><em>ἐπὶ</em></strong></span> <span class='ocrx_word' id='word_1_186' title='bbox 262 1540 354 1596; x_wconf 74' lang='grc' dir='ltr'><strong><em>σώματος</em></strong></span> <span class='ocrx_word' id='word_1_187' title='bbox 369 1546 447 1585; x_wconf 81' lang='grc' dir='ltr'><strong><em>πολλῶν</em></strong></span> <span class='ocrx_word' id='word_1_188' title='bbox 459 1547 521 1596; x_wconf 79' lang='grc' dir='ltr'><strong><em>μελῶν</em></strong></span> <span class='ocrx_word' id='word_1_189' title='bbox 534 1540 608 1594; x_wconf 80' lang='grc' dir='ltr'><strong><em>όντων,</em></strong></span> <span class='ocrx_word' id='word_1_190' title='bbox 630 1541 671 1585; x_wconf 85' lang='grc' dir='ltr'><strong><em>άτιὸ</em></strong></span> <span class='ocrx_word' id='word_1_191' title='bbox 682 1547 719 1597; x_wconf 71' lang='grc' dir='ltr'><strong><em>τῆς</em></strong></span> <span class='ocrx_word' id='word_1_192' title='bbox 730 1546 819 1596; x_wconf 82' lang='grc' dir='ltr'><strong><em>κεφαλῆς</em></strong></span> <span class='ocrx_word' id='word_1_193' title='bbox 830 1539 842 1584; x_wconf 85' lang='grc' dir='ltr'><strong><em>ό</em></strong></span> <span class='ocrx_word' id='word_1_194' title='bbox 853 1539 881 1592; x_wconf 85' lang='grc' dir='ltr'><strong><em>εἷς</em></strong></span> <span class='ocrx_word' id='word_1_195' title='bbox 891 1540 924 1584; x_wconf 83' lang='grc' dir='ltr'><strong><em>όίν-</em></strong></span> 
     </span>
     <span class='ocr_line' id='line_1_21' title="bbox 50 1609 926 1668; baseline -0.002 -12"><span class='ocrx_word' id='word_1_196' title='bbox 50 1619 134 1657; x_wconf 61' lang='grc' dir='ltr'><strong><em>νεα-1081·</em></strong></span> <span class='ocrx_word' id='word_1_197' title='bbox 143 1619 229 1668; x_wconf 87' lang='grc' dir='ltr'><strong><em>θρωπος</em></strong></span> <span class='ocrx_word' id='word_1_198' title='bbox 241 1610 415 1668; x_wconf 78' lang='grc' dir='ltr'><strong><em>άριθμηθήοεται,</em></strong></span> <span class='ocrx_word' id='word_1_199' title='bbox 437 1609 501 1660; x_wconf 70' lang='grc' dir='ltr'><strong><em>οὕτως</em></strong></span> <span class='ocrx_word' id='word_1_200' title='bbox 513 1609 554 1654; x_wconf 84' lang='grc' dir='ltr'><strong><em>άτιδ</em></strong></span> <span class='ocrx_word' id='word_1_201' title='bbox 566 1615 602 1660; x_wconf 81' lang='grc' dir='ltr'><strong><em>τοῦ</em></strong></span> <span class='ocrx_word' id='word_1_202' title='bbox 617 1609 663 1661; x_wconf 80' lang='grc' dir='ltr'><strong><em>ἕνδς</em></strong></span> <span class='ocrx_word' id='word_1_203' title='bbox 674 1611 771 1665; x_wconf 87' lang='grc' dir='ltr'><strong><em>βασιλέως</em></strong></span> <span class='ocrx_word' id='word_1_204' title='bbox 785 1609 808 1655; x_wconf 89' lang='grc' dir='ltr'><strong><em>τό</em></strong></span> <span class='ocrx_word' id='word_1_205' title='bbox 822 1615 863 1654; x_wconf 80' lang='grc' dir='ltr'><strong><em>πάν</em></strong></span> <span class='ocrx_word' id='word_1_206' title='bbox 877 1614 926 1666; x_wconf 75' lang='grc' dir='ltr'><strong><em>πλη-</em></strong></span> 
     </span>
     <span class='ocr_line' id='line_1_22' title="bbox 142 1678 736 1736; baseline -0.003 -12"><span class='ocrx_word' id='word_1_207' title='bbox 142 1688 194 1734; x_wconf 88' lang='grc' dir='ltr'><strong><em>θος,</em></strong></span> <span class='ocrx_word' id='word_1_208' title='bbox 209 1679 231 1723; x_wconf 87' lang='grc' dir='ltr'><strong><em>τό</em></strong></span> <span class='ocrx_word' id='word_1_209' title='bbox 246 1678 287 1722; x_wconf 78' lang='grc' dir='ltr'><strong><em>θπό</em></strong></span> <span class='ocrx_word' id='word_1_210' title='bbox 303 1679 338 1722; x_wconf 85' lang='grc' dir='ltr'><strong><em>τόν</em></strong></span> <span class='ocrx_word' id='word_1_211' title='bbox 352 1681 444 1734; x_wconf 79' lang='grc' dir='ltr'><strong><em>βασιλέα,</em></strong></span> <span class='ocrx_word' id='word_1_212' title='bbox 460 1681 488 1729; x_wconf 86' lang='grc' dir='ltr'><strong><em>είς</em></strong></span> <span class='ocrx_word' id='word_1_213' title='bbox 503 1680 539 1722; x_wconf 79' lang='grc' dir='ltr'><strong><em>ἕνα</em></strong></span> <span class='ocrx_word' id='word_1_214' title='bbox 553 1678 736 1736; x_wconf 82' lang='grc' dir='ltr'><strong><em>άναλογισθήσεται.</em></strong></span> 
     </span>
    </p>
   </div>
   <div class='ocr_carea' id='block_1_3' title="bbox 47 1884 929 2556">
    <p class='ocr_par' dir='ltr' id='par_1_3' title="bbox 47 1884 929 2556">
     <span class='ocr_line' id='line_1_23' title="bbox 47 1884 927 1944; baseline 0.001 -17"><span class='ocrx_word' id='word_1_215' title='bbox 47 1896 93 1941; x_wconf 74' lang='grc' dir='ltr'><strong><em>Κεφ,</em></strong></span> <span class='ocrx_word' id='word_1_216' title='bbox 103 1895 124 1933; x_wconf 75' lang='grc' dir='ltr'><strong><em>δ’.</em></strong></span> <span class='ocrx_word' id='word_1_217' title='bbox 201 1888 308 1928; x_wconf 88' lang='grc' dir='ltr'><strong><em>Βασίλισσα</em></strong></span> <span class='ocrx_word' id='word_1_218' title='bbox 320 1888 389 1928; x_wconf 87' lang='grc' dir='ltr'><strong><em>τοίνυν</em></strong></span> <span class='ocrx_word' id='word_1_219' title='bbox 400 1884 414 1939; x_wconf 79' lang='grc' dir='ltr'><em>ἡ</em></span> <span class='ocrx_word' id='word_1_220' title='bbox 424 1884 480 1941; x_wconf 83' lang='grc' dir='ltr'><strong><em>γενεά</em></strong></span> <span class='ocrx_word' id='word_1_221' title='bbox 491 1886 513 1928; x_wconf 87' lang='grc' dir='ltr'><strong><em>ἐν</em></strong></span> <span class='ocrx_word' id='word_1_222' title='bbox 526 1889 607 1944; x_wconf 75' lang='grc' dir='ltr'><strong><em>Χριστῷ</em></strong></span> <span class='ocrx_word' id='word_1_223' title='bbox 617 1886 718 1939; x_wconf 84' lang='grc' dir='ltr'><strong><em>κέκληται·</em></strong></span> <span class='ocrx_word' id='word_1_224' title='bbox 734 1885 759 1928; x_wconf 77' lang='grc' dir='ltr'><strong><em>οὗ</em></strong></span> <span class='ocrx_word' id='word_1_225' title='bbox 770 1890 807 1939; x_wconf 82' lang='grc' dir='ltr'><strong><em>τῆς</em></strong></span> <span class='ocrx_word' id='word_1_226' title='bbox 817 1884 884 1940; x_wconf 87' lang='grc' dir='ltr'><strong><em>πάσης</em></strong></span> <span class='ocrx_word' id='word_1_227' title='bbox 894 1901 927 1941; x_wconf 88' lang='grc' dir='ltr'><strong><em>γε-</em></strong></span> 
     </span>
     <span class='ocr_line' id='line_1_24' title="bbox 141 1951 927 2010; baseline 0.001 -14"><span class='ocrx_word' id='word_1_228' title='bbox 141 1957 188 2003; x_wconf 80' lang='grc' dir='ltr'><strong><em>νεάς</em></strong></span> <span class='ocrx_word' id='word_1_229' title='bbox 201 1953 356 2008; x_wconf 85' lang='grc' dir='ltr'><strong><em>βασιλευσάσης,</em></strong></span> <span class='ocrx_word' id='word_1_230' title='bbox 372 1952 421 1995; x_wconf 76' lang='grc' dir='ltr'><strong><em>ἄλλά</em></strong></span> <span class='ocrx_word' id='word_1_231' title='bbox 434 1958 469 2007; x_wconf 76' lang='grc' dir='ltr'><strong><em>τῆς</em></strong></span> <span class='ocrx_word' id='word_1_232' title='bbox 479 1958 526 2007; x_wconf 85' lang='grc' dir='ltr'><strong><em>μιάς</em></strong></span> <span class='ocrx_word' id='word_1_233' title='bbox 539 1957 575 2008; x_wconf 82' lang='grc' dir='ltr'><strong><em>της</em></strong></span> <span class='ocrx_word' id='word_1_234' title='bbox 585 1953 706 2010; x_wconf 82' lang='grc' dir='ltr'><strong><em>ἐπιγνοιίσης</em></strong></span> <span class='ocrx_word' id='word_1_235' title='bbox 714 1952 751 1997; x_wconf 81' lang='grc' dir='ltr'><strong><em>τόν</em></strong></span> <span class='ocrx_word' id='word_1_236' title='bbox 761 1952 833 2010; x_wconf 82' lang='grc' dir='ltr'><strong><em>κόριον</em></strong></span> <span class='ocrx_word' id='word_1_237' title='bbox 844 1952 869 1996; x_wconf 83' lang='grc' dir='ltr'><strong><em>δι’</em></strong></span> <span class='ocrx_word' id='word_1_238' title='bbox 882 1951 927 1997; x_wconf 83' lang='grc' dir='ltr'><strong><em>ὀνα-</em></strong></span> 
     </span>
     <span class='ocr_line' id='line_1_25' title="bbox 142 2020 927 2077; baseline -0.001 -13"><span class='ocrx_word' id='word_1_239' title='bbox 142 2025 215 2076; x_wconf 87' lang='grc' dir='ltr'><strong><em>μασίας</em></strong></span> <span class='ocrx_word' id='word_1_240' title='bbox 224 2026 260 2064; x_wconf 83' lang='grc' dir='ltr'><strong><em>τοῦ</em></strong></span> <span class='ocrx_word' id='word_1_241' title='bbox 271 2021 347 2077; x_wconf 85' lang='grc' dir='ltr'><strong><em>άνδρός</em></strong></span> <span class='ocrx_word' id='word_1_242' title='bbox 361 2024 428 2068; x_wconf 63' lang='grc' dir='ltr'><strong><em>Ιαίτία</em></strong></span> <span class='ocrx_word' id='word_1_243' title='bbox 438 2021 461 2064; x_wconf 86' lang='grc' dir='ltr'><strong><em>τό</em></strong></span> <span class='ocrx_word' id='word_1_244' title='bbox 474 2020 577 2075; x_wconf 86' lang='grc' dir='ltr'><strong><em>βασιλικόν</em></strong></span> <span class='ocrx_word' id='word_1_245' title='bbox 587 2022 666 2075; x_wconf 78' lang='grc' dir='ltr'><strong><em>άξίωμα</em></strong></span> <span class='ocrx_word' id='word_1_246' title='bbox 675 2023 712 2064; x_wconf 84' lang='grc' dir='ltr'><strong><em>καὶ</em></strong></span> <span class='ocrx_word' id='word_1_247' title='bbox 724 2022 779 2073; x_wconf 83' lang='grc' dir='ltr'><strong><em>τάξιν</em></strong></span> <span class='ocrx_word' id='word_1_248' title='bbox 789 2022 927 2077; x_wconf 54' lang='grc' dir='ltr'><strong><em>θφερομένης,</em></strong></span> 
     </span>
     <span class='ocr_line' id='line_1_26' title="bbox 142 2087 928 2145; baseline -0.001 -13"><span class='ocrx_word' id='word_1_249' title='bbox 142 2087 170 2139; x_wconf 77' lang='grc' dir='ltr'><strong><em>τός</em></strong></span> <span class='ocrx_word' id='word_1_250' title='bbox 180 2087 224 2132; x_wconf 88' lang='grc' dir='ltr'><strong><em>οἷον</em></strong></span> <span class='ocrx_word' id='word_1_251' title='bbox 235 2091 307 2142; x_wconf 82' lang='grc' dir='ltr'><strong><em>εἰπεῖν,</em></strong></span> <span class='ocrx_word' id='word_1_252' title='bbox 320 2088 387 2143; x_wconf 80' lang='grc' dir='ltr'><strong><em>Ἀδάμ</em></strong></span> <span class='ocrx_word' id='word_1_253' title='bbox 396 2090 432 2131; x_wconf 86' lang='grc' dir='ltr'><strong><em>καλ</em></strong></span> <span class='ocrx_word' id='word_1_254' title='bbox 442 2093 497 2132; x_wconf 80' lang='grc' dir='ltr'><strong><em>πάσα</em></strong></span> <span class='ocrx_word' id='word_1_255' title='bbox 508 2089 573 2132; x_wconf 77' lang='grc' dir='ltr'><strong><em>αὐτοῦ</em></strong></span> <span class='ocrx_word' id='word_1_256' title='bbox 584 2088 647 2145; x_wconf 82' lang='grc' dir='ltr'><strong><em>γενεά,</em></strong></span> <span class='ocrx_word' id='word_1_257' title='bbox 663 2092 767 2144; x_wconf 89' lang='grc' dir='ltr'><strong><em>βασίλισσα</em></strong></span> <span class='ocrx_word' id='word_1_258' title='bbox 778 2088 828 2142; x_wconf 70' lang='grc' dir='ltr'><strong><em>αὕτη</em></strong></span> <span class='ocrx_word' id='word_1_259' title='bbox 840 2088 928 2144; x_wconf 87' lang='grc' dir='ltr'><strong><em>άριθμη-</em></strong></span> 
     </span>
     <span class='ocr_line' id='line_1_27' title="bbox 141 2154 928 2213; baseline 0 -15"><span class='ocrx_word' id='word_1_260' title='bbox 141 2157 237 2211; x_wconf 81' lang='grc' dir='ltr'><strong><em>θήσεται,</em></strong></span> <span class='ocrx_word' id='word_1_261' title='bbox 259 2155 273 2210; x_wconf 77' lang='grc' dir='ltr'><strong><em>η’</em></strong></span> <span class='ocrx_word' id='word_1_262' title='bbox 290 2174 311 2198; x_wconf 88' lang='grc' dir='ltr'><strong><em>τε</em></strong></span> <span class='ocrx_word' id='word_1_263' title='bbox 326 2155 389 2199; x_wconf 76' lang='grc' dir='ltr'><strong><em>αὐτοῦ</em></strong></span> <span class='ocrx_word' id='word_1_264' title='bbox 406 2155 458 2212; x_wconf 78' lang='grc' dir='ltr'><strong><em>άργη</em></strong></span> <span class='ocrx_word' id='word_1_265' title='bbox 472 2157 506 2198; x_wconf 85' lang='grc' dir='ltr'><strong><em>καὶ</em></strong></span> <span class='ocrx_word' id='word_1_266' title='bbox 519 2155 534 2210; x_wconf 71' lang='grc' dir='ltr'><em>ἦ</em></span> <span class='ocrx_word' id='word_1_267' title='bbox 546 2159 666 2213; x_wconf 83' lang='grc' dir='ltr'><strong><em>πατριαργία</em></strong></span> <span class='ocrx_word' id='word_1_268' title='bbox 676 2156 817 2211; x_wconf 77' lang='grc' dir='ltr'><strong><em>βασιλεύσασαι</em></strong></span> <span class='ocrx_word' id='word_1_269' title='bbox 829 2154 928 2210; x_wconf 74' lang='grc' dir='ltr'><strong><em>μετοίκων</em></strong></span> 
     </span>
     <span class='ocr_line' id='line_1_28' title="bbox 142 2222 928 2280; baseline -0.001 -14"><span class='ocrx_word' id='word_1_270' title='bbox 142 2223 182 2278; x_wconf 83' lang='grc' dir='ltr'><strong><em>μετ’</em></strong></span> <span class='ocrx_word' id='word_1_271' title='bbox 200 2222 265 2266; x_wconf 75' lang='grc' dir='ltr'><strong><em>αὐτοῦ</em></strong></span> <span class='ocrx_word' id='word_1_272' title='bbox 281 2223 315 2266; x_wconf 83' lang='grc' dir='ltr'><strong><em>διά</em></strong></span> <span class='ocrx_word' id='word_1_273' title='bbox 329 2224 365 2279; x_wconf 79' lang='grc' dir='ltr'><strong><em>τήν</em></strong></span> <span class='ocrx_word' id='word_1_274' title='bbox 378 2223 429 2280; x_wconf 86' lang='grc' dir='ltr'><strong><em>πρός</em></strong></span> <span class='ocrx_word' id='word_1_275' title='bbox 438 2223 474 2266; x_wconf 84' lang='grc' dir='ltr'><strong><em>τόν</em></strong></span> <span class='ocrx_word' id='word_1_276' title='bbox 485 2222 535 2266; x_wconf 85' lang='grc' dir='ltr'><strong><em>θεόν</em></strong></span> <span class='ocrx_word' id='word_1_277' title='bbox 548 2228 622 2280; x_wconf 82' lang='grc' dir='ltr'><strong><em>γνῶσιν</em></strong></span> <span class='ocrx_word' id='word_1_278' title='bbox 632 2226 667 2266; x_wconf 86' lang='grc' dir='ltr'><strong><em>καλ</em></strong></span> <span class='ocrx_word' id='word_1_279' title='bbox 680 2224 706 2278; x_wconf 72' lang='grc' dir='ltr'><strong><em>ἣν</em></strong></span> <span class='ocrx_word' id='word_1_280' title='bbox 716 2226 836 2278; x_wconf 81' lang='grc' dir='ltr'><strong><em>κατηξίωται</em></strong></span> <span class='ocrx_word' id='word_1_281' title='bbox 845 2223 928 2280; x_wconf 74' lang='grc' dir='ltr'><strong><em>πρωτην</em></strong></span> 
     </span>
     <span class='ocr_line' id='line_1_29' title="bbox 141 2289 929 2348; baseline 0.001 -15"><span class='ocrx_word' id='word_1_282' title='bbox 141 2290 213 2335; x_wconf 81' lang='grc' dir='ltr'><strong><em>πλάσιν</em></strong></span> <span class='ocrx_word' id='word_1_283' title='bbox 225 2296 353 2347; x_wconf 80' lang='grc' dir='ltr'><strong><em>πλασθῆναι,</em></strong></span> <span class='ocrx_word' id='word_1_284' title='bbox 374 2293 408 2334; x_wconf 86' lang='grc' dir='ltr'><strong><em>καὶ</em></strong></span> <span class='ocrx_word' id='word_1_285' title='bbox 426 2290 454 2341; x_wconf 79' lang='grc' dir='ltr'><strong><em>τίς</em></strong></span> <span class='ocrx_word' id='word_1_286' title='bbox 464 2290 571 2346; x_wconf 87' lang='grc' dir='ltr'><strong><em>μετάνοιαν</em></strong></span> <span class='ocrx_word' id='word_1_287' title='bbox 587 2295 669 2348; x_wconf 81' lang='grc' dir='ltr'><strong><em>πρῶτος</em></strong></span> <span class='ocrx_word' id='word_1_288' title='bbox 684 2292 803 2344; x_wconf 81' lang='grc' dir='ltr'><strong><em>ἐνεδείξατο,</em></strong></span> <span class='ocrx_word' id='word_1_289' title='bbox 825 2290 852 2343; x_wconf 76' lang='grc' dir='ltr'><strong><em>τίς</em></strong></span> <span class='ocrx_word' id='word_1_290' title='bbox 864 2289 929 2347; x_wconf 72' lang='grc' dir='ltr'><strong><em>ἔχειὴ</em></strong></span> 
     </span>
     <span class='ocr_line' id='line_1_30' title="bbox 142 2358 926 2416; baseline 0 -13"><span class='ocrx_word' id='word_1_291' title='bbox 142 2359 260 2404; x_wconf 86' lang='grc' dir='ltr'><strong><em>άκολουθία.</em></strong></span> <span class='ocrx_word' id='word_1_292' title='bbox 290 2358 343 2403; x_wconf 75' lang='grc' dir='ltr'><strong><em>Εἶτα</em></strong></span> <span class='ocrx_word' id='word_1_293' title='bbox 354 2360 403 2415; x_wconf 82' lang='grc' dir='ltr'><strong><em>μετά</em></strong></span> <span class='ocrx_word' id='word_1_294' title='bbox 416 2364 488 2404; x_wconf 79' lang='grc' dir='ltr'><strong><em>τοῦτον</em></strong></span> <span class='ocrx_word' id='word_1_295' title='bbox 499 2359 558 2415; x_wconf 75' lang='grc' dir='ltr'><strong><em>Σὴθ,</em></strong></span> <span class='ocrx_word' id='word_1_296' title='bbox 578 2361 613 2403; x_wconf 85' lang='grc' dir='ltr'><strong><em>καὶ</em></strong></span> <span class='ocrx_word' id='word_1_297' title='bbox 624 2358 638 2415; x_wconf 74' lang='grc' dir='ltr'><strong><em>η</em></strong></span> <span class='ocrx_word' id='word_1_298' title='bbox 648 2364 702 2403; x_wconf 81' lang='grc' dir='ltr'><strong><em>πάσα</em></strong></span> <span class='ocrx_word' id='word_1_299' title='bbox 717 2359 757 2415; x_wconf 84' lang='grc' dir='ltr'><strong><em>μετ’</em></strong></span> <span class='ocrx_word' id='word_1_300' title='bbox 771 2361 836 2404; x_wconf 79' lang='grc' dir='ltr'><strong><em>αὐτοῦ</em></strong></span> <span class='ocrx_word' id='word_1_301' title='bbox 846 2360 926 2416; x_wconf 84' lang='grc' dir='ltr'><strong><em>άνθρω-</em></strong></span> 
     </span>
     <span class='ocr_line' id='line_1_31' title="bbox 141 2427 928 2486; baseline 0 -14"><span class='ocrx_word' id='word_1_302' title='bbox 141 2428 216 2484; x_wconf 88' lang='grc' dir='ltr'><strong><em>πότης,</em></strong></span> <span class='ocrx_word' id='word_1_303' title='bbox 232 2429 351 2482; x_wconf 80' lang='grc' dir='ltr'><strong><em>καὶἘναίς,</em></strong></span> <span class='ocrx_word' id='word_1_304' title='bbox 366 2432 401 2473; x_wconf 87' lang='grc' dir='ltr'><strong><em>καί</em></strong></span> <span class='ocrx_word' id='word_1_305' title='bbox 411 2433 498 2481; x_wconf 78' lang='grc' dir='ltr'><strong><em>Καϊνᾶν,</em></strong></span> <span class='ocrx_word' id='word_1_306' title='bbox 512 2430 546 2472; x_wconf 85' lang='grc' dir='ltr'><strong><em>καλ</em></strong></span> <span class='ocrx_word' id='word_1_307' title='bbox 560 2427 671 2484; x_wconf 70' lang='grc' dir='ltr'><strong><em>Μαλελεήλ,</em></strong></span> <span class='ocrx_word' id='word_1_308' title='bbox 685 2428 797 2486; x_wconf 82' lang='grc' dir='ltr'><strong><em>καλἸάρεδ,</em></strong></span> <span class='ocrx_word' id='word_1_309' title='bbox 812 2430 847 2473; x_wconf 83' lang='grc' dir='ltr'><strong><em>καί</em></strong></span> <span class='ocrx_word' id='word_1_310' title='bbox 857 2427 928 2485; x_wconf 80' lang='grc' dir='ltr'><strong><em>Ένοίχ,</em></strong></span> 
     </span>
     <span class='ocr_line' id='line_1_32' title="bbox 141 2496 926 2556; baseline 0 -14"><span class='ocrx_word' id='word_1_311' title='bbox 141 2500 177 2543; x_wconf 83' lang='grc' dir='ltr'><strong><em>καί</em></strong></span> <span class='ocrx_word' id='word_1_312' title='bbox 188 2499 331 2552; x_wconf 86' lang='grc' dir='ltr'><strong><em>Μαθουσάλα,</em></strong></span> <span class='ocrx_word' id='word_1_313' title='bbox 347 2501 381 2543; x_wconf 82' lang='grc' dir='ltr'><strong><em>καί</em></strong></span> <span class='ocrx_word' id='word_1_314' title='bbox 392 2499 469 2555; x_wconf 81' lang='grc' dir='ltr'><strong><em>Λαμέγ,</em></strong></span> <span class='ocrx_word' id='word_1_315' title='bbox 484 2499 519 2542; x_wconf 85' lang='grc' dir='ltr'><strong><em>καί</em></strong></span> <span class='ocrx_word' id='word_1_316' title='bbox 532 2503 588 2543; x_wconf 81' lang='grc' dir='ltr'><strong><em>Νῶε·</em></strong></span> <span class='ocrx_word' id='word_1_317' title='bbox 603 2497 679 2543; x_wconf 78' lang='grc' dir='ltr'><strong><em>τούτων</em></strong></span> <span class='ocrx_word' id='word_1_318' title='bbox 691 2503 732 2543; x_wconf 80' lang='grc' dir='ltr'><strong><em>τῶν</em></strong></span> <span class='ocrx_word' id='word_1_319' title='bbox 743 2496 807 2556; x_wconf 85' lang='grc' dir='ltr'><strong><em>άγίων</em></strong></span> <span class='ocrx_word' id='word_1_320' title='bbox 817 2504 858 2543; x_wconf 77' lang='grc' dir='ltr'><strong><em>τῶν</em></strong></span> <span class='ocrx_word' id='word_1_321' title='bbox 868 2516 926 2543; x_wconf 92' lang='grc' dir='ltr'><strong><em>κατα·</em></strong></span> 
     </span>
    </p>
   </div>
   <div class='ocr_carea' id='block_1_4' title="bbox 142 2564 929 2628">
    <p class='ocr_par' dir='ltr' id='par_1_4' title="bbox 142 2564 929 2628">
     <span class='ocr_line' id='line_1_33' title="bbox 142 2564 929 2628; baseline 0 -16"><span class='ocrx_word' id='word_1_322' title='bbox 142 2568 230 2626; x_wconf 77' lang='grc' dir='ltr'><strong><em>λογάδην</em></strong></span> <span class='ocrx_word' id='word_1_323' title='bbox 245 2571 266 2613; x_wconf 88' lang='grc' dir='ltr'><strong><em>ἐν</em></strong></span> <span class='ocrx_word' id='word_1_324' title='bbox 285 2568 368 2628; x_wconf 77' lang='grc' dir='ltr'><strong><em>άριθμῷ</em></strong></span> <span class='ocrx_word' id='word_1_325' title='bbox 384 2567 435 2613; x_wconf 89' lang='grc' dir='ltr'><strong><em>κατά</em></strong></span> <span class='ocrx_word' id='word_1_326' title='bbox 453 2567 522 2626; x_wconf 87' lang='grc' dir='ltr'><strong><em>γενεάν</em></strong></span> <span class='ocrx_word' id='word_1_327' title='bbox 540 2569 746 2626; x_wconf 79' lang='grc' dir='ltr'><strong><em>καταριθμηθέντων,</em></strong></span> <span class='ocrx_word' id='word_1_328' title='bbox 767 2564 797 2613; x_wconf 72' lang='grc' dir='ltr'><strong><em>ὧν</em></strong></span> <span class='ocrx_word' id='word_1_329' title='bbox 812 2567 824 2613; x_wconf 80' lang='grc' dir='ltr'><strong><em>ό</em></strong></span> <span class='ocrx_word' id='word_1_330' title='bbox 839 2567 929 2625; x_wconf 73' lang='grc' dir='ltr'><strong><em>ἀριθμός</em></strong></span> 
     </span>
    </p>
   </div>
   <div class='ocr_carea' id='block_1_5' title="bbox 143 2637 929 3030">
    <p class='ocr_par' dir='ltr' id='par_1_5' title="bbox 143 2637 929 3030">
     <span class='ocr_line' id='line_1_34' title="bbox 143 2637 928 2697; baseline 0 -16"><span class='ocrx_word' id='word_1_331' title='bbox 143 2637 199 2695; x_wconf 85' lang='grc' dir='ltr'><strong><em>παρά</em></strong></span> <span class='ocrx_word' id='word_1_332' title='bbox 208 2642 313 2697; x_wconf 80' lang='grc' dir='ltr'><strong><em>Ματθαίῳ</em></strong></span> <span class='ocrx_word' id='word_1_333' title='bbox 324 2642 429 2683; x_wconf 79' lang='grc' dir='ltr'><strong><em>δείκνυται.</em></strong></span> <span class='ocrx_word' id='word_1_334' title='bbox 458 2637 565 2693; x_wconf 79' lang='grc' dir='ltr'><strong><em>Ἑξήκοντα</em></strong></span> <span class='ocrx_word' id='word_1_335' title='bbox 574 2637 653 2695; x_wconf 76' lang='grc' dir='ltr'><strong><em>γάρκαὶ</em></strong></span> <span class='ocrx_word' id='word_1_336' title='bbox 664 2638 701 2681; x_wconf 85' lang='grc' dir='ltr'><strong><em>διίο</em></strong></span> <span class='ocrx_word' id='word_1_337' title='bbox 712 2642 778 2694; x_wconf 91' lang='grc' dir='ltr'><strong><em>γενεαί</em></strong></span> <span class='ocrx_word' id='word_1_338' title='bbox 785 2656 805 2681; x_wconf 91' lang='grc' dir='ltr'><strong><em>τε</em></strong></span> <span class='ocrx_word' id='word_1_339' title='bbox 813 2640 848 2681; x_wconf 84' lang='grc' dir='ltr'><strong><em>καί</em></strong></span> <span class='ocrx_word' id='word_1_340' title='bbox 858 2655 928 2694; x_wconf 87' lang='grc' dir='ltr'><strong><em>πατρι-</em></strong></span> 
     </span>
     <span class='ocr_line' id='line_1_35' title="bbox 143 2705 929 2766; baseline -0.001 -16"><span class='ocrx_word' id='word_1_341' title='bbox 143 2711 209 2764; x_wconf 85' lang='grc' dir='ltr'><strong><em>αργίαι</em></strong></span> <span class='ocrx_word' id='word_1_342' title='bbox 219 2706 266 2764; x_wconf 85' lang='grc' dir='ltr'><strong><em>παρ’</em></strong></span> <span class='ocrx_word' id='word_1_343' title='bbox 277 2706 332 2766; x_wconf 77' lang='grc' dir='ltr'><strong><em>αὐτῷ</em></strong></span> <span class='ocrx_word' id='word_1_344' title='bbox 343 2709 465 2764; x_wconf 85' lang='grc' dir='ltr'><strong><em>ε’μφέρονται</em></strong></span> <span class='ocrx_word' id='word_1_345' title='bbox 475 2706 509 2749; x_wconf 86' lang='grc' dir='ltr'><strong><em>διά</em></strong></span> <span class='ocrx_word' id='word_1_346' title='bbox 524 2712 565 2750; x_wconf 74' lang='grc' dir='ltr'><strong><em>τῶν</em></strong></span> <span class='ocrx_word' id='word_1_347' title='bbox 580 2706 685 2762; x_wconf 78' lang='grc' dir='ltr'><strong><em>ὀνομάτων</em></strong></span> <span class='ocrx_word' id='word_1_348' title='bbox 696 2711 737 2750; x_wconf 79' lang='grc' dir='ltr'><strong><em>τῶν</em></strong></span> <span class='ocrx_word' id='word_1_349' title='bbox 748 2709 883 2762; x_wconf 80' lang='grc' dir='ltr'><strong><em>ἐντελεστέραν</em></strong></span> <span class='ocrx_word' id='word_1_350' title='bbox 894 2705 929 2749; x_wconf 84' lang='grc' dir='ltr'><strong><em>άν-</em></strong></span> 
     </span>
     <span class='ocr_line' id='line_1_36' title="bbox 143 2773 928 2833; baseline -0.004 -13"><span class='ocrx_word' id='word_1_351' title='bbox 143 2781 204 2832; x_wconf 81' lang='grc' dir='ltr'><strong><em>δρῶν,</em></strong></span> <span class='ocrx_word' id='word_1_352' title='bbox 217 2775 268 2831; x_wconf 87' lang='grc' dir='ltr'><strong><em>πρός</em></strong></span> <span class='ocrx_word' id='word_1_353' title='bbox 278 2775 313 2819; x_wconf 88' lang='grc' dir='ltr'><strong><em>τόν</em></strong></span> <span class='ocrx_word' id='word_1_354' title='bbox 324 2776 371 2820; x_wconf 81' lang='grc' dir='ltr'><strong><em>θεόν</em></strong></span> <span class='ocrx_word' id='word_1_355' title='bbox 379 2776 416 2832; x_wconf 74' lang='grc' dir='ltr'><strong><em>τὴν</em></strong></span> <span class='ocrx_word' id='word_1_356' title='bbox 426 2780 500 2833; x_wconf 79' lang='grc' dir='ltr'><strong><em>γνῶσιν</em></strong></span> <span class='ocrx_word' id='word_1_357' title='bbox 509 2775 626 2832; x_wconf 81' lang='grc' dir='ltr'><strong><em>ἐσχηκότων,</em></strong></span> <span class='ocrx_word' id='word_1_358' title='bbox 636 2775 652 2831; x_wconf 69' lang='grc' dir='ltr'><strong><em>η’</em></strong></span> <span class='ocrx_word' id='word_1_359' title='bbox 662 2774 687 2819; x_wconf 86' lang='grc' dir='ltr'><strong><em>δι’</em></strong></span> <span class='ocrx_word' id='word_1_360' title='bbox 697 2776 766 2832; x_wconf 78' lang='grc' dir='ltr'><strong><em>ἑτέραν</em></strong></span> <span class='ocrx_word' id='word_1_361' title='bbox 774 2774 818 2818; x_wconf 84' lang='grc' dir='ltr'><strong><em>τινά</em></strong></span> <span class='ocrx_word' id='word_1_362' title='bbox 826 2773 928 2832; x_wconf 86' lang='grc' dir='ltr'><strong><em>οίριστείαν</em></strong></span> 
     </span>
     <span class='ocr_line' id='line_1_37' title="bbox 143 2842 929 2902; baseline -0.001 -13"><span class='ocrx_word' id='word_1_363' title='bbox 143 2845 180 2901; x_wconf 74' lang='grc' dir='ltr'><strong><em>τήν</em></strong></span> <span class='ocrx_word' id='word_1_364' title='bbox 195 2846 299 2902; x_wconf 80' lang='grc' dir='ltr'><strong><em>βασιλικήν</em></strong></span> <span class='ocrx_word' id='word_1_365' title='bbox 316 2862 337 2889; x_wconf 90' lang='grc' dir='ltr'><strong><em>τε</em></strong></span> <span class='ocrx_word' id='word_1_366' title='bbox 349 2846 409 2897; x_wconf 80' lang='grc' dir='ltr'><strong><em>δόξαν</em></strong></span> <span class='ocrx_word' id='word_1_367' title='bbox 420 2846 456 2888; x_wconf 80' lang='grc' dir='ltr'><strong><em>καλ</em></strong></span> <span class='ocrx_word' id='word_1_368' title='bbox 472 2847 590 2901; x_wconf 84' lang='grc' dir='ltr'><strong><em>έμβρίθειαν</em></strong></span> <span class='ocrx_word' id='word_1_369' title='bbox 603 2843 757 2900; x_wconf 84' lang='grc' dir='ltr'><strong><em>μετεσχηκότων·</em></strong></span> <span class='ocrx_word' id='word_1_370' title='bbox 782 2842 810 2888; x_wconf 72' lang='lat'><strong><em>³5</em></strong></span> <span class='ocrx_word' id='word_1_371' title='bbox 820 2844 929 2901; x_wconf 83' lang='grc' dir='ltr'><strong><em>κατάλογος</em></strong></span> 
     </span>
     <span class='ocr_line' id='line_1_38' title="bbox 166 2937 647 2983; baseline -0.008 -8"><span class='ocrx_word' id='word_1_372' title='bbox 166 2940 182 2975; x_wconf 79' lang='lat'><strong><em>3.</em></strong></span> <span class='ocrx_word' id='word_1_373' title='bbox 194 2941 298 2973; x_wconf 76' lang='lat' dir='ltr'><em>Scribendum</em></span> <span class='ocrx_word' id='word_1_374' title='bbox 310 2939 350 2982; x_wconf 82' lang='grc' dir='ltr'><strong><em>τοῦ,</em></strong></span> <span class='ocrx_word' id='word_1_375' title='bbox 362 2943 394 2974; x_wconf 77' lang='lat' dir='ltr'><strong><em>nisi</em></strong></span> <span class='ocrx_word' id='word_1_376' title='bbox 405 2942 459 2982; x_wconf 76' lang='lat' dir='ltr'><em>fallor.</em></span> <span class='ocrx_word' id='word_1_377' title='bbox 546 2942 572 2973; x_wconf 76' lang='lat' dir='ltr'><strong><em>vel</em></strong></span> <span class='ocrx_word' id='word_1_378' title='bbox 586 2937 647 2983; x_wconf 76' lang='grc' dir='ltr'><strong><em>αδτῆς.</em></strong></span> 
     </span>
     <span class='ocr_line' id='line_1_39' title="bbox 167 2985 929 3030; baseline 0 -11"><span class='ocrx_word' id='word_1_379' title='bbox 167 2987 207 3019; x_wconf 62' lang='lat' dir='ltr'><strong><em>Cu.</em></strong></span> <span class='ocrx_word' id='word_1_380' title='bbox 215 2987 243 3018; x_wconf 87' lang='lat' dir='ltr'><strong><em>IV.</em></strong></span> <span class='ocrx_word' id='word_1_381' title='bbox 255 3005 279 3011; x_wconf 83' lang='lat'><strong><em>-—</em></strong></span> <span class='ocrx_word' id='word_1_382' title='bbox 303 2989 316 3019; x_wconf 79' lang='lat'><strong><em>1.</em></strong></span> <span class='ocrx_word' id='word_1_383' title='bbox 330 2986 377 3020; x_wconf 81' lang='grc' dir='ltr'><strong><em>αἰτία</em></strong></span> <span class='ocrx_word' id='word_1_384' title='bbox 385 2991 425 3019; x_wconf 72' lang='lat' dir='ltr'><em>recte</em></span> <span class='ocrx_word' id='word_1_385' title='bbox 435 2989 525 3027; x_wconf 73' lang='lat' dir='ltr'><em>suspectum</em></span> <span class='ocrx_word' id='word_1_386' title='bbox 569 2986 586 3019; x_wconf 76' lang='lat'><strong><em>2.</em></strong></span> <span class='ocrx_word' id='word_1_387' title='bbox 598 2985 696 3029; x_wconf 80' lang='grc' dir='ltr'><strong><em>φερομένης</em></strong></span> <span class='ocrx_word' id='word_1_388' title='bbox 706 2986 795 3018; x_wconf 72' lang='lat' dir='ltr'><strong><em>emendavit</em></strong></span> <span class='ocrx_word' id='word_1_389' title='bbox 803 2987 884 3019; x_wconf 79' lang='grc' dir='ltr'><strong><em>Ρκλαυῐαε.</em></strong></span> <span class='ocrx_word' id='word_1_390' title='bbox 897 2996 929 3030; x_wconf 86' lang='grc' dir='ltr'><strong><em>φε-</em></strong></span> 
     </span>
    </p>
   </div>
   <div class='ocr_carea' id='block_1_6' title="bbox 142 3030 928 3123">
    <p class='ocr_par' dir='ltr' id='par_1_6' title="bbox 142 3030 928 3123">
     <span class='ocr_line' id='line_1_40' title="bbox 142 3030 928 3075; baseline -0.001 -9"><span class='ocrx_word' id='word_1_391' title='bbox 142 3035 197 3066; x_wconf 78' lang='lat' dir='ltr'><em>habuit</em></span> <span class='ocrx_word' id='word_1_392' title='bbox 208 3034 297 3072; x_wconf 78' lang='lat' dir='ltr'><em>Pelavius‚‘</em></span> <span class='ocrx_word' id='word_1_393' title='bbox 306 3035 333 3073; x_wconf 79' lang='lat' dir='ltr'><strong><em>qui</em></strong></span> <span class='ocrx_word' id='word_1_394' title='bbox 345 3034 363 3064; x_wconf 81' lang='lat' dir='ltr'><strong><em>id</em></strong></span> <span class='ocrx_word' id='word_1_395' title='bbox 374 3035 469 3065; x_wconf 76' lang='lat' dir='ltr'><em>vocabulum</em></span> <span class='ocrx_word' id='word_1_396' title='bbox 479 3034 525 3064; x_wconf 76' lang='lat' dir='ltr'><strong><em>unci·</em></strong></span> <span class='ocrx_word' id='word_1_397' title='bbox 547 3030 667 3075; x_wconf 78' lang='grc' dir='ltr'><strong><em>ρομένουεάὶλί</em></strong></span> <span class='ocrx_word' id='word_1_398' title='bbox 683 3041 719 3063; x_wconf 80' lang='grc' dir='ltr'><strong><em>τινα</em></strong></span> <span class='ocrx_word' id='word_1_399' title='bbox 732 3032 809 3065; x_wconf 64' lang='lat' dir='ltr'><em>comen.</em></span> <span class='ocrx_word' id='word_1_400' title='bbox 833 3030 928 3075; x_wconf 79' lang='grc' dir='ltr'><strong><em>φερομένην</em></strong></span> 
     </span>
     <span class='ocr_line' id='line_1_41' title="bbox 142 3074 928 3123; baseline 0 -11"><span class='ocrx_word' id='word_1_401' title='bbox 142 3081 168 3113; x_wconf 80' lang='lat' dir='ltr'><strong><em>nis</em></strong></span> <span class='ocrx_word' id='word_1_402' title='bbox 180 3080 268 3111; x_wconf 77' lang='grc' dir='ltr'><strong><em>δανιιιαοίλ.</em></strong></span> <span class='ocrx_word' id='word_1_403' title='bbox 288 3080 402 3120; x_wconf 76' lang='grc' dir='ltr'><strong><em>Οοπίρειιδιιαι</em></strong></span> <span class='ocrx_word' id='word_1_404' title='bbox 412 3074 523 3113; x_wconf 77' lang='grc' dir='ltr'><strong><em>υίδνίυνανίτδ</em></strong></span> <span class='ocrx_word' id='word_1_405' title='bbox 546 3080 581 3111; x_wconf 83' lang='grc' dir='ltr'><strong><em>ωδ,</em></strong></span> <span class='ocrx_word' id='word_1_406' title='bbox 591 3080 650 3119; x_wconf 58' lang='lat' dir='ltr'><strong><em>Paris,</em></strong></span> <span class='ocrx_word' id='word_1_407' title='bbox 660 3081 697 3110; x_wconf 69' lang='lat' dir='ltr'><em>teste</em></span> <span class='ocrx_word' id='word_1_408' title='bbox 706 3078 776 3110; x_wconf 80' lang='grc' dir='ltr'><strong><em>Ρελαυλα.</em></strong></span> <span class='ocrx_word' id='word_1_409' title='bbox 789 3077 894 3123; x_wconf 81' lang='grc' dir='ltr'><strong><em>φερουμένην</em></strong></span> <span class='ocrx_word' id='word_1_410' title='bbox 906 3087 928 3112; x_wconf 83' lang='grc' dir='ltr'><strong><em>αα</em></strong></span> 
     </span>
    </p>
   </div>
   <div class='ocr_carea' id='block_1_7' title="bbox 0 0 1013 3392">
    <p class='ocr_par' dir='ltr' id='par_1_7' title="bbox 0 0 1013 3392">
     <span class='ocr_line' id='line_1_42' title="bbox 0 0 1013 3392; baseline 0 0"><span class='ocrx_word' id='word_1_411' title='bbox 0 0 1013 3392; x_wconf 95' lang='lat' dir='ltr'><strong><em> </em></strong></span> 
     </span>
    </p>
   </div>
  </div>
 </body>
</html>
