1988 3392
80 1577 125 1623 Κεφ.
135 1574 157 1613 α’.

330 710 386 749 νον
399 710 445 749 ,νιν
455 710 556 749 mom
569 709 688 748 ΠΑτΡοΣ
701 708 798 748 Ηιιιιιιι

405 813 432 870 Ε
443 813 475 870 Π
486 802 533 870 ΙΙΦ
544 813 610 870 AN
620 812 634 869 I
646 811 675 871 Ο
689 808 715 869 Τ

239 953 388 998 ΚΑΤΑ
429 954 537 999 ΤΩΝ
578 951 886 998 ΑΙΡΕΣΕΩΝ

299 1062 385 1097 Τοιιοε
401 1061 532 1097 ιωιιιπνοε
550 1061 599 1096 Τον
616 1060 707 1096 Τνινοι
723 1060 828 1096 ΒιΒιιοΥ.

360 1226 460 1270 ΚΑΤΑ
497 1223 767 1282 ΔιιιοιΡιΤων,

171 1307 215 1351 τῶν
233 1299 277 1351 ὑπό
294 1321 356 1350 τινων
374 1304 509 1364 κληθέντων,
527 1301 559 1365 μὴ
576 1303 662 1350 τελείαν
679 1300 721 1362 τήν
738 1305 836 1365 Χριστοῦ
853 1301 956 1367 ἐνανλριί-

241 1400 307 1446 πησιν
326 1380 500 1447 ὁμολογούντων,
517 1381 658 1445 πεντηκοστὴ
677 1381 773 1446 ἑβδόμη,
795 1379 829 1446 *ἡ
847 1384 888 1431 καὶ

448 1461 577 1528 έπτοικοστὴ
593 1461 681 1528 ἑβδόμη.

232 1567 327 1619 Καθεξής
344 1564 367 1608 δέ
381 1563 461 1615 τοάτοις
478 1563 538 1608 πάλιν
554 1565 651 1615 ἐπίπονος
663 1562 712 1620 ήμῖν
724 1565 745 1608 έν
762 1563 863 1623 προλήψει
875 1570 904 1625 τῷ
918 1568 956 1626 βίῳ

175 1635 236 1693 έρριίη
246 1652 276 1686 τις
287 1634 379 1691 ἀλλοτρία
390 1639 425 1689 τῆς
435 1636 519 1684 πίστεως
529 1635 590 1686 λέξις,
610 1635 633 1677 ἐκ
645 1637 705 1685 ποίας
714 1636 779 1685 αἰτίας
789 1633 828 1678 οιλκ
840 1635 877 1689 έχω
888 1636 956 1692 λέγειν,

175 1702 215 1747 ἀλλ’
226 1706 260 1747 λ’να
271 1702 298 1758 μή
308 1702 358 1761 έάση
368 1701 381 1746 ά
390 1703 422 1746 ἀεὶ
432 1702 535 1759 ταράσσων
545 1700 582 1756 τήν
591 1701 721 1757 ἀνθρωπείαν
730 1701 798 1756 φύσιν,
813 1704 848 1746 καί
858 1708 956 1759 πολεμῶν,

175 1772 203 1824 νίς
214 1775 283 1824 εἰπεῖν,
298 1773 399 1827 διάβολος,
415 1770 517 1827 ἐμβάλλων
526 1769 590 1814 αὐτοῦ
599 1770 624 1814 τά
634 1770 696 1829 πικρά
708 1770 816 1829 δηλητήριον
825 1774 847 1816 έν
856 1778 898 1823 τοῖς
905 1779 957 1816 θαυ-

174 1845 253 1897 μασίοις
263 1842 366 1895 ἐδέσμασι,
382 1842 416 1883 καί
427 1839 455 1891 οἱς
466 1842 487 1883 ἒν
499 1841 561 1894 μέλιτι
575 1841 707 1897 παραβάλλων
715 1840 752 1895 τήν
763 1843 846 1898 πικρίαν
857 1840 910 1885 οίίτω
923 1840 957 1885 διά

174 1927 234 1953 τινων
245 1914 285 1952 τοῖν
294 1907 324 1952 ἐπ’
336 1907 399 1966 άκρον
410 1911 457 1964 βίου
468 1909 638 1962 θαυμαζομένων,
657 1909 692 1951 καλ
702 1909 724 1951 έν
735 1910 825 1959 ἐπαίνοις
835 1907 957 1965 άρθοδοξίας

175 1978 206 2021 ιἰεὶ
217 1978 405 2035 καταγγελλομέυων.
436 1978 477 2020 Καὶ
489 1976 526 2035 γάρ
538 1975 598 2020 ταῦτά
612 1978 652 2020 ἔστι
663 1976 685 2021 τδ
697 1978 755 2035 ἔργον
765 1974 839 2031 αὕτοῦ,
856 1982 893 2022 τοῦ
902 1985 955 2032 φθο·

174 2047 274 2102 νήσαντος
292 2046 383 2104 άπαρχῆς
401 2050 429 2104 τῷ
449 2046 509 2102 πατρί
528 2043 587 2100 ήμῶν
604 2044 679 2101 Ἀδάμ,
703 2047 738 2089 καί
757 2051 819 2090 πᾶσιν
838 2043 957 2104 άνθροίποις

176 2117 322 2173 έχθραίνοντος.
350 2112 386 2165 Ὡς
401 2117 435 2157 καί
454 2113 511 2157 ιποά
526 2131 587 2156 τινων
603 2119 673 2167 σοφῶν
684 2116 771 2172 ε’ίρηται,
791 2114 822 2158 ὅτι
833 2114 914 2169 φθόνος
924 2115 957 2159 αἰελ

92 2203 128 2232 pag.
136 2195 167 2224 ιιι.
176 2190 220 2234 ταῖς
236 2182 330 2240 μεγάλαις
346 2183 464 2240 εὐπραγίαις
479 2182 592 2232 ἀντίπαλος.
631 2182 690 2226 Οὕτω
708 2184 742 2225 καὶ
759 2181 792 2226 διά
806 2189 847 2227 τοῖν
863 2184 957 2239 μειζόνων

175 2252 289 2309 προςοέπων
300 2252 358 2305 έβαλέ
367 2269 422 2301 τινας
436 2250 558 2307 προφαίνεις,
579 2252 614 2292 ἵνα
629 2248 683 2304 ήμᾶς
693 2253 727 2293 καὶ
740 2250 776 2305 τήν
788 2250 847 2308 άμίαν
858 2257 894 2295 τοῦ
905 2257 957 2296 θεοῦ

176 2323 281 2374 ἐκκλησίαν
292 2318 368 2362 άλυπον
378 2319 405 2373 μή
422 2318 482 2378 ἔάση,
503 2317 551 2361 άλλά
568 2317 599 2361 άελ
615 2321 772 2375 θορυβουμένην
783 2337 803 2362 τε
814 2322 848 2363 καί
860 2325 958 2376 πολεμου-

177 2390 244 2443 μένην.
268 2386 340 2438 Ἔδοξε
350 2385 390 2443 γάρ
402 2401 440 2430 τισι
454 2388 489 2429 καί
499 2393 542 2436 τοῖς
553 2387 573 2437 ἒξ
583 2384 641 2441 ήμῶν
651 2384 786 2443 ὁρμωμένοις,
806 2390 841 2431 καὶ
851 2390 873 2431 ἒν
882 2388 957 2448 μεγάλη

176 2457 265 2500 διαθέσει
280 2453 414 2512 ὑπάρχουσιν,
435 2457 456 2499 έν
468 2457 558 2505 ἐπαίνοις
575 2456 597 2498 δέ
614 2454 645 2499 ἀεὶ
661 2453 707 2512 παρ’
722 2454 771 2510 ήμῑν
781 2457 816 2498 καί
830 2455 886 2513 παρά
896 2461 958 2499 πᾶσιν

177 2523 297 2583 ὄρθοδάξοις
306 2525 478 2580 ἐνθεαζομένοις,
499 2523 641 2580 παρεμβάλλειν
651 2521 686 2567 τδν
698 2528 748 2567 νοῦν
759 2524 800 2568 ιἰπδ
813 2529 849 2580 τῆς
860 2530 895 2569 τοι]
908 2529 958 2582 Χρι-

177 2599 225 2637 στοῦ
240 2592 338 2651 ένσάρκοιι
355 2596 477 2651 παρουσίας,
499 2593 534 2636 καλ
550 2593 612 2651 λέγειν
629 2591 661 2638 ὅτι
677 2591 742 2650 σάρκα
759 2595 828 2650 έλαβεν
843 2591 855 2638 ά
871 2592 958 2653 Χριοτάς

177 2662 344 2721 ε’λθσίνάκάριος
356 2661 424 2720 ήμῶν,
445 2661 570 2718 καλψνχήυ,
589 2668 638 2707 νοῦν
650 2663 723 2708 δέοῦκ
737 2665 805 2720 έλαβε,
826 2665 915 2709 τουτέστι
928 2665 957 2708 τέ-

176 2740 229 2779 λειον
247 2732 365 2791 άνθρωπον·
386 2737 404 2777 τί
421 2734 443 2777 ἐκ
457 2731 530 2777 τούτου
547 2737 574 2791 τῷ
591 2735 629 2793 βίῳ
643 2733 837 2791 συνειςενεγκάμενοι
849 2732 916 2792 άγνοοῖ
928 2735 957 2777 λέ·

176 2822 230 2862 μειν,
246 2801 324 2861 ήπαρά
339 2806 397 2847 τίνων
409 2806 448 2846 τῶν
460 2800 500 2860 πρά
513 2802 581 2846 αὐτῶν
595 2803 744 2859 μεμαθηκότες,
763 2802 777 2859 ή
789 2807 808 2847 τί
819 2803 921 2859 ὠφέλιμον
936 2804 958 2847 ἐκ

176 2873 249 2917 τοάτον
261 2872 400 2930 κερδήναντες,
421 2871 435 2928 ή
446 2871 573 2928 χαρισάμενοι
587 2870 636 2928 ἡμῖν
648 2890 668 2916 τε
680 2874 714 2916 καὶ
725 2878 768 2923 τοῖς
778 2870 876 2916 άκοιίονσι
886 2874 922 2916 καλ
933 2876 958 2932 τῇ

177 2941 224 3002 άγίρι
233 2948 270 2986 τοῦ
280 2947 332 2986 θεοῦ
342 2943 446 3000 ἐκκλησία,
462 2941 522 2984 οὐδέν
532 2940 584 2996 πλήν
594 2940 608 2997 ή
619 2940 706 3000 ταραχήν
715 2942 750 2985 καὶ
759 2944 856 3000 διαίρεσιν
866 2943 894 2992 είς
904 2939 958 2997 ἡμᾶς

199 3052 555 3101 *Βεμοκεοιλννιίοιίαιοεῆιποοιλλλλι-
602 3058 642 3091 Cn.
654 3060 666 3090 1.
679 3077 701 3083 -
726 3057 741 3091 1.
754 3054 786 3092 δπέ
798 3069 846 3092 τινων
857 3059 958 3100 οαιίρίίΡε-

177 3106 210 3147 περ.
577 3106 635 3137 ιουῑυτ.
658 3105 714 3137 Malim
730 3114 762 3138 που
778 3101 810 3139 ν’πί
822 3114 883 3148 τινων,
899 3106 958 3137 retenta
