<?xml version="1.0" encoding="UTF-8"?>
<!DOCTYPE html PUBLIC "-//W3C//DTD XHTML 1.0 Transitional//EN"
    "http://www.w3.org/TR/xhtml1/DTD/xhtml1-transitional.dtd">
<html xmlns="http://www.w3.org/1999/xhtml" xml:lang="en" lang="en">
 <head>
  <title>
</title>
<meta http-equiv="Content-Type" content="text/html;charset=utf-8" />
  <meta name='ocr-system' content='tesseract 3.04.00' />
  <meta name='ocr-capabilities' content='ocr_page ocr_carea ocr_par ocr_line ocrx_word'/>
</head>
<body>
  <div class='ocr_page' id='page_1' title='image "./MN41650ucmf_1/MN41650ucmf_1_0505.png"; bbox 0 0 1988 3392; ppageno 0'>
   <div class='ocr_carea' id='block_1_1' title="bbox 186 246 857 291">
    <p class='ocr_par' dir='ltr' id='par_1_1' title="bbox 186 246 857 291">
     <span class='ocr_line' id='line_1_1' title="bbox 186 246 857 291; baseline -0.001 -2"><span class='ocrx_word' id='word_1_1' title='bbox 186 255 279 289; x_wconf 77' lang='lat' dir='ltr'>rnnanu</span> <span class='ocrx_word' id='word_1_2' title='bbox 291 255 334 288; x_wconf 82' lang='lat' dir='ltr'>nm.</span> <span class='ocrx_word' id='word_1_3' title='bbox 345 256 375 289; x_wconf 87' lang='lat' dir='ltr'>nr.</span> <span class='ocrx_word' id='word_1_4' title='bbox 390 256 445 290; x_wconf 82' lang='lat' dir='ltr'>ron.</span> <span class='ocrx_word' id='word_1_5' title='bbox 457 257 477 290; x_wconf 91' lang='lat' dir='ltr'>n.</span> <span class='ocrx_word' id='word_1_6' title='bbox 494 256 573 291; x_wconf 82' lang='lat' dir='ltr'>nxros.</span> <span class='ocrx_word' id='word_1_7' title='bbox 585 255 630 289; x_wconf 77' lang='lat' dir='ltr'>rin.</span> <span class='ocrx_word' id='word_1_8' title='bbox 642 255 740 289; x_wconf 70' lang='lat' dir='ltr'>cernon.</span> <span class='ocrx_word' id='word_1_9' title='bbox 813 246 857 288; x_wconf 79' lang='lat'>483</span> 
     </span>
    </p>
   </div>
   <div class='ocr_carea' id='block_1_2' title="bbox 122 498 798 647">
    <p class='ocr_par' dir='ltr' id='par_1_2' title="bbox 122 498 798 647">
     <span class='ocr_line' id='line_1_2' title="bbox 122 498 798 566; baseline -0.001 -16"><span class='ocrx_word' id='word_1_10' title='bbox 122 499 205 550; x_wconf 82' lang='lat' dir='ltr'>Brevis</span> <span class='ocrx_word' id='word_1_11' title='bbox 223 515 248 549; x_wconf 92' lang='lat' dir='ltr'>ac</span> <span class='ocrx_word' id='word_1_12' title='bbox 266 515 321 549; x_wconf 90' lang='lat' dir='ltr'>vera</span> <span class='ocrx_word' id='word_1_13' title='bbox 338 498 466 549; x_wconf 72' lang='lat' dir='ltr'><strong>Catholicae</strong></span> <span class='ocrx_word' id='word_1_14' title='bbox 484 505 507 550; x_wconf 87' lang='lat' dir='ltr'>et</span> <span class='ocrx_word' id='word_1_15' title='bbox 520 500 665 566; x_wconf 80' lang='lat' dir='ltr'>Apostolicae</span> <span class='ocrx_word' id='word_1_16' title='bbox 682 498 798 551; x_wconf 75' lang='lat' dir='ltr'><strong>Ecclesiae</strong></span> 
     </span>
     <span class='ocr_line' id='line_1_3' title="bbox 354 580 565 647; baseline -0.005 -15"><span class='ocrx_word' id='word_1_17' title='bbox 354 580 421 632; x_wconf 85' lang='lat' dir='ltr'>Fidei</span> <span class='ocrx_word' id='word_1_18' title='bbox 438 580 565 647; x_wconf 81' lang='lat' dir='ltr'>Expositio.</span> 
     </span>
    </p>
   </div>
   <div class='ocr_carea' id='block_1_3' title="bbox 24 681 958 2804">
    <p class='ocr_par' dir='ltr' id='par_1_3' title="bbox 24 681 958 2450">
     <span class='ocr_line' id='line_1_4' title="bbox 128 681 938 742; baseline 0.005 -18"><span class='ocrx_word' id='word_1_19' title='bbox 128 681 260 739; x_wconf 78' lang='lat' dir='ltr'><strong>Posteaquam</strong></span> <span class='ocrx_word' id='word_1_20' title='bbox 276 683 332 725; x_wconf 88' lang='lat' dir='ltr'>varia</span> <span class='ocrx_word' id='word_1_21' title='bbox 349 698 372 725; x_wconf 90' lang='lat' dir='ltr'>ac</span> <span class='ocrx_word' id='word_1_22' title='bbox 389 683 504 739; x_wconf 74' lang='lat' dir='ltr'>multiplicia</span> <span class='ocrx_word' id='word_1_23' title='bbox 517 699 529 727; x_wconf 89' lang='lat' dir='ltr'>c</span> <span class='ocrx_word' id='word_1_24' title='bbox 542 686 607 742; x_wconf 88' lang='lat' dir='ltr'>pravis</span> <span class='ocrx_word' id='word_1_25' title='bbox 620 692 693 727; x_wconf 82' lang='lat' dir='ltr'>exorta</span> <span class='ocrx_word' id='word_1_26' title='bbox 708 683 810 735; x_wconf 90' lang='lat' dir='ltr'>consiliis,</span> <span class='ocrx_word' id='word_1_27' title='bbox 831 698 855 726; x_wconf 92' lang='lat' dir='ltr'>ac</span> <span class='ocrx_word' id='word_1_28' title='bbox 878 683 938 728; x_wconf 72' lang='lat' dir='ltr'>capt.</span> 
     </span>
     <span class='ocr_line' id='line_1_5' title="bbox 71 751 858 810; baseline -0.001 -15"><span class='ocrx_word' id='word_1_29' title='bbox 71 752 177 795; x_wconf 85' lang='lat' dir='ltr'>temeraria</span> <span class='ocrx_word' id='word_1_30' title='bbox 193 751 317 794; x_wconf 89' lang='lat' dir='ltr'>inimicorum</span> <span class='ocrx_word' id='word_1_31' title='bbox 335 752 427 808; x_wconf 79' lang='lat' dir='ltr'><strong>dogmata</strong></span> <span class='ocrx_word' id='word_1_32' title='bbox 443 753 576 810; x_wconf 88' lang='lat' dir='ltr'>disputatione</span> <span class='ocrx_word' id='word_1_33' title='bbox 587 762 655 797; x_wconf 85' lang='lat' dir='ltr'>nostra</span> <span class='ocrx_word' id='word_1_34' title='bbox 669 752 768 809; x_wconf 76' lang='lat' dir='ltr'>complexi</span> <span class='ocrx_word' id='word_1_35' title='bbox 780 767 858 803; x_wconf 87' lang='lat' dir='ltr'>snmus,</span> 
     </span>
     <span class='ocr_line' id='line_1_6' title="bbox 71 820 858 878; baseline -0.001 -14"><span class='ocrx_word' id='word_1_36' title='bbox 71 829 91 864; x_wconf 88' lang='lat' dir='ltr'>et</span> <span class='ocrx_word' id='word_1_37' title='bbox 101 835 137 878; x_wconf 85' lang='lat' dir='ltr'>per</span> <span class='ocrx_word' id='word_1_38' title='bbox 147 820 220 863; x_wconf 86' lang='lat' dir='ltr'>formas</span> <span class='ocrx_word' id='word_1_39' title='bbox 231 835 345 877; x_wconf 83' lang='lat' dir='ltr'>generaque</span> <span class='ocrx_word' id='word_1_40' title='bbox 354 822 496 864; x_wconf 87' lang='lat' dir='ltr'>distribuentes</span> <span class='ocrx_word' id='word_1_41' title='bbox 506 837 564 878; x_wconf 90' lang='lat' dir='ltr'>quam</span> <span class='ocrx_word' id='word_1_42' title='bbox 573 837 630 864; x_wconf 89' lang='lat' dir='ltr'>cassa</span> <span class='ocrx_word' id='word_1_43' title='bbox 642 830 662 864; x_wconf 89' lang='lat' dir='ltr'>et</span> <span class='ocrx_word' id='word_1_44' title='bbox 671 823 740 864; x_wconf 90' lang='lat' dir='ltr'>inania</span> <span class='ocrx_word' id='word_1_45' title='bbox 750 825 817 864; x_wconf 89' lang='lat' dir='ltr'>forent</span> <span class='ocrx_word' id='word_1_46' title='bbox 826 821 858 864; x_wconf 85' lang='lat' dir='ltr'>dei</span> 
     </span>
     <span class='ocr_line' id='line_1_7' title="bbox 71 890 857 946; baseline -0.001 -13"><span class='ocrx_word' id='word_1_47' title='bbox 71 891 145 933; x_wconf 91' lang='lat' dir='ltr'>virtute</span> <span class='ocrx_word' id='word_1_48' title='bbox 156 890 295 946; x_wconf 87' lang='lat' dir='ltr'>patefecimus,</span> <span class='ocrx_word' id='word_1_49' title='bbox 311 897 352 932; x_wconf 89' lang='lat' dir='ltr'>tum</span> <span class='ocrx_word' id='word_1_50' title='bbox 364 905 414 932; x_wconf 92' lang='lat' dir='ltr'>vero</span> <span class='ocrx_word' id='word_1_51' title='bbox 424 905 451 933; x_wconf 85' lang='lat' dir='ltr'>ex</span> <span class='ocrx_word' id='word_1_52' title='bbox 462 890 564 933; x_wconf 82' lang='lat' dir='ltr'>immensis</span> <span class='ocrx_word' id='word_1_53' title='bbox 575 890 613 933; x_wconf 86' lang='lat' dir='ltr'>illis</span> <span class='ocrx_word' id='word_1_54' title='bbox 624 892 778 946; x_wconf 88' lang='lat' dir='ltr'>uniuscuiusque</span> <span class='ocrx_word' id='word_1_55' title='bbox 789 898 857 933; x_wconf 84' lang='lat' dir='ltr'>sectae</span> 
     </span>
     <span class='ocr_line' id='line_1_8' title="bbox 71 957 858 1016; baseline -0.001 -14"><span class='ocrx_word' id='word_1_56' title='bbox 71 957 235 1002; x_wconf 89' lang='lat' dir='ltr'>contumeliarum</span> <span class='ocrx_word' id='word_1_57' title='bbox 248 959 272 1001; x_wconf 86' lang='lat' dir='ltr'>in·</span> <span class='ocrx_word' id='word_1_58' title='bbox 281 960 338 1001; x_wconf 89' lang='lat' dir='ltr'>deum</span> <span class='ocrx_word' id='word_1_59' title='bbox 350 973 373 1000; x_wconf 91' lang='lat' dir='ltr'>ac</span> <span class='ocrx_word' id='word_1_60' title='bbox 386 973 457 1001; x_wconf 88' lang='lat' dir='ltr'>vocum</span> <span class='ocrx_word' id='word_1_61' title='bbox 470 959 629 1016; x_wconf 88' lang='lat' dir='ltr'>turpissimarum</span> <span class='ocrx_word' id='word_1_62' title='bbox 644 960 858 1016; x_wconf 85' lang='lat' dir='ltr'>acerbissimorumque</span> 
     </span>
     <span class='ocr_line' id='line_1_9' title="bbox 72 1027 858 1085; baseline -0.001 -15"><span class='ocrx_word' id='word_1_63' title='bbox 72 1028 212 1085; x_wconf 80' lang='lat' dir='ltr'>mysteriorum</span> <span class='ocrx_word' id='word_1_64' title='bbox 223 1027 315 1069; x_wconf 87' lang='lat' dir='ltr'>fluctibus</span> <span class='ocrx_word' id='word_1_65' title='bbox 326 1029 459 1081; x_wconf 77' lang='lat' dir='ltr'>enatavimus,</span> <span class='ocrx_word' id='word_1_66' title='bbox 476 1042 559 1083; x_wconf 92' lang='lat' dir='ltr'>cumque</span> <span class='ocrx_word' id='word_1_67' title='bbox 571 1028 662 1070; x_wconf 91' lang='lat' dir='ltr'>omnihus</span> <span class='ocrx_word' id='word_1_68' title='bbox 673 1029 811 1084; x_wconf 70' lang='lat' dir='ltr'>quaestionum</span> <span class='ocrx_word' id='word_1_69' title='bbox 822 1043 858 1069; x_wconf 90' lang='lat' dir='ltr'>no-</span> 
     </span>
     <span class='ocr_line' id='line_1_10' title="bbox 72 1095 858 1153; baseline -0.003 -13"><span class='ocrx_word' id='word_1_70' title='bbox 72 1098 102 1140; x_wconf 91' lang='lat' dir='ltr'>dis</span> <span class='ocrx_word' id='word_1_71' title='bbox 114 1111 175 1153; x_wconf 82' lang='lat' dir='ltr'>aegre</span> <span class='ocrx_word' id='word_1_72' title='bbox 186 1095 301 1149; x_wconf 75' lang='lat' dir='ltr'>dissolutis,</span> <span class='ocrx_word' id='word_1_73' title='bbox 318 1104 338 1138; x_wconf 91' lang='lat' dir='ltr'>et</span> <span class='ocrx_word' id='word_1_74' title='bbox 348 1097 427 1138; x_wconf 89' lang='lat' dir='ltr'>illorum</span> <span class='ocrx_word' id='word_1_75' title='bbox 437 1096 563 1153; x_wconf 80' lang='lat' dir='ltr'>improbitate</span> <span class='ocrx_word' id='word_1_76' title='bbox 575 1104 681 1153; x_wconf 88' lang='lat' dir='ltr'>superata,</span> <span class='ocrx_word' id='word_1_77' title='bbox 698 1098 721 1138; x_wconf 87' lang='lat' dir='ltr'>ad</span> <span class='ocrx_word' id='word_1_78' title='bbox 734 1096 858 1152; x_wconf 83' lang='lat' dir='ltr'>tranquillam</span> 
     </span>
     <span class='ocr_line' id='line_1_11' title="bbox 71 1164 859 1222; baseline -0.003 -13"><span class='ocrx_word' id='word_1_79' title='bbox 71 1166 163 1209; x_wconf 85' lang='lat' dir='ltr'>veritatis</span> <span class='ocrx_word' id='word_1_80' title='bbox 178 1164 285 1207; x_wconf 85' lang='lat' dir='ltr'>stationem</span> <span class='ocrx_word' id='word_1_81' title='bbox 303 1164 448 1222; x_wconf 76' lang='lat' dir='ltr'>opprimimus,</span> <span class='ocrx_word' id='word_1_82' title='bbox 470 1165 542 1208; x_wconf 89' lang='lat' dir='ltr'>difficili</span> <span class='ocrx_word' id='word_1_83' title='bbox 557 1180 580 1207; x_wconf 90' lang='lat' dir='ltr'>ac</span> <span class='ocrx_word' id='word_1_84' title='bbox 597 1173 732 1222; x_wconf 86' lang='lat' dir='ltr'>tempestuoso</span> <span class='ocrx_word' id='word_1_85' title='bbox 748 1165 802 1207; x_wconf 92' lang='lat' dir='ltr'>omni</span> <span class='ocrx_word' id='word_1_86' title='bbox 813 1165 859 1207; x_wconf 90' lang='lat' dir='ltr'>loco</span> 
     </span>
     <span class='ocr_line' id='line_1_12' title="bbox 73 1233 861 1291; baseline -0.001 -14"><span class='ocrx_word' id='word_1_87' title='bbox 73 1234 191 1277; x_wconf 87' lang='lat' dir='ltr'>transmisso</span> <span class='ocrx_word' id='word_1_88' title='bbox 200 1241 221 1275; x_wconf 91' lang='lat' dir='ltr'>et</span> <span class='ocrx_word' id='word_1_89' title='bbox 232 1234 324 1290; x_wconf 89' lang='lat' dir='ltr'>procellis</span> <span class='ocrx_word' id='word_1_90' title='bbox 336 1248 359 1275; x_wconf 92' lang='lat' dir='ltr'>ac</span> <span class='ocrx_word' id='word_1_91' title='bbox 372 1233 471 1291; x_wconf 89' lang='lat' dir='ltr'>spumosis</span> <span class='ocrx_word' id='word_1_92' title='bbox 482 1235 578 1276; x_wconf 88' lang='lat' dir='ltr'>undarum</span> <span class='ocrx_word' id='word_1_93' title='bbox 590 1234 699 1277; x_wconf 77' lang='lat' dir='ltr'>vorticibus</span> <span class='ocrx_word' id='word_1_94' title='bbox 709 1235 810 1287; x_wconf 82' lang='lat' dir='ltr'>defuncti,</span> <span class='ocrx_word' id='word_1_95' title='bbox 825 1234 861 1277; x_wconf 91' lang='lat' dir='ltr'>uhi</span> 
     </span>
     <span class='ocr_line' id='line_1_13' title="bbox 32 1301 861 1359; baseline -0.001 -13"><span class='ocrx_word' id='word_1_96' title='bbox 32 1327 33 1330; x_wconf 37' lang='lat'>¹</span> <span class='ocrx_word' id='word_1_97' title='bbox 72 1303 199 1346; x_wconf 89' lang='lat' dir='ltr'>iactationem</span> <span class='ocrx_word' id='word_1_98' title='bbox 210 1317 234 1344; x_wconf 89' lang='lat' dir='ltr'>ac</span> <span class='ocrx_word' id='word_1_99' title='bbox 245 1301 365 1357; x_wconf 84' lang='lat' dir='ltr'>vertiginem</span> <span class='ocrx_word' id='word_1_100' title='bbox 377 1304 455 1359; x_wconf 80' lang='lat' dir='ltr'>experti</span> <span class='ocrx_word' id='word_1_101' title='bbox 467 1303 559 1358; x_wconf 89' lang='lat' dir='ltr'>saepius,</span> <span class='ocrx_word' id='word_1_102' title='bbox 582 1310 622 1344; x_wconf 91' lang='lat' dir='ltr'>tum</span> <span class='ocrx_word' id='word_1_103' title='bbox 633 1304 703 1345; x_wconf 87' lang='lat' dir='ltr'>brevia</span> <span class='ocrx_word' id='word_1_104' title='bbox 715 1304 829 1359; x_wconf 82' lang='lat' dir='ltr'>vadosaque</span> <span class='ocrx_word' id='word_1_105' title='bbox 840 1310 861 1345; x_wconf 90' lang='lat' dir='ltr'>et</span> 
     </span>
     <span class='ocr_line' id='line_1_14' title="bbox 72 1371 860 1427; baseline -0.001 -13"><span class='ocrx_word' id='word_1_106' title='bbox 72 1374 146 1415; x_wconf 90' lang='lat' dir='ltr'>infesta</span> <span class='ocrx_word' id='word_1_107' title='bbox 162 1372 225 1413; x_wconf 89' lang='lat' dir='ltr'>beluis</span> <span class='ocrx_word' id='word_1_108' title='bbox 241 1372 284 1412; x_wconf 86' lang='lat' dir='ltr'>loca</span> <span class='ocrx_word' id='word_1_109' title='bbox 301 1371 443 1426; x_wconf 88' lang='lat' dir='ltr'>quamplurima</span> <span class='ocrx_word' id='word_1_110' title='bbox 460 1371 614 1426; x_wconf 80' lang='lat' dir='ltr'>prospeximus,</span> <span class='ocrx_word' id='word_1_111' title='bbox 637 1386 687 1426; x_wconf 90' lang='lat' dir='ltr'>quae</span> <span class='ocrx_word' id='word_1_112' title='bbox 704 1371 783 1427; x_wconf 88' lang='lat' dir='ltr'>quidem</span> <span class='ocrx_word' id='word_1_113' title='bbox 798 1371 824 1412; x_wconf 90' lang='lat' dir='ltr'>iis</span> <span class='ocrx_word' id='word_1_114' title='bbox 838 1372 860 1413; x_wconf 87' lang='lat' dir='ltr'>in</span> 
     </span>
     <span class='ocr_line' id='line_1_15' title="bbox 73 1438 860 1497; baseline -0.003 -15"><span class='ocrx_word' id='word_1_115' title='bbox 73 1439 238 1497; x_wconf 88' lang='lat' dir='ltr'>disputationibus</span> <span class='ocrx_word' id='word_1_116' title='bbox 259 1438 446 1494; x_wconf 85' lang='lat' dir='ltr'>commentariisque</span> <span class='ocrx_word' id='word_1_117' title='bbox 466 1439 571 1495; x_wconf 85' lang='lat' dir='ltr'>periclitati</span> <span class='ocrx_word' id='word_1_118' title='bbox 592 1454 672 1491; x_wconf 88' lang='lat' dir='ltr'>snmus,</span> <span class='ocrx_word' id='word_1_119' title='bbox 694 1454 737 1481; x_wconf 89' lang='lat' dir='ltr'>cnm</span> <span class='ocrx_word' id='word_1_120' title='bbox 759 1446 860 1495; x_wconf 90' lang='lat' dir='ltr'>postremo</span> 
     </span>
     <span class='ocr_line' id='line_1_16' title="bbox 73 1506 861 1566; baseline -0.001 -16"><span class='ocrx_word' id='word_1_121' title='bbox 73 1509 127 1566; x_wconf 89' lang='lat' dir='ltr'>pacis</span> <span class='ocrx_word' id='word_1_122' title='bbox 139 1514 217 1565; x_wconf 90' lang='lat' dir='ltr'>portum</span> <span class='ocrx_word' id='word_1_123' title='bbox 228 1506 305 1548; x_wconf 91' lang='lat' dir='ltr'>eminus</span> <span class='ocrx_word' id='word_1_124' title='bbox 317 1506 442 1558; x_wconf 90' lang='lat' dir='ltr'>intueamur,</span> <span class='ocrx_word' id='word_1_125' title='bbox 464 1507 488 1548; x_wconf 89' lang='lat' dir='ltr'>ad</span> <span class='ocrx_word' id='word_1_126' title='bbox 504 1521 549 1548; x_wconf 86' lang='lat' dir='ltr'>enm</span> <span class='ocrx_word' id='word_1_127' title='bbox 561 1522 632 1549; x_wconf 91' lang='lat' dir='ltr'>navem</span> <span class='ocrx_word' id='word_1_128' title='bbox 645 1508 745 1563; x_wconf 87' lang='lat' dir='ltr'>applicare</span> <span class='ocrx_word' id='word_1_129' title='bbox 757 1508 861 1564; x_wconf 87' lang='lat' dir='ltr'>cupientes</span> 
     </span>
     <span class='ocr_line' id='line_1_17' title="bbox 73 1574 861 1632; baseline -0.001 -14"><span class='ocrx_word' id='word_1_130' title='bbox 73 1577 134 1619; x_wconf 88' lang='lat' dir='ltr'>divini</span> <span class='ocrx_word' id='word_1_131' title='bbox 150 1576 235 1618; x_wconf 89' lang='lat' dir='ltr'>numinis</span> <span class='ocrx_word' id='word_1_132' title='bbox 251 1589 308 1632; x_wconf 90' lang='lat' dir='ltr'>opem</span> <span class='ocrx_word' id='word_1_133' title='bbox 325 1589 396 1616; x_wconf 89' lang='lat' dir='ltr'>rursus</span> <span class='ocrx_word' id='word_1_134' title='bbox 413 1574 571 1630; x_wconf 89' lang='lat' dir='ltr'>implorabimus.</span> <span class='ocrx_word' id='word_1_135' title='bbox 603 1577 635 1616; x_wconf 86' lang='lat' dir='ltr'>Ac</span> <span class='ocrx_word' id='word_1_136' title='bbox 648 1583 703 1617; x_wconf 89' lang='lat' dir='ltr'>metu</span> <span class='ocrx_word' id='word_1_137' title='bbox 716 1576 794 1631; x_wconf 89' lang='lat' dir='ltr'>quidem</span> <span class='ocrx_word' id='word_1_138' title='bbox 807 1576 861 1617; x_wconf 89' lang='lat' dir='ltr'>omni</span> 
     </span>
     <span class='ocr_line' id='line_1_18' title="bbox 75 1644 862 1701; baseline 0 -15"><span class='ocrx_word' id='word_1_139' title='bbox 75 1653 95 1686; x_wconf 89' lang='lat' dir='ltr'>et</span> <span class='ocrx_word' id='word_1_140' title='bbox 107 1644 239 1701; x_wconf 86' lang='lat' dir='ltr'>trepidatione</span> <span class='ocrx_word' id='word_1_141' title='bbox 251 1657 365 1698; x_wconf 88' lang='lat' dir='ltr'>nauseaqne</span> <span class='ocrx_word' id='word_1_142' title='bbox 377 1651 483 1695; x_wconf 77' lang='lat' dir='ltr'>cessante,</span> <span class='ocrx_word' id='word_1_143' title='bbox 506 1644 581 1700; x_wconf 86' lang='lat' dir='ltr'>optimo</span> <span class='ocrx_word' id='word_1_144' title='bbox 592 1644 611 1684; x_wconf 92' lang='lat' dir='ltr'>in</span> <span class='ocrx_word' id='word_1_145' title='bbox 626 1652 679 1685; x_wconf 88' lang='lat' dir='ltr'>statu</span> <span class='ocrx_word' id='word_1_146' title='bbox 698 1644 769 1699; x_wconf 91' lang='lat' dir='ltr'>positi,</span> <span class='ocrx_word' id='word_1_147' title='bbox 792 1645 862 1686; x_wconf 88' lang='lat' dir='ltr'>incun-</span> 
     </span>
     <span class='ocr_line' id='line_1_19' title="bbox 75 1710 863 1768; baseline 0 -14"><span class='ocrx_word' id='word_1_148' title='bbox 75 1713 195 1768; x_wconf 89' lang='lat' dir='ltr'>dissimoqne</span> <span class='ocrx_word' id='word_1_149' title='bbox 213 1711 305 1753; x_wconf 84' lang='lat' dir='ltr'>certioris</span> <span class='ocrx_word' id='word_1_150' title='bbox 321 1724 382 1752; x_wconf 90' lang='lat' dir='ltr'>aurae</span> <span class='ocrx_word' id='word_1_151' title='bbox 398 1725 421 1751; x_wconf 88' lang='lat' dir='ltr'>ac</span> <span class='ocrx_word' id='word_1_152' title='bbox 440 1710 554 1753; x_wconf 88' lang='lat' dir='ltr'>securitatis</span> <span class='ocrx_word' id='word_1_153' title='bbox 569 1712 635 1753; x_wconf 88' lang='lat' dir='ltr'>afflatu</span> <span class='ocrx_word' id='word_1_154' title='bbox 646 1714 785 1767; x_wconf 83' lang='lat' dir='ltr'>perfruentes,</span> <span class='ocrx_word' id='word_1_155' title='bbox 807 1719 863 1754; x_wconf 86' lang='lat' dir='ltr'>tran-</span> 
     </span>
     <span class='ocr_line' id='line_1_20' title="bbox 75 1778 862 1836; baseline -0.001 -14"><span class='ocrx_word' id='word_1_156' title='bbox 75 1780 156 1836; x_wconf 89' lang='lat' dir='ltr'>quillum</span> <span class='ocrx_word' id='word_1_157' title='bbox 169 1781 207 1822; x_wconf 89' lang='lat' dir='ltr'>iam</span> <span class='ocrx_word' id='word_1_158' title='bbox 219 1780 240 1821; x_wconf 92' lang='lat' dir='ltr'>in</span> <span class='ocrx_word' id='word_1_159' title='bbox 252 1786 329 1834; x_wconf 91' lang='lat' dir='ltr'>portum</span> <span class='ocrx_word' id='word_1_160' title='bbox 342 1779 432 1820; x_wconf 90' lang='lat' dir='ltr'>subducti</span> <span class='ocrx_word' id='word_1_161' title='bbox 445 1778 515 1834; x_wconf 90' lang='lat' dir='ltr'>spiritu</span> <span class='ocrx_word' id='word_1_162' title='bbox 528 1779 634 1834; x_wconf 89' lang='lat' dir='ltr'>animoque</span> <span class='ocrx_word' id='word_1_163' title='bbox 645 1781 750 1835; x_wconf 79' lang='lat' dir='ltr'>gestimus.</span> <span class='ocrx_word' id='word_1_164' title='bbox 782 1779 862 1822; x_wconf 81' lang='lat' dir='ltr'>Etenim</span> 
     </span>
     <span class='ocr_line' id='line_1_21' title="bbox 74 1846 863 1904; baseline -0.001 -14"><span class='ocrx_word' id='word_1_165' title='bbox 74 1849 99 1890; x_wconf 90' lang='lat' dir='ltr'>iis</span> <span class='ocrx_word' id='word_1_166' title='bbox 109 1849 130 1890; x_wconf 90' lang='lat' dir='ltr'>in</span> <span class='ocrx_word' id='word_1_167' title='bbox 146 1849 248 1900; x_wconf 89' lang='lat' dir='ltr'>omnibus,</span> <span class='ocrx_word' id='word_1_168' title='bbox 270 1848 288 1888; x_wconf 91' lang='lat' dir='ltr'>si</span> <span class='ocrx_word' id='word_1_169' title='bbox 305 1861 374 1889; x_wconf 91' lang='lat' dir='ltr'>verum</span> <span class='ocrx_word' id='word_1_170' title='bbox 391 1846 448 1888; x_wconf 87' lang='lat' dir='ltr'>fateri</span> <span class='ocrx_word' id='word_1_171' title='bbox 464 1847 568 1899; x_wconf 90' lang='lat' dir='ltr'>volumus,</span> <span class='ocrx_word' id='word_1_172' title='bbox 591 1847 680 1904; x_wconf 89' lang='lat' dir='ltr'>pluribus</span> <span class='ocrx_word' id='word_1_173' title='bbox 695 1848 826 1893; x_wconf 88' lang='lat' dir='ltr'>incommodis</span> <span class='ocrx_word' id='word_1_174' title='bbox 843 1855 863 1890; x_wconf 91' lang='lat' dir='ltr'>et</span> 
     </span>
     <span class='ocr_line' id='line_1_22' title="bbox 75 1915 861 1972; baseline 0 -14"><span class='ocrx_word' id='word_1_175' title='bbox 75 1916 169 1958; x_wconf 84' lang='lat' dir='ltr'>maximis</span> <span class='ocrx_word' id='word_1_176' title='bbox 181 1916 259 1958; x_wconf 90' lang='lat' dir='ltr'>iniuriis</span> <span class='ocrx_word' id='word_1_177' title='bbox 269 1915 377 1957; x_wconf 84' lang='lat' dir='ltr'>conflictati</span> <span class='ocrx_word' id='word_1_178' title='bbox 388 1929 411 1956; x_wconf 91' lang='lat' dir='ltr'>ac</span> <span class='ocrx_word' id='word_1_179' title='bbox 423 1915 515 1956; x_wconf 89' lang='lat' dir='ltr'>terrestri</span> <span class='ocrx_word' id='word_1_180' title='bbox 525 1916 663 1972; x_wconf 88' lang='lat' dir='ltr'>maritimoque</span> <span class='ocrx_word' id='word_1_181' title='bbox 676 1916 748 1958; x_wconf 90' lang='lat' dir='ltr'>itinere</span> <span class='ocrx_word' id='word_1_182' title='bbox 760 1918 861 1969; x_wconf 87' lang='lat' dir='ltr'>confecto,</span> 
     </span>
     <span class='ocr_line' id='line_1_23' title="bbox 24 1983 864 2042; baseline 0 -15"><span class='ocrx_word' id='word_1_183' title='bbox 24 1985 26 1989; x_wconf 54' lang='lat'><em>⁴</em></span> <span class='ocrx_word' id='word_1_184' title='bbox 76 2000 159 2041; x_wconf 88' lang='lat' dir='ltr'>quornm</span> <span class='ocrx_word' id='word_1_185' title='bbox 175 1986 195 2027; x_wconf 92' lang='lat' dir='ltr'>in</span> <span class='ocrx_word' id='word_1_186' title='bbox 207 1986 240 2027; x_wconf 92' lang='lat' dir='ltr'>illo</span> <span class='ocrx_word' id='word_1_187' title='bbox 256 1985 360 2040; x_wconf 84' lang='lat' dir='ltr'>impeditas</span> <span class='ocrx_word' id='word_1_188' title='bbox 372 1998 396 2025; x_wconf 93' lang='lat' dir='ltr'>ac</span> <span class='ocrx_word' id='word_1_189' title='bbox 411 1983 499 2025; x_wconf 88' lang='lat' dir='ltr'>difficiles</span> <span class='ocrx_word' id='word_1_190' title='bbox 510 1984 599 2026; x_wconf 89' lang='lat' dir='ltr'>salebras</span> <span class='ocrx_word' id='word_1_191' title='bbox 612 1992 632 2025; x_wconf 88' lang='lat' dir='ltr'>ct</span> <span class='ocrx_word' id='word_1_192' title='bbox 642 1985 755 2027; x_wconf 89' lang='lat' dir='ltr'>solitudinis</span> <span class='ocrx_word' id='word_1_193' title='bbox 768 1986 864 2042; x_wconf 87' lang='lat' dir='ltr'>asperita-</span> 
     </span>
     <span class='ocr_line' id='line_1_24' title="bbox 77 2052 864 2111; baseline 0.001 -16"><span class='ocrx_word' id='word_1_194' title='bbox 77 2061 119 2107; x_wconf 90' lang='lat' dir='ltr'>tes,</span> <span class='ocrx_word' id='word_1_195' title='bbox 141 2055 162 2096; x_wconf 90' lang='lat' dir='ltr'>in</span> <span class='ocrx_word' id='word_1_196' title='bbox 178 2054 215 2096; x_wconf 90' lang='lat' dir='ltr'>hoc</span> <span class='ocrx_word' id='word_1_197' title='bbox 230 2053 287 2095; x_wconf 91' lang='lat' dir='ltr'>varia</span> <span class='ocrx_word' id='word_1_198' title='bbox 299 2052 386 2109; x_wconf 84' lang='lat' dir='ltr'>pericula</span> <span class='ocrx_word' id='word_1_199' title='bbox 399 2052 472 2094; x_wconf 89' lang='lat' dir='ltr'>fuimus</span> <span class='ocrx_word' id='word_1_200' title='bbox 488 2053 577 2105; x_wconf 86' lang='lat' dir='ltr'>emensi,</span> <span class='ocrx_word' id='word_1_201' title='bbox 599 2068 642 2095; x_wconf 89' lang='lat' dir='ltr'>cnm</span> <span class='ocrx_word' id='word_1_202' title='bbox 654 2054 693 2095; x_wconf 87' lang='lat' dir='ltr'>iam</span> <span class='ocrx_word' id='word_1_203' title='bbox 705 2054 806 2096; x_wconf 88' lang='lat' dir='ltr'>civitatem</span> <span class='ocrx_word' id='word_1_204' title='bbox 817 2069 864 2111; x_wconf 94' lang='lat' dir='ltr'>pro-</span> 
     </span>
     <span class='ocr_line' id='line_1_25' title="bbox 77 2121 864 2181; baseline 0.001 -16"><span class='ocrx_word' id='word_1_205' title='bbox 77 2124 195 2181; x_wconf 89' lang='lat' dir='ltr'>spiciamus,</span> <span class='ocrx_word' id='word_1_206' title='bbox 217 2124 240 2166; x_wconf 92' lang='lat' dir='ltr'>ad</span> <span class='ocrx_word' id='word_1_207' title='bbox 252 2123 315 2180; x_wconf 89' lang='lat' dir='ltr'>ipsam</span> <span class='ocrx_word' id='word_1_208' title='bbox 331 2134 463 2179; x_wconf 87' lang='lat' dir='ltr'>properemus</span> <span class='ocrx_word' id='word_1_209' title='bbox 473 2128 563 2164; x_wconf 89' lang='lat' dir='ltr'>sanctam</span> <span class='ocrx_word' id='word_1_210' title='bbox 574 2121 714 2177; x_wconf 87' lang='lat' dir='ltr'>Hierusalem,</span> <span class='ocrx_word' id='word_1_211' title='bbox 735 2121 812 2166; x_wconf 85' lang='lat' dir='ltr'>Christi</span> <span class='ocrx_word' id='word_1_212' title='bbox 822 2124 864 2167; x_wconf 92' lang='lat' dir='ltr'>vir-</span> 
     </span>
     <span class='ocr_line' id='line_1_26' title="bbox 77 2191 864 2250; baseline 0 -14"><span class='ocrx_word' id='word_1_213' title='bbox 77 2195 143 2249; x_wconf 83' lang='lat' dir='ltr'>ginem</span> <span class='ocrx_word' id='word_1_214' title='bbox 155 2208 179 2236; x_wconf 87' lang='lat' dir='ltr'>ao</span> <span class='ocrx_word' id='word_1_215' title='bbox 191 2206 296 2250; x_wconf 85' lang='lat' dir='ltr'>sponsam,</span> <span class='ocrx_word' id='word_1_216' title='bbox 318 2191 375 2234; x_wconf 91' lang='lat' dir='ltr'>basin</span> <span class='ocrx_word' id='word_1_217' title='bbox 387 2198 407 2233; x_wconf 91' lang='lat' dir='ltr'>et</span> <span class='ocrx_word' id='word_1_218' title='bbox 422 2199 499 2248; x_wconf 88' lang='lat' dir='ltr'>petram</span> <span class='ocrx_word' id='word_1_219' title='bbox 516 2191 667 2245; x_wconf 88' lang='lat' dir='ltr'>solidissimam,</span> <span class='ocrx_word' id='word_1_220' title='bbox 689 2194 864 2249; x_wconf 87' lang='lat' dir='ltr'>venerandamque</span> 
     </span>
     <span class='ocr_line' id='line_1_27' title="bbox 78 2258 865 2320; baseline -0.003 -14"><span class='ocrx_word' id='word_1_221' title='bbox 78 2271 160 2306; x_wconf 86' lang='lat' dir='ltr'>matrem</span> <span class='ocrx_word' id='word_1_222' title='bbox 178 2271 266 2305; x_wconf 90' lang='lat' dir='ltr'>nostram</span> <span class='ocrx_word' id='word_1_223' title='bbox 284 2269 303 2304; x_wconf 88' lang='lat' dir='ltr'>et</span> <span class='ocrx_word' id='word_1_224' title='bbox 318 2261 401 2303; x_wconf 90' lang='lat' dir='ltr'>eandem</span> <span class='ocrx_word' id='word_1_225' title='bbox 423 2258 498 2304; x_wconf 82' lang='lat' dir='ltr'>Christi</span> <span class='ocrx_word' id='word_1_226' title='bbox 516 2276 617 2317; x_wconf 90' lang='lat' dir='ltr'>sponsam.</span> <span class='ocrx_word' id='word_1_227' title='bbox 649 2260 672 2304; x_wconf 91' lang='lat' dir='ltr'>ln</span> <span class='ocrx_word' id='word_1_228' title='bbox 692 2277 731 2319; x_wconf 91' lang='lat' dir='ltr'>qno</span> <span class='ocrx_word' id='word_1_229' title='bbox 753 2270 865 2320; x_wconf 91' lang='lat' dir='ltr'>opportune</span> 
     </span>
     <span class='ocr_line' id='line_1_28' title="bbox 78 2333 958 2390; baseline -0.001 -14"><span class='ocrx_word' id='word_1_230' title='bbox 78 2333 130 2376; x_wconf 90' lang='lat' dir='ltr'>istud</span> <span class='ocrx_word' id='word_1_231' title='bbox 141 2346 238 2390; x_wconf 89' lang='lat' dir='ltr'>usurpare</span> <span class='ocrx_word' id='word_1_232' title='bbox 249 2345 366 2389; x_wconf 89' lang='lat' dir='ltr'>possumus,</span> <span class='ocrx_word' id='word_1_233' title='bbox 384 2334 459 2381; x_wconf 81' lang='lat' dir='ltr'>Venite,</span> <span class='ocrx_word' id='word_1_234' title='bbox 475 2334 599 2372; x_wconf 78' lang='lat' dir='ltr'>ascendemus</span> <span class='ocrx_word' id='word_1_235' title='bbox 611 2335 728 2373; x_wconf 79' lang='lat' dir='ltr'>adnomen</span> <span class='ocrx_word' id='word_1_236' title='bbox 741 2335 823 2382; x_wconf 83' lang='lat' dir='ltr'>domini,</span> <span class='ocrx_word' id='word_1_237' title='bbox 846 2340 958 2385; x_wconf 68' lang='lat' dir='ltr'>etesacea.</span> 
     </span>
     <span class='ocr_line' id='line_1_29' title="bbox 78 2401 748 2450; baseline -0.001 -6"><span class='ocrx_word' id='word_1_238' title='bbox 78 2406 105 2444; x_wconf 83' lang='lat' dir='ltr'>nd</span> <span class='ocrx_word' id='word_1_239' title='bbox 118 2406 192 2444; x_wconf 80' lang='lat' dir='ltr'>domem</span> <span class='ocrx_word' id='word_1_240' title='bbox 207 2405 239 2443; x_wconf 82' lang='lat' dir='ltr'>dei</span> <span class='ocrx_word' id='word_1_241' title='bbox 251 2403 320 2450; x_wconf 81' lang='lat' dir='ltr'>Iacob,</span> <span class='ocrx_word' id='word_1_242' title='bbox 337 2408 358 2440; x_wconf 83' lang='lat' dir='ltr'>et</span> <span class='ocrx_word' id='word_1_243' title='bbox 371 2401 494 2441; x_wconf 80' lang='lat' dir='ltr'>annuntiabit</span> <span class='ocrx_word' id='word_1_244' title='bbox 506 2402 561 2440; x_wconf 77' lang='lat' dir='ltr'>nobis</span> <span class='ocrx_word' id='word_1_245' title='bbox 575 2404 624 2441; x_wconf 76' lang='lat' dir='ltr'>ornan</span> <span class='ocrx_word' id='word_1_246' title='bbox 639 2416 692 2442; x_wconf 86' lang='lat' dir='ltr'>snnm</span> <span class='ocrx_word' id='word_1_247' title='bbox 708 2409 748 2443; x_wconf 84' lang='lat' dir='ltr'>ele.</span> 
     </span>
    </p>

    <p class='ocr_par' dir='ltr' id='par_1_4' title="bbox 80 2467 951 2804">
     <span class='ocr_line' id='line_1_30' title="bbox 137 2467 951 2528; baseline -0.001 -14"><span class='ocrx_word' id='word_1_248' title='bbox 137 2472 197 2528; x_wconf 84' lang='lat' dir='ltr'>Agite</span> <span class='ocrx_word' id='word_1_249' title='bbox 207 2472 274 2527; x_wconf 88' lang='lat' dir='ltr'>itaque</span> <span class='ocrx_word' id='word_1_250' title='bbox 286 2467 362 2512; x_wconf 84' lang='lat' dir='ltr'>Christi</span> <span class='ocrx_word' id='word_1_251' title='bbox 373 2469 407 2511; x_wconf 90' lang='lat' dir='ltr'>lilii</span> <span class='ocrx_word' id='word_1_252' title='bbox 417 2483 440 2511; x_wconf 88' lang='lat' dir='ltr'>ac</span> <span class='ocrx_word' id='word_1_253' title='bbox 453 2476 534 2510; x_wconf 88' lang='lat' dir='ltr'>sanctae</span> <span class='ocrx_word' id='word_1_254' title='bbox 545 2469 576 2511; x_wconf 91' lang='lat' dir='ltr'>dei</span> <span class='ocrx_word' id='word_1_255' title='bbox 589 2470 687 2512; x_wconf 87' lang='lat' dir='ltr'>ecclesiae</span> <span class='ocrx_word' id='word_1_256' title='bbox 698 2470 767 2522; x_wconf 88' lang='lat' dir='ltr'>liberi,</span> <span class='ocrx_word' id='word_1_257' title='bbox 784 2470 816 2526; x_wconf 89' lang='lat' dir='ltr'>qui</span> <span class='ocrx_word' id='word_1_258' title='bbox 828 2471 866 2513; x_wconf 88' lang='lat' dir='ltr'>boc</span> <span class='ocrx_word' id='word_1_259' title='bbox 879 2471 919 2517; x_wconf 81' lang='lat' dir='ltr'>cap.</span> <span class='ocrx_word' id='word_1_260' title='bbox 928 2473 951 2505; x_wconf 81' lang='lat' dir='ltr'>n.</span> 
     </span>
     <span class='ocr_line' id='line_1_31' title="bbox 80 2537 866 2595; baseline 0 -13"><span class='ocrx_word' id='word_1_261' title='bbox 80 2549 170 2584; x_wconf 90' lang='lat' dir='ltr'>nostrum</span> <span class='ocrx_word' id='word_1_262' title='bbox 186 2541 210 2582; x_wconf 91' lang='lat' dir='ltr'>de</span> <span class='ocrx_word' id='word_1_263' title='bbox 225 2537 312 2581; x_wconf 87' lang='lat' dir='ltr'><strong>LXXX</strong></span> <span class='ocrx_word' id='word_1_264' title='bbox 327 2538 444 2581; x_wconf 88' lang='lat' dir='ltr'>haeresibus</span> <span class='ocrx_word' id='word_1_265' title='bbox 460 2551 509 2594; x_wconf 93' lang='lat' dir='ltr'>opus</span> <span class='ocrx_word' id='word_1_266' title='bbox 525 2537 612 2593; x_wconf 83' lang='lat' dir='ltr'>henigne</span> <span class='ocrx_word' id='word_1_267' title='bbox 630 2539 770 2595; x_wconf 87' lang='lat' dir='ltr'>percurristis,</span> <span class='ocrx_word' id='word_1_268' title='bbox 793 2539 866 2595; x_wconf 88' lang='lat' dir='ltr'>quique</span> 
     </span>
     <span class='ocr_line' id='line_1_32' title="bbox 82 2607 865 2666; baseline -0.001 -14"><span class='ocrx_word' id='word_1_269' title='bbox 82 2624 157 2652; x_wconf 90' lang='lat' dir='ltr'>mecum</span> <span class='ocrx_word' id='word_1_270' title='bbox 174 2608 292 2651; x_wconf 89' lang='lat' dir='ltr'>altissimum</span> <span class='ocrx_word' id='word_1_271' title='bbox 306 2607 361 2649; x_wconf 89' lang='lat' dir='ltr'>illum</span> <span class='ocrx_word' id='word_1_272' title='bbox 379 2621 485 2664; x_wconf 86' lang='lat' dir='ltr'>pravorum</span> <span class='ocrx_word' id='word_1_273' title='bbox 497 2607 623 2663; x_wconf 77' lang='lat' dir='ltr'>dogmatum,</span> <span class='ocrx_word' id='word_1_274' title='bbox 645 2623 696 2664; x_wconf 87' lang='lat' dir='ltr'>quoe</span> <span class='ocrx_word' id='word_1_275' title='bbox 707 2609 809 2665; x_wconf 88' lang='lat' dir='ltr'>hucusque</span> <span class='ocrx_word' id='word_1_276' title='bbox 820 2623 865 2666; x_wconf 88' lang='lat' dir='ltr'>pcr-</span> 
     </span>
     <span class='ocr_line' id='line_1_33' title="bbox 81 2677 866 2733; baseline -0.001 -12"><span class='ocrx_word' id='word_1_277' title='bbox 81 2680 206 2730; x_wconf 88' lang='lat' dir='ltr'>censuimus,</span> <span class='ocrx_word' id='word_1_278' title='bbox 227 2677 326 2733; x_wconf 87' lang='lat' dir='ltr'>gurgitem</span> <span class='ocrx_word' id='word_1_279' title='bbox 339 2678 445 2728; x_wconf 87' lang='lat' dir='ltr'>tranastis,</span> <span class='ocrx_word' id='word_1_280' title='bbox 469 2691 492 2718; x_wconf 91' lang='lat' dir='ltr'>ac</span> <span class='ocrx_word' id='word_1_281' title='bbox 505 2683 580 2718; x_wconf 89' lang='lat' dir='ltr'>vastam</span> <span class='ocrx_word' id='word_1_282' title='bbox 593 2684 613 2718; x_wconf 92' lang='lat' dir='ltr'>et</span> <span class='ocrx_word' id='word_1_283' title='bbox 623 2678 765 2720; x_wconf 83' lang='lat' dir='ltr'>formidabilem</span> <span class='ocrx_word' id='word_1_284' title='bbox 778 2677 866 2720; x_wconf 89' lang='lat' dir='ltr'>siticulo-</span> 
     </span>
     <span class='ocr_line' id='line_1_34' title="bbox 82 2746 867 2804; baseline 0 -16"><span class='ocrx_word' id='word_1_285' title='bbox 82 2760 163 2804; x_wconf 86' lang='lat' dir='ltr'>samqne</span> <span class='ocrx_word' id='word_1_286' title='bbox 179 2746 305 2790; x_wconf 88' lang='lat' dir='ltr'>solitudinem</span> <span class='ocrx_word' id='word_1_287' title='bbox 322 2746 456 2802; x_wconf 81' lang='lat' dir='ltr'>peragrastis,</span> <span class='ocrx_word' id='word_1_288' title='bbox 476 2759 543 2787; x_wconf 87' lang='lat' dir='ltr'>rerum</span> <span class='ocrx_word' id='word_1_289' title='bbox 560 2746 648 2788; x_wconf 92' lang='lat' dir='ltr'>omnium</span> <span class='ocrx_word' id='word_1_290' title='bbox 660 2747 760 2790; x_wconf 89' lang='lat' dir='ltr'>dominum</span> <span class='ocrx_word' id='word_1_291' title='bbox 774 2747 867 2804; x_wconf 88' lang='lat' dir='ltr'>implore-</span> 
     </span>
    </p>
   </div>
   <div class='ocr_carea' id='block_1_4' title="bbox 83 2926 870 3158">
    <p class='ocr_par' dir='ltr' id='par_1_5' title="bbox 106 2926 666 2975">
     <span class='ocr_line' id='line_1_35' title="bbox 106 2926 666 2975; baseline -0.005 -9"><span class='ocrx_word' id='word_1_292' title='bbox 106 2927 122 2965; x_wconf 75' lang='lat'>4.</span> <span class='ocrx_word' id='word_1_293' title='bbox 135 2926 260 2975; x_wconf 69' lang='grc' dir='ltr'>ὑπελωφῶντες</span> <span class='ocrx_word' id='word_1_294' title='bbox 271 2931 305 2964; x_wconf 88' lang='lat' dir='ltr'>cod.</span> <span class='ocrx_word' id='word_1_295' title='bbox 316 2930 383 2971; x_wconf 62' lang='lat' dir='ltr'>neenec.</span> <span class='ocrx_word' id='word_1_296' title='bbox 487 2932 543 2963; x_wconf 83' lang='lat' dir='ltr'>Petne.</span> <span class='ocrx_word' id='word_1_297' title='bbox 555 2930 608 2962; x_wconf 77' lang='lat' dir='ltr'>Gelon.</span> <span class='ocrx_word' id='word_1_298' title='bbox 619 2934 666 2972; x_wconf 85' lang='lat' dir='ltr'>repet.</span> 
     </span>
    </p>

    <p class='ocr_par' dir='ltr' id='par_1_6' title="bbox 83 2971 870 3101">
     <span class='ocr_line' id='line_1_36' title="bbox 106 2971 870 3022; baseline -0.001 -13"><span class='ocrx_word' id='word_1_299' title='bbox 106 2977 122 3009; x_wconf 82' lang='lat'>5.</span> <span class='ocrx_word' id='word_1_300' title='bbox 134 2979 197 3019; x_wconf 78' lang='lat' dir='ltr'>lneptttt</span> <span class='ocrx_word' id='word_1_301' title='bbox 206 2979 282 3011; x_wconf 84' lang='lat' dir='ltr'>Petoctns</span> <span class='ocrx_word' id='word_1_302' title='bbox 295 2977 369 3009; x_wconf 84' lang='lat' dir='ltr'>cocnlcm</span> <span class='ocrx_word' id='word_1_303' title='bbox 378 2972 411 3015; x_wconf 82' lang='grc' dir='ltr'>τὰς</span> <span class='ocrx_word' id='word_1_304' title='bbox 420 2977 465 3009; x_wconf 70' lang='lat' dir='ltr'>unn-</span> <span class='ocrx_word' id='word_1_305' title='bbox 510 2976 527 3010; x_wconf 77' lang='lat'>7.</span> <span class='ocrx_word' id='word_1_306' title='bbox 545 2977 595 3017; x_wconf 78' lang='lat' dir='ltr'>anqo</span> <span class='ocrx_word' id='word_1_307' title='bbox 610 2977 647 3008; x_wconf 75' lang='lat' dir='ltr'>labri</span> <span class='ocrx_word' id='word_1_308' title='bbox 661 2971 720 3022; x_wconf 77' lang='grc' dir='ltr'>ἅβρας.</span> <span class='ocrx_word' id='word_1_309' title='bbox 750 2977 801 3016; x_wconf 84' lang='lat' dir='ltr'>Quam</span> <span class='ocrx_word' id='word_1_310' title='bbox 816 2978 870 3017; x_wconf 80' lang='lat' dir='ltr'>recepi</span> 
     </span>
     <span class='ocr_line' id='line_1_37' title="bbox 83 3016 868 3065; baseline 0 -10"><span class='ocrx_word' id='word_1_311' title='bbox 83 3024 109 3055; x_wconf 78' lang='lat' dir='ltr'>nis</span> <span class='ocrx_word' id='word_1_312' title='bbox 119 3025 207 3065; x_wconf 78' lang='lat' dir='ltr'>includens,</span> <span class='ocrx_word' id='word_1_313' title='bbox 218 3027 294 3065; x_wconf 78' lang='lat' dir='ltr'>tanquam</span> <span class='ocrx_word' id='word_1_314' title='bbox 306 3023 391 3056; x_wconf 83' lang='lat' dir='ltr'>delendam</span> <span class='ocrx_word' id='word_1_315' title='bbox 401 3023 465 3055; x_wconf 78' lang='lat' dir='ltr'>iudica·</span> <span class='ocrx_word' id='word_1_316' title='bbox 487 3024 582 3063; x_wconf 81' lang='lat' dir='ltr'>scripturum</span> <span class='ocrx_word' id='word_1_317' title='bbox 597 3016 662 3065; x_wconf 71' lang='grc' dir='ltr'>αὔρας,</span> <span class='ocrx_word' id='word_1_318' title='bbox 685 3031 704 3055; x_wconf 83' lang='lat' dir='ltr'>en</span> <span class='ocrx_word' id='word_1_319' title='bbox 719 3023 784 3054; x_wconf 82' lang='lat' dir='ltr'>Pctocto</span> <span class='ocrx_word' id='word_1_320' title='bbox 799 3022 868 3055; x_wconf 83' lang='lat' dir='ltr'>detetur.</span> 
     </span>
     <span class='ocr_line' id='line_1_38' title="bbox 84 3065 869 3101; baseline -0.003 0"><span class='ocrx_word' id='word_1_321' title='bbox 84 3071 112 3101; x_wconf 78' lang='lat' dir='ltr'>tel.</span> <span class='ocrx_word' id='word_1_322' title='bbox 489 3070 533 3100; x_wconf 80' lang='lat' dir='ltr'>Verte</span> <span class='ocrx_word' id='word_1_323' title='bbox 542 3067 635 3100; x_wconf 86' lang='lat' dir='ltr'>securitatis</span> <span class='ocrx_word' id='word_1_324' title='bbox 646 3079 667 3100; x_wconf 78' lang='lat' dir='ltr'>ex</span> <span class='ocrx_word' id='word_1_325' title='bbox 679 3073 725 3100; x_wconf 86' lang='lat' dir='ltr'>terra</span> <span class='ocrx_word' id='word_1_326' title='bbox 732 3065 781 3100; x_wconf 78' lang='lat' dir='ltr'>firma</span> <span class='ocrx_word' id='word_1_327' title='bbox 787 3067 832 3100; x_wconf 76' lang='lat' dir='ltr'>avaris</span> <span class='ocrx_word' id='word_1_328' title='bbox 842 3067 869 3100; x_wconf 86' lang='lat' dir='ltr'>af-</span> 
     </span>
    </p>

    <p class='ocr_par' dir='ltr' id='par_1_7' title="bbox 108 3112 530 3158">
     <span class='ocr_line' id='line_1_39' title="bbox 108 3112 530 3158; baseline -0.005 -11"><span class='ocrx_word' id='word_1_329' title='bbox 108 3112 124 3147; x_wconf 80' lang='lat'>6.</span> <span class='ocrx_word' id='word_1_330' title='bbox 133 3112 164 3158; x_wconf 74' lang='grc' dir='ltr'>πρὸ</span> <span class='ocrx_word' id='word_1_331' title='bbox 174 3125 205 3156; x_wconf 80' lang='lat' dir='ltr'>pro</span> <span class='ocrx_word' id='word_1_332' title='bbox 214 3112 247 3151; x_wconf 74' lang='grc' dir='ltr'>ἀπὸ</span> <span class='ocrx_word' id='word_1_333' title='bbox 257 3116 330 3149; x_wconf 74' lang='lat' dir='ltr'>nuendose</span> <span class='ocrx_word' id='word_1_334' title='bbox 339 3115 395 3156; x_wconf 80' lang='lat' dir='ltr'>lepttur</span> <span class='ocrx_word' id='word_1_335' title='bbox 402 3116 419 3147; x_wconf 82' lang='lat' dir='ltr'>tn</span> <span class='ocrx_word' id='word_1_336' title='bbox 429 3115 465 3147; x_wconf 79' lang='lat' dir='ltr'>edil.</span> <span class='ocrx_word' id='word_1_337' title='bbox 488 3112 530 3146; x_wconf 80' lang='lat' dir='ltr'>flati.</span> 
     </span>
    </p>
   </div>
   <div class='ocr_carea' id='block_1_5' title="bbox 680 3171 731 3215">
    <p class='ocr_par' dir='ltr' id='par_1_8' title="bbox 680 3171 731 3215">
     <span class='ocr_line' id='line_1_40' title="bbox 680 3171 731 3215; baseline -0.02 -1"><span class='ocrx_word' id='word_1_338' title='bbox 680 3174 706 3215; x_wconf 76' lang='lat'>31</span> <span class='ocrx_word' id='word_1_339' title='bbox 719 3171 731 3196; x_wconf 81' lang='lat'>*</span> 
     </span>
    </p>
   </div>
   <div class='ocr_carea' id='block_1_6' title="bbox 0 0 1017 3392">
    <p class='ocr_par' dir='ltr' id='par_1_9' title="bbox 0 0 1017 3392">
     <span class='ocr_line' id='line_1_41' title="bbox 0 0 1017 3392; baseline 0 0"><span class='ocrx_word' id='word_1_340' title='bbox 0 0 1017 3392; x_wconf 95' lang='lat' dir='ltr'> </span> 
     </span>
    </p>
   </div>
  </div>
 </body>
</html>
