<?xml version="1.0" encoding="UTF-8"?>
<!DOCTYPE html PUBLIC "-//W3C//DTD XHTML 1.0 Transitional//EN"
    "http://www.w3.org/TR/xhtml1/DTD/xhtml1-transitional.dtd">
<html xmlns="http://www.w3.org/1999/xhtml" xml:lang="en" lang="en">
 <head>
  <title>
</title>
<meta http-equiv="Content-Type" content="text/html;charset=utf-8" />
  <meta name='ocr-system' content='tesseract 3.04.00' />
  <meta name='ocr-capabilities' content='ocr_page ocr_carea ocr_par ocr_line ocrx_word'/>
</head>
<body>
  <div class='ocr_page' id='page_1' title='image "./MN41650ucmf_1/MN41650ucmf_1_0428.png"; bbox 0 0 1988 3392; ppageno 0'>
   <div class='ocr_carea' id='block_1_1' title="bbox 68 209 624 266">
    <p class='ocr_par' dir='ltr' id='par_1_1' title="bbox 68 209 624 266">
     <span class='ocr_line' id='line_1_1' title="bbox 68 209 624 266; baseline 0.011 -7"><span class='ocrx_word' id='word_1_1' title='bbox 68 256 69 259; x_wconf 76' lang='grc'><em>,</em></span> <span class='ocrx_word' id='word_1_2' title='bbox 125 209 167 266; x_wconf 67' lang='grc'><em>406</em></span> <span class='ocrx_word' id='word_1_3' title='bbox 413 229 496 264; x_wconf 75' lang='grc' dir='ltr'><em>ελαοαι</em></span> <span class='ocrx_word' id='word_1_4' title='bbox 507 230 624 265; x_wconf 74' lang='grc' dir='ltr'><em>Εαιειιεαιι</em></span> 
     </span>
    </p>
   </div>
   <div class='ocr_carea' id='block_1_2' title="bbox 46 307 932 2427">
    <p class='ocr_par' dir='ltr' id='par_1_2' title="bbox 126 307 932 2151">
     <span class='ocr_line' id='line_1_2' title="bbox 127 307 911 369; baseline 0.004 -17"><span class='ocrx_word' id='word_1_5' title='bbox 127 308 246 366; x_wconf 73' lang='grc' dir='ltr'><em>βλάσφημα,</em></span> <span class='ocrx_word' id='word_1_6' title='bbox 260 311 295 353; x_wconf 83' lang='grc' dir='ltr'><em>ααὶ</em></span> <span class='ocrx_word' id='word_1_7' title='bbox 307 309 333 353; x_wconf 81' lang='grc' dir='ltr'><em>τοί</em></span> <span class='ocrx_word' id='word_1_8' title='bbox 343 307 400 364; x_wconf 84' lang='grc' dir='ltr'><em>ἐκτός</em></span> <span class='ocrx_word' id='word_1_9' title='bbox 411 307 470 366; x_wconf 78' lang='grc' dir='ltr'><em>ολγίου</em></span> <span class='ocrx_word' id='word_1_10' title='bbox 481 310 604 364; x_wconf 88' lang='grc' dir='ltr'><em>πνεύματος,</em></span> <span class='ocrx_word' id='word_1_11' title='bbox 619 307 650 363; x_wconf 84' lang='grc' dir='ltr'><em>ἐφ’</em></span> <span class='ocrx_word' id='word_1_12' title='bbox 663 310 719 365; x_wconf 76' lang='grc' dir='ltr'><em>ἕτερα</em></span> <span class='ocrx_word' id='word_1_13' title='bbox 729 308 789 353; x_wconf 83' lang='grc' dir='ltr'><em>πόλιν</em></span> <span class='ocrx_word' id='word_1_14' title='bbox 798 309 858 355; x_wconf 77' lang='grc' dir='ltr'><em>καινοί</em></span> <span class='ocrx_word' id='word_1_15' title='bbox 868 312 911 369; x_wconf 86' lang='grc' dir='ltr'><em>τρέ-</em></span> 
     </span>
     <span class='ocr_line' id='line_1_3' title="bbox 127 376 911 434; baseline 0.003 -12"><span class='ocrx_word' id='word_1_16' title='bbox 127 396 204 422; x_wconf 91' lang='grc' dir='ltr'><em>πονται.</em></span> <span class='ocrx_word' id='word_1_17' title='bbox 237 380 264 421; x_wconf 86' lang='grc' dir='ltr'><em>Οἱ</em></span> <span class='ocrx_word' id='word_1_18' title='bbox 282 379 317 432; x_wconf 81' lang='grc' dir='ltr'><em>μὲν</em></span> <span class='ocrx_word' id='word_1_19' title='bbox 331 377 369 434; x_wconf 84' lang='grc' dir='ltr'><em>γαίρ</em></span> <span class='ocrx_word' id='word_1_20' title='bbox 386 376 421 421; x_wconf 88' lang='grc' dir='ltr'><em>τόν</em></span> <span class='ocrx_word' id='word_1_21' title='bbox 437 379 513 433; x_wconf 80' lang='grc' dir='ltr'><em>πατέρα</em></span> <span class='ocrx_word' id='word_1_22' title='bbox 525 382 676 434; x_wconf 75' lang='grc' dir='ltr'><em>βλασφημοῦσι,</em></span> <span class='ocrx_word' id='word_1_23' title='bbox 697 378 732 421; x_wconf 89' lang='grc' dir='ltr'><em>τόν</em></span> <span class='ocrx_word' id='word_1_24' title='bbox 743 382 784 422; x_wconf 90' lang='grc' dir='ltr'><em>τῶν</em></span> <span class='ocrx_word' id='word_1_25' title='bbox 798 378 851 422; x_wconf 81' lang='grc' dir='ltr'><em>όλατν</em></span> <span class='ocrx_word' id='word_1_26' title='bbox 862 379 911 424; x_wconf 82' lang='grc' dir='ltr'><em>θεόν</em></span> 
     </span>
     <span class='ocr_line' id='line_1_4' title="bbox 126 442 912 506; baseline 0.001 -16"><span class='ocrx_word' id='word_1_27' title='bbox 126 449 161 491; x_wconf 80' lang='grc' dir='ltr'><em>καὶ</em></span> <span class='ocrx_word' id='word_1_28' title='bbox 170 445 301 504; x_wconf 83' lang='grc' dir='ltr'><em>δημιουργόν,</em></span> <span class='ocrx_word' id='word_1_29' title='bbox 316 449 337 490; x_wconf 81' lang='grc' dir='ltr'><em>οἱ</em></span> <span class='ocrx_word' id='word_1_30' title='bbox 347 447 401 501; x_wconf 81' lang='grc' dir='ltr'><em>ἀμφὶ</em></span> <span class='ocrx_word' id='word_1_31' title='bbox 410 445 446 502; x_wconf 77' lang='grc' dir='ltr'><em>την</em></span> <span class='ocrx_word' id='word_1_32' title='bbox 456 452 530 505; x_wconf 89' lang='grc' dir='ltr'><em>γνῶσιν</em></span> <span class='ocrx_word' id='word_1_33' title='bbox 539 446 646 504; x_wconf 88' lang='grc' dir='ltr'><em>λεγόμενοι.</em></span> <span class='ocrx_word' id='word_1_34' title='bbox 678 446 730 490; x_wconf 84' lang='grc' dir='ltr'><em>Οίδ’</em></span> <span class='ocrx_word' id='word_1_35' title='bbox 741 442 769 491; x_wconf 81' lang='grc' dir='ltr'><em>αύ</em></span> <span class='ocrx_word' id='word_1_36' title='bbox 779 446 840 491; x_wconf 84' lang='grc' dir='ltr'><em>πόλιν</em></span> <span class='ocrx_word' id='word_1_37' title='bbox 851 453 912 506; x_wconf 90' lang='grc' dir='ltr'><em>Μαρ-</em></span> 
     </span>
     <span class='ocr_line' id='line_1_5' title="bbox 128 515 932 573; baseline 0 -13"><span class='ocrx_word' id='word_1_38' title='bbox 128 519 199 567; x_wconf 82' lang='grc' dir='ltr'><em>αίωνες</em></span> <span class='ocrx_word' id='word_1_39' title='bbox 209 518 244 560; x_wconf 81' lang='grc' dir='ltr'><em>καί</em></span> <span class='ocrx_word' id='word_1_40' title='bbox 252 517 379 571; x_wconf 80' lang='grc' dir='ltr'><em>Ἀρχοντιιιολ</em></span> <span class='ocrx_word' id='word_1_41' title='bbox 389 515 519 571; x_wconf 77' lang='grc' dir='ltr'><em>καλούμενοι,</em></span> <span class='ocrx_word' id='word_1_42' title='bbox 534 517 569 560; x_wconf 77' lang='grc' dir='ltr'><em>καὶ</em></span> <span class='ocrx_word' id='word_1_43' title='bbox 580 515 658 567; x_wconf 80' lang='grc' dir='ltr'><em>τούτοις</em></span> <span class='ocrx_word' id='word_1_44' title='bbox 671 519 692 559; x_wconf 86' lang='grc' dir='ltr'><em>οί</em></span> <span class='ocrx_word' id='word_1_45' title='bbox 701 516 833 573; x_wconf 80' lang='grc' dir='ltr'><em>συνεπόμενοι</em></span> <span class='ocrx_word' id='word_1_46' title='bbox 845 522 913 561; x_wconf 87' lang='grc' dir='ltr'><em>Μαυι-</em></span> <span class='ocrx_word' id='word_1_47' title='bbox 929 564 932 571; x_wconf 45' lang='grc'><em>,</em></span> 
     </span>
     <span class='ocr_line' id='line_1_6' title="bbox 128 583 913 641; baseline 0.001 -12"><span class='ocrx_word' id='word_1_48' title='bbox 128 591 192 641; x_wconf 81' lang='grc' dir='ltr'><em>χαῖοι,</em></span> <span class='ocrx_word' id='word_1_49' title='bbox 213 588 235 629; x_wconf 81' lang='grc' dir='ltr'><em>οἱ</em></span> <span class='ocrx_word' id='word_1_50' title='bbox 248 584 284 639; x_wconf 79' lang='grc' dir='ltr'><em>την</em></span> <span class='ocrx_word' id='word_1_51' title='bbox 301 583 410 639; x_wconf 72' lang='grc' dir='ltr'><em>ὀνομασίαν</em></span> <span class='ocrx_word' id='word_1_52' title='bbox 425 584 541 628; x_wconf 77' lang='grc' dir='ltr'><strong><em>δικαιότατα</em></strong></span> <span class='ocrx_word' id='word_1_53' title='bbox 557 584 659 640; x_wconf 78' lang='grc' dir='ltr'><em>εἰληφότες</em></span> <span class='ocrx_word' id='word_1_54' title='bbox 673 586 695 629; x_wconf 79' lang='grc' dir='ltr'><em>ἐκ</em></span> <span class='ocrx_word' id='word_1_55' title='bbox 706 588 785 637; x_wconf 73' lang='grc' dir='ltr'><em>δικαίας</em></span> <span class='ocrx_word' id='word_1_56' title='bbox 795 585 849 637; x_wconf 89' lang='grc' dir='ltr'><em>τινός</em></span> <span class='ocrx_word' id='word_1_57' title='bbox 859 588 913 631; x_wconf 80' lang='grc' dir='ltr'><em>σίτο-</em></span> 
     </span>
     <span class='ocr_line' id='line_1_7' title="bbox 128 649 913 710; baseline 0.004 -13"><span class='ocrx_word' id='word_1_58' title='bbox 128 657 200 709; x_wconf 91' lang='grc' dir='ltr'><em>υομίας</em></span> <span class='ocrx_word' id='word_1_59' title='bbox 214 659 266 696; x_wconf 78' lang='grc' dir='ltr'><em>θεοῦ</em></span> <span class='ocrx_word' id='word_1_60' title='bbox 272 687 277 706; x_wconf 97' lang='grc'><em>,</em></span> <span class='ocrx_word' id='word_1_61' title='bbox 299 652 322 696; x_wconf 82' lang='grc' dir='ltr'><em>τό</em></span> <span class='ocrx_word' id='word_1_62' title='bbox 340 656 439 708; x_wconf 74' lang='grc' dir='ltr'><em>μανιῶδες</em></span> <span class='ocrx_word' id='word_1_63' title='bbox 454 652 529 708; x_wconf 83' lang='grc' dir='ltr'><em>όνομα,</em></span> <span class='ocrx_word' id='word_1_64' title='bbox 541 680 568 687; x_wconf 87' lang='lat'><em>-</em></span> <span class='ocrx_word' id='word_1_65' title='bbox 591 649 647 697; x_wconf 75' lang='grc' dir='ltr'><em>οὗτοι</em></span> <span class='ocrx_word' id='word_1_66' title='bbox 662 656 736 705; x_wconf 77' lang='grc' dir='ltr'><em>πάντες</em></span> <span class='ocrx_word' id='word_1_67' title='bbox 753 653 800 710; x_wconf 77' lang='grc' dir='ltr'><em>μεταλ</em></span> <span class='ocrx_word' id='word_1_68' title='bbox 816 655 913 700; x_wconf 85' lang='grc' dir='ltr'><em>πλειόνων</em></span> 
     </span>
     <span class='ocr_line' id='line_1_8' title="bbox 129 725 914 781; baseline 0.004 -16"><span class='ocrx_word' id='word_1_69' title='bbox 129 725 235 780; x_wconf 78' lang='grc' dir='ltr'><em>αἱρέσεων,</em></span> <span class='ocrx_word' id='word_1_70' title='bbox 258 727 414 778; x_wconf 81' lang='grc' dir='ltr'><em>Καϊνῶνφημι,</em></span> <span class='ocrx_word' id='word_1_71' title='bbox 434 726 551 778; x_wconf 84' lang='grc' dir='ltr'><em>Σητιανῶν,</em></span> <span class='ocrx_word' id='word_1_72' title='bbox 574 726 788 778; x_wconf 82' lang='grc' dir='ltr'><em>ιΜελγμσεδεαιανῶν,</em></span> <span class='ocrx_word' id='word_1_73' title='bbox 810 728 914 781; x_wconf 87' lang='grc' dir='ltr'><em>Κολορβα-</em></span> 
     </span>
     <span class='ocr_line' id='line_1_9' title="bbox 129 789 914 848; baseline 0.001 -13"><span class='ocrx_word' id='word_1_74' title='bbox 129 795 188 844; x_wconf 86' lang='grc' dir='ltr'><em>σίων,</em></span> <span class='ocrx_word' id='word_1_75' title='bbox 205 795 364 848; x_wconf 86' lang='grc' dir='ltr'><em>Κερδωνιανῶν,</em></span> <span class='ocrx_word' id='word_1_76' title='bbox 385 793 419 834; x_wconf 81' lang='grc' dir='ltr'><em>ναί</em></span> <span class='ocrx_word' id='word_1_77' title='bbox 429 796 468 834; x_wconf 88' lang='grc' dir='ltr'><em>τῶν</em></span> <span class='ocrx_word' id='word_1_78' title='bbox 480 789 553 841; x_wconf 78' lang='grc' dir='ltr'><em>όλλων,</em></span> <span class='ocrx_word' id='word_1_79' title='bbox 570 794 714 846; x_wconf 64' lang='grc' dir='ltr'><em>2βλασφημεῖν</em></span> <span class='ocrx_word' id='word_1_80' title='bbox 728 794 756 842; x_wconf 84' lang='grc' dir='ltr'><em>εἰς</em></span> <span class='ocrx_word' id='word_1_81' title='bbox 766 791 802 835; x_wconf 84' lang='grc' dir='ltr'><em>τόν</em></span> <span class='ocrx_word' id='word_1_82' title='bbox 811 796 851 836; x_wconf 84' lang='grc' dir='ltr'><em>τῶν</em></span> <span class='ocrx_word' id='word_1_83' title='bbox 862 792 914 837; x_wconf 81' lang='grc' dir='ltr'><em>δλων</em></span> 
     </span>
     <span class='ocr_line' id='line_1_10' title="bbox 129 858 915 919; baseline 0.003 -16"><span class='ocrx_word' id='word_1_84' title='bbox 129 862 216 916; x_wconf 80' lang='grc' dir='ltr'><em>πατέρα,</em></span> <span class='ocrx_word' id='word_1_85' title='bbox 238 862 260 903; x_wconf 88' lang='grc' dir='ltr'><em>ἐν</em></span> <span class='ocrx_word' id='word_1_86' title='bbox 275 866 303 919; x_wconf 72' lang='grc' dir='ltr'><em>τῷ</em></span> <span class='ocrx_word' id='word_1_87' title='bbox 318 865 391 904; x_wconf 78' lang='grc' dir='ltr'><em>τοῦτον</em></span> <span class='ocrx_word' id='word_1_88' title='bbox 402 858 508 916; x_wconf 79' lang='grc' dir='ltr'><em>ύρυεῖσθαι</em></span> <span class='ocrx_word' id='word_1_89' title='bbox 521 858 573 903; x_wconf 82' lang='grc' dir='ltr'><em>εἶναι</em></span> <span class='ocrx_word' id='word_1_90' title='bbox 581 859 631 903; x_wconf 83' lang='grc' dir='ltr'><em>θεόν</em></span> <span class='ocrx_word' id='word_1_91' title='bbox 641 860 675 903; x_wconf 89' lang='grc' dir='ltr'><em>τόν</em></span> <span class='ocrx_word' id='word_1_92' title='bbox 687 860 776 919; x_wconf 78' lang='grc' dir='ltr'><em>ἐννόμῳ</em></span> <span class='ocrx_word' id='word_1_93' title='bbox 788 862 822 904; x_wconf 80' lang='grc' dir='ltr'><em>παὶ</em></span> <span class='ocrx_word' id='word_1_94' title='bbox 833 863 855 905; x_wconf 82' lang='grc' dir='ltr'><em>ἐν</em></span> <span class='ocrx_word' id='word_1_95' title='bbox 866 879 915 917; x_wconf 89' lang='grc' dir='ltr'><em>προ-</em></span> 
     </span>
     <span class='ocr_line' id='line_1_11' title="bbox 130 927 915 989; baseline 0.001 -17"><span class='ocrx_word' id='word_1_96' title='bbox 130 928 204 984; x_wconf 75' lang='grc' dir='ltr'><em>φήταις</em></span> <span class='ocrx_word' id='word_1_97' title='bbox 215 927 335 983; x_wconf 80' lang='grc' dir='ltr'><em>λαλησαντα,</em></span> <span class='ocrx_word' id='word_1_98' title='bbox 356 931 439 978; x_wconf 80' lang='grc' dir='ltr'><em>δικαίας</em></span> <span class='ocrx_word' id='word_1_99' title='bbox 454 946 475 971; x_wconf 93' lang='grc' dir='ltr'><em>τε</em></span> <span class='ocrx_word' id='word_1_100' title='bbox 490 928 666 985; x_wconf 84' lang='grc' dir='ltr'><em>προςαννοόμευον</em></span> <span class='ocrx_word' id='word_1_101' title='bbox 682 928 723 972; x_wconf 87' lang='grc' dir='ltr'><em>ύπό</em></span> <span class='ocrx_word' id='word_1_102' title='bbox 738 929 820 973; x_wconf 83' lang='grc' dir='ltr'><em>πόντων</em></span> <span class='ocrx_word' id='word_1_103' title='bbox 833 930 915 989; x_wconf 49' lang='grc' dir='ltr'><em>ιιτισμαλ-Ἰ</em></span> 
     </span>
     <span class='ocr_line' id='line_1_12' title="bbox 130 992 916 1053; baseline 0.001 -13"><span class='ocrx_word' id='word_1_104' title='bbox 130 1015 181 1050; x_wconf 86' lang='grc' dir='ltr'><em>των,</em></span> <span class='ocrx_word' id='word_1_105' title='bbox 203 996 231 1048; x_wconf 83' lang='grc' dir='ltr'><em>ῶς</em></span> <span class='ocrx_word' id='word_1_106' title='bbox 245 996 326 1052; x_wconf 78' lang='grc' dir='ltr'><em>ιιτιστην</em></span> <span class='ocrx_word' id='word_1_107' title='bbox 342 999 375 1040; x_wconf 81' lang='grc' dir='ltr'><em>ναὶ</em></span> <span class='ocrx_word' id='word_1_108' title='bbox 392 996 524 1053; x_wconf 86' lang='grc' dir='ltr'><em>δημιουργόν,</em></span> <span class='ocrx_word' id='word_1_109' title='bbox 545 992 602 1040; x_wconf 77' lang='grc' dir='ltr'><em>οὗτοι</em></span> <span class='ocrx_word' id='word_1_110' title='bbox 614 996 663 1051; x_wconf 76' lang='grc' dir='ltr'><em>μεταλ</em></span> <span class='ocrx_word' id='word_1_111' title='bbox 674 1002 711 1040; x_wconf 77' lang='grc' dir='ltr'><em>τοῦ</em></span> <span class='ocrx_word' id='word_1_112' title='bbox 722 996 848 1053; x_wconf 83' lang='grc' dir='ltr'><em>σεβόσματος</em></span> <span class='ocrx_word' id='word_1_113' title='bbox 860 997 916 1041; x_wconf 86' lang='grc' dir='ltr'><em>αἰναι-</em></span> 
     </span>
     <span class='ocr_line' id='line_1_13' title="bbox 130 1064 916 1123; baseline 0.001 -14"><span class='ocrx_word' id='word_1_114' title='bbox 130 1071 172 1123; x_wconf 84' lang='grc' dir='ltr'><em>ρεῖν</em></span> <span class='ocrx_word' id='word_1_115' title='bbox 188 1070 296 1122; x_wconf 82' lang='grc' dir='ltr'><em>πειρῶνται</em></span> <span class='ocrx_word' id='word_1_116' title='bbox 312 1068 347 1109; x_wconf 81' lang='grc' dir='ltr'><em>παλ</em></span> <span class='ocrx_word' id='word_1_117' title='bbox 363 1064 400 1120; x_wconf 76' lang='grc' dir='ltr'><em>την</em></span> <span class='ocrx_word' id='word_1_118' title='bbox 411 1068 538 1117; x_wconf 74' lang='grc' dir='ltr'><em>δεσποτείαν,</em></span> <span class='ocrx_word' id='word_1_119' title='bbox 558 1064 594 1108; x_wconf 89' lang='grc' dir='ltr'><em>τόν</em></span> <span class='ocrx_word' id='word_1_120' title='bbox 606 1066 642 1120; x_wconf 78' lang='grc' dir='ltr'><em>μὲν</em></span> <span class='ocrx_word' id='word_1_121' title='bbox 657 1065 720 1116; x_wconf 83' lang='grc' dir='ltr'><em>ὅντως</em></span> <span class='ocrx_word' id='word_1_122' title='bbox 731 1065 779 1109; x_wconf 82' lang='grc' dir='ltr'><em>όντα</em></span> <span class='ocrx_word' id='word_1_123' title='bbox 789 1065 916 1123; x_wconf 80' lang='grc' dir='ltr'><em>όρνούμενοι,</em></span> 
     </span>
     <span class='ocr_line' id='line_1_14' title="bbox 132 1132 917 1193; baseline 0.001 -16"><span class='ocrx_word' id='word_1_124' title='bbox 132 1136 199 1191; x_wconf 75' lang='grc' dir='ltr'><em>ἕτερον</em></span> <span class='ocrx_word' id='word_1_125' title='bbox 215 1135 236 1177; x_wconf 81' lang='grc' dir='ltr'><em>δὲ</em></span> <span class='ocrx_word' id='word_1_126' title='bbox 246 1133 282 1177; x_wconf 87' lang='grc' dir='ltr'><em>τόν</em></span> <span class='ocrx_word' id='word_1_127' title='bbox 293 1133 320 1189; x_wconf 76' lang='grc' dir='ltr'><em>μη</em></span> <span class='ocrx_word' id='word_1_128' title='bbox 331 1134 379 1177; x_wconf 85' lang='grc' dir='ltr'><em>όντα</em></span> <span class='ocrx_word' id='word_1_129' title='bbox 390 1139 414 1193; x_wconf 73' lang='grc' dir='ltr'><em>τῇ</em></span> <span class='ocrx_word' id='word_1_130' title='bbox 424 1133 516 1188; x_wconf 79' lang='grc' dir='ltr'><em>μυθῶδει</em></span> <span class='ocrx_word' id='word_1_131' title='bbox 526 1132 594 1176; x_wconf 77' lang='grc' dir='ltr'><em>αὐτῶν</em></span> <span class='ocrx_word' id='word_1_132' title='bbox 604 1132 692 1193; x_wconf 77' lang='grc' dir='ltr'><em>ύπονοίγ</em></span> <span class='ocrx_word' id='word_1_133' title='bbox 708 1134 862 1189; x_wconf 79' lang='grc' dir='ltr'><em>φανταζόμενοι,</em></span> <span class='ocrx_word' id='word_1_134' title='bbox 882 1137 917 1178; x_wconf 85' lang='grc' dir='ltr'><em>λ’να</em></span> 
     </span>
     <span class='ocr_line' id='line_1_15' title="bbox 133 1201 917 1261; baseline 0.001 -15"><span class='ocrx_word' id='word_1_135' title='bbox 133 1205 155 1246; x_wconf 86' lang='grc' dir='ltr'><em>εἰι</em></span> <span class='ocrx_word' id='word_1_136' title='bbox 166 1208 203 1245; x_wconf 80' lang='grc' dir='ltr'><em>τοῦ</em></span> <span class='ocrx_word' id='word_1_137' title='bbox 213 1202 271 1252; x_wconf 87' lang='grc' dir='ltr'><em>όντος</em></span> <span class='ocrx_word' id='word_1_138' title='bbox 281 1205 363 1254; x_wconf 78' lang='grc' dir='ltr'><em>πέσωσι,</em></span> <span class='ocrx_word' id='word_1_139' title='bbox 379 1205 413 1245; x_wconf 85' lang='grc' dir='ltr'><em>ααὶ</em></span> <span class='ocrx_word' id='word_1_140' title='bbox 424 1201 448 1244; x_wconf 83' lang='grc' dir='ltr'><em>δν</em></span> <span class='ocrx_word' id='word_1_141' title='bbox 458 1201 569 1245; x_wconf 72' lang='grc' dir='ltr'><em>ὑπονοοῦσι</em></span> <span class='ocrx_word' id='word_1_142' title='bbox 580 1201 606 1257; x_wconf 72' lang='grc' dir='ltr'><em>μὴ</em></span> <span class='ocrx_word' id='word_1_143' title='bbox 619 1201 710 1258; x_wconf 70' lang='grc' dir='ltr'><em>εὕρωσιν.</em></span> <span class='ocrx_word' id='word_1_144' title='bbox 742 1202 801 1247; x_wconf 81' lang='grc' dir='ltr'><em>Οίίται</em></span> <span class='ocrx_word' id='word_1_145' title='bbox 812 1202 850 1261; x_wconf 77' lang='grc' dir='ltr'><em>γιίρ</em></span> <span class='ocrx_word' id='word_1_146' title='bbox 860 1202 874 1260; x_wconf 76' lang='grc' dir='ltr'><em>ἡ</em></span> <span class='ocrx_word' id='word_1_147' title='bbox 884 1210 917 1259; x_wconf 92' lang='grc' dir='ltr'><em>λη-</em></span> 
     </span>
     <span class='ocr_line' id='line_1_16' title="bbox 133 1269 918 1329; baseline 0.001 -15"><span class='ocrx_word' id='word_1_148' title='bbox 133 1274 196 1329; x_wconf 86' lang='grc' dir='ltr'><em>ρωδία</em></span> <span class='ocrx_word' id='word_1_149' title='bbox 212 1273 248 1314; x_wconf 83' lang='grc' dir='ltr'><em>παλ</em></span> <span class='ocrx_word' id='word_1_150' title='bbox 262 1270 275 1325; x_wconf 75' lang='grc' dir='ltr'><strong><em>ἡ</em></strong></span> <span class='ocrx_word' id='word_1_151' title='bbox 285 1276 321 1313; x_wconf 83' lang='grc' dir='ltr'><em>τοῦ</em></span> <span class='ocrx_word' id='word_1_152' title='bbox 338 1270 433 1325; x_wconf 78' lang='grc' dir='ltr'><em>διαβόλου</em></span> <span class='ocrx_word' id='word_1_153' title='bbox 449 1269 514 1324; x_wconf 83' lang='grc' dir='ltr'><em>σπορδ</em></span> <span class='ocrx_word' id='word_1_154' title='bbox 524 1274 563 1313; x_wconf 84' lang='grc' dir='ltr'><em>τῶν</em></span> <span class='ocrx_word' id='word_1_155' title='bbox 575 1269 639 1326; x_wconf 87' lang='grc' dir='ltr'><em>λόγων</em></span> <span class='ocrx_word' id='word_1_156' title='bbox 651 1270 745 1325; x_wconf 89' lang='grc' dir='ltr'><em>τοιαύτην</em></span> <span class='ocrx_word' id='word_1_157' title='bbox 760 1274 821 1314; x_wconf 80' lang='grc' dir='ltr'><em>είωθε</em></span> <span class='ocrx_word' id='word_1_158' title='bbox 830 1271 918 1329; x_wconf 80' lang='grc' dir='ltr'><em>ταραχὴν</em></span> 
     </span>
     <span class='ocr_line' id='line_1_17' title="bbox 132 1337 918 1396; baseline 0 -13"><span class='ocrx_word' id='word_1_159' title='bbox 132 1343 223 1394; x_wconf 77' lang='grc' dir='ltr'><em>ἐμποιεῖν</em></span> <span class='ocrx_word' id='word_1_160' title='bbox 234 1340 269 1381; x_wconf 78' lang='grc' dir='ltr'><em>ναὶ</em></span> <span class='ocrx_word' id='word_1_161' title='bbox 279 1338 379 1391; x_wconf 81' lang='grc' dir='ltr'><em>θόλωσιν,</em></span> <span class='ocrx_word' id='word_1_162' title='bbox 401 1337 544 1395; x_wconf 74' lang='grc' dir='ltr'><em>διαλογισμῶν</em></span> <span class='ocrx_word' id='word_1_163' title='bbox 555 1338 679 1394; x_wconf 77' lang='grc' dir='ltr'><em>βλασφημῶν</em></span> <span class='ocrx_word' id='word_1_164' title='bbox 691 1341 819 1396; x_wconf 76' lang='grc' dir='ltr'><em>ἐπεγείρουσα</em></span> <span class='ocrx_word' id='word_1_165' title='bbox 829 1339 866 1395; x_wconf 79' lang='grc' dir='ltr'><em>την</em></span> <span class='ocrx_word' id='word_1_166' title='bbox 877 1345 918 1384; x_wconf 90' lang='grc' dir='ltr'><em>τῶν</em></span> 
     </span>
     <span class='ocr_line' id='line_1_18' title="bbox 132 1405 918 1464; baseline 0 -13"><span class='ocrx_word' id='word_1_167' title='bbox 132 1408 265 1462; x_wconf 81' lang='grc' dir='ltr'><em>ιιεκτισμένων</em></span> <span class='ocrx_word' id='word_1_168' title='bbox 275 1405 392 1461; x_wconf 70' lang='grc' dir='ltr'><em>ἀνθρώπων</em></span> <span class='ocrx_word' id='word_1_169' title='bbox 409 1407 511 1459; x_wconf 73' lang='grc' dir='ltr'><em>διάνοιαν,</em></span> <span class='ocrx_word' id='word_1_170' title='bbox 530 1409 576 1463; x_wconf 83' lang='grc' dir='ltr'><em>περὶ</em></span> <span class='ocrx_word' id='word_1_171' title='bbox 587 1412 624 1450; x_wconf 84' lang='grc' dir='ltr'><em>τοῦ</em></span> <span class='ocrx_word' id='word_1_172' title='bbox 634 1406 701 1450; x_wconf 85' lang='grc' dir='ltr'><em>αύτῶυ</em></span> <span class='ocrx_word' id='word_1_173' title='bbox 715 1408 814 1451; x_wconf 87' lang='grc' dir='ltr'><em>δεσπότου</em></span> <span class='ocrx_word' id='word_1_174' title='bbox 826 1409 918 1464; x_wconf 88' lang='grc' dir='ltr'><em>στρατεύ-</em></span> 
     </span>
     <span class='ocr_line' id='line_1_19' title="bbox 134 1473 919 1532; baseline 0.001 -14"><span class='ocrx_word' id='word_1_175' title='bbox 134 1483 194 1519; x_wconf 83' lang='grc' dir='ltr'><em>εσθαι</em></span> <span class='ocrx_word' id='word_1_176' title='bbox 208 1482 252 1524; x_wconf 87' lang='grc' dir='ltr'><em>ταῖς</em></span> <span class='ocrx_word' id='word_1_177' title='bbox 268 1482 341 1525; x_wconf 83' lang='grc' dir='ltr'><em>ααιιαῖς</em></span> <span class='ocrx_word' id='word_1_178' title='bbox 352 1473 458 1524; x_wconf 83' lang='grc' dir='ltr'><em>ύπονοίαις</em></span> <span class='ocrx_word' id='word_1_179' title='bbox 469 1477 504 1517; x_wconf 77' lang='grc' dir='ltr'><em>καί</em></span> <span class='ocrx_word' id='word_1_180' title='bbox 516 1477 685 1530; x_wconf 80' lang='grc' dir='ltr'><em>ἒπαρνησιθελαις.</em></span> <span class='ocrx_word' id='word_1_181' title='bbox 712 1474 770 1519; x_wconf 80' lang='grc' dir='ltr'><em>Ἀλλῶ</em></span> <span class='ocrx_word' id='word_1_182' title='bbox 785 1493 806 1532; x_wconf 88' lang='grc' dir='ltr'><em>γε</em></span> <span class='ocrx_word' id='word_1_183' title='bbox 821 1475 881 1519; x_wconf 81' lang='grc' dir='ltr'><em>πόλιν</em></span> <span class='ocrx_word' id='word_1_184' title='bbox 897 1478 919 1519; x_wconf 81' lang='grc' dir='ltr'><em>ἐν</em></span> 
     </span>
     <span class='ocr_line' id='line_1_20' title="bbox 133 1541 919 1600; baseline 0.001 -14"><span class='ocrx_word' id='word_1_185' title='bbox 133 1549 206 1587; x_wconf 83' lang='grc' dir='ltr'><em>τούτου</em></span> <span class='ocrx_word' id='word_1_186' title='bbox 225 1545 354 1599; x_wconf 78' lang='grc' dir='ltr'><em>ἐντραπέντες</em></span> <span class='ocrx_word' id='word_1_187' title='bbox 369 1545 421 1593; x_wconf 76' lang='grc' dir='ltr'><em>τινὲς</em></span> <span class='ocrx_word' id='word_1_188' title='bbox 435 1541 466 1596; x_wconf 83' lang='grc' dir='ltr'><em>ἐφ’</em></span> <span class='ocrx_word' id='word_1_189' title='bbox 483 1544 540 1600; x_wconf 69' lang='grc' dir='ltr'><em>ἕτερα</em></span> <span class='ocrx_word' id='word_1_190' title='bbox 552 1545 638 1598; x_wconf 75' lang='grc' dir='ltr'><em>βαδίζειν</em></span> <span class='ocrx_word' id='word_1_191' title='bbox 649 1542 789 1598; x_wconf 79' lang='grc' dir='ltr'><em>τετολμήκασι,</em></span> <span class='ocrx_word' id='word_1_192' title='bbox 810 1544 845 1588; x_wconf 85' lang='grc' dir='ltr'><em>τόν</em></span> <span class='ocrx_word' id='word_1_193' title='bbox 855 1543 919 1597; x_wconf 88' lang='grc' dir='ltr'><em>μόνον</em></span> 
     </span>
     <span class='ocr_line' id='line_1_21' title="bbox 135 1610 920 1669; baseline 0 -13"><span class='ocrx_word' id='word_1_194' title='bbox 135 1611 263 1669; x_wconf 73' lang='grc' dir='ltr'><em>ἀγοράσαντα</em></span> <span class='ocrx_word' id='word_1_195' title='bbox 274 1610 348 1662; x_wconf 78' lang='grc' dir='ltr'><em>αὐτούς</em></span> <span class='ocrx_word' id='word_1_196' title='bbox 359 1611 457 1665; x_wconf 84' lang='grc' dir='ltr'><em>δεσπότην</em></span> <span class='ocrx_word' id='word_1_197' title='bbox 470 1610 600 1668; x_wconf 70' lang='grc' dir='ltr'><em>ἀρνούμενοι,</em></span> <span class='ocrx_word' id='word_1_198' title='bbox 614 1610 650 1654; x_wconf 89' lang='grc' dir='ltr'><em>τόν</em></span> <span class='ocrx_word' id='word_1_199' title='bbox 662 1617 760 1668; x_wconf 78' lang='grc' dir='ltr'><em>μονογενῆ</em></span> <span class='ocrx_word' id='word_1_200' title='bbox 771 1615 835 1656; x_wconf 90' lang='grc' dir='ltr'><em>παῖδα</em></span> <span class='ocrx_word' id='word_1_201' title='bbox 840 1614 920 1667; x_wconf 77' lang='grc' dir='ltr'><em>Ἰησοῦν</em></span> 
     </span>
     <span class='ocr_line' id='line_1_22' title="bbox 138 1678 920 1738; baseline 0.001 -14"><span class='ocrx_word' id='word_1_202' title='bbox 138 1679 227 1738; x_wconf 89' lang='grc' dir='ltr'><em>Χριστόν</em></span> <span class='ocrx_word' id='word_1_203' title='bbox 237 1679 273 1723; x_wconf 87' lang='grc' dir='ltr'><em>τόν</em></span> <span class='ocrx_word' id='word_1_204' title='bbox 284 1679 329 1723; x_wconf 84' lang='grc' dir='ltr'><em>υἱόν</em></span> <span class='ocrx_word' id='word_1_205' title='bbox 341 1686 377 1723; x_wconf 84' lang='grc' dir='ltr'><em>τοῦ</em></span> <span class='ocrx_word' id='word_1_206' title='bbox 387 1685 438 1723; x_wconf 81' lang='grc' dir='ltr'><em>θεοῦ</em></span> <span class='ocrx_word' id='word_1_207' title='bbox 449 1683 485 1723; x_wconf 79' lang='grc' dir='ltr'><em>τοῦ</em></span> <span class='ocrx_word' id='word_1_208' title='bbox 496 1685 580 1732; x_wconf 83' lang='grc' dir='ltr'><em>ζῶντος,</em></span> <span class='ocrx_word' id='word_1_209' title='bbox 594 1678 630 1723; x_wconf 89' lang='grc' dir='ltr'><em>τόν</em></span> <span class='ocrx_word' id='word_1_210' title='bbox 639 1679 701 1731; x_wconf 83' lang='grc' dir='ltr'><em>όντας</em></span> <span class='ocrx_word' id='word_1_211' title='bbox 712 1679 761 1724; x_wconf 83' lang='grc' dir='ltr'><em>όντα</em></span> <span class='ocrx_word' id='word_1_212' title='bbox 771 1684 793 1725; x_wconf 81' lang='grc' dir='ltr'><em>ἐν</em></span> <span class='ocrx_word' id='word_1_213' title='bbox 803 1680 878 1738; x_wconf 85' lang='grc' dir='ltr'><em>πατρός</em></span> <span class='ocrx_word' id='word_1_214' title='bbox 890 1698 920 1738; x_wconf 89' lang='grc' dir='ltr'><em>γε-</em></span> 
     </span>
     <span class='ocr_line' id='line_1_23' title="bbox 136 1746 921 1808; baseline -0.001 -15"><span class='ocrx_word' id='word_1_215' title='bbox 136 1751 255 1808; x_wconf 80' lang='grc' dir='ltr'><em>γεννημένον</em></span> <span class='ocrx_word' id='word_1_216' title='bbox 265 1747 354 1804; x_wconf 79' lang='grc' dir='ltr'><em>ύνύργως</em></span> <span class='ocrx_word' id='word_1_217' title='bbox 365 1750 400 1791; x_wconf 79' lang='grc' dir='ltr'><em>καὶ</em></span> <span class='ocrx_word' id='word_1_218' title='bbox 411 1746 507 1806; x_wconf 82' lang='grc' dir='ltr'><em>ύχρόνως,</em></span> <span class='ocrx_word' id='word_1_219' title='bbox 522 1748 557 1792; x_wconf 86' lang='grc' dir='ltr'><em>τόν</em></span> <span class='ocrx_word' id='word_1_220' title='bbox 569 1746 599 1791; x_wconf 64' lang='lat' dir='ltr'><em>dei</em></span> <span class='ocrx_word' id='word_1_221' title='bbox 612 1747 660 1791; x_wconf 87' lang='grc' dir='ltr'><em>όντα</em></span> <span class='ocrx_word' id='word_1_222' title='bbox 673 1750 695 1793; x_wconf 82' lang='grc' dir='ltr'><em>ἐν</em></span> <span class='ocrx_word' id='word_1_223' title='bbox 704 1754 741 1792; x_wconf 80' lang='grc' dir='ltr'><em>τοῦ</em></span> <span class='ocrx_word' id='word_1_224' title='bbox 751 1748 829 1807; x_wconf 85' lang='grc' dir='ltr'><em>πατρός</em></span> <span class='ocrx_word' id='word_1_225' title='bbox 838 1751 873 1793; x_wconf 83' lang='grc' dir='ltr'><em>ιιαί</em></span> <span class='ocrx_word' id='word_1_226' title='bbox 883 1749 921 1793; x_wconf 82' lang='grc' dir='ltr'><em>σόν</em></span> 
     </span>
     <span class='ocr_line' id='line_1_24' title="bbox 136 1815 922 1875; baseline -0.001 -13"><span class='ocrx_word' id='word_1_227' title='bbox 136 1820 197 1875; x_wconf 82' lang='grc' dir='ltr'><em>πατρὶ</em></span> <span class='ocrx_word' id='word_1_228' title='bbox 210 1816 267 1869; x_wconf 83' lang='grc' dir='ltr'><em>όντα,</em></span> <span class='ocrx_word' id='word_1_229' title='bbox 288 1819 429 1874; x_wconf 78' lang='grc' dir='ltr'><em>γεγεννημένον</em></span> <span class='ocrx_word' id='word_1_230' title='bbox 444 1817 465 1860; x_wconf 79' lang='grc' dir='ltr'><em>δὲ</em></span> <span class='ocrx_word' id='word_1_231' title='bbox 476 1816 622 1871; x_wconf 79' lang='grc' dir='ltr'><em>όναταληπτως</em></span> <span class='ocrx_word' id='word_1_232' title='bbox 633 1818 668 1860; x_wconf 80' lang='grc' dir='ltr'><em>ταὶ</em></span> <span class='ocrx_word' id='word_1_233' title='bbox 678 1815 791 1875; x_wconf 80' lang='grc' dir='ltr'><em>ύγροίντως,</em></span> <span class='ocrx_word' id='word_1_234' title='bbox 812 1816 922 1874; x_wconf 85' lang='grc' dir='ltr'><em>όμοούσιον</em></span> 
     </span>
     <span class='ocr_line' id='line_1_25' title="bbox 136 1882 921 1946; baseline 0.001 -16"><span class='ocrx_word' id='word_1_235' title='bbox 136 1891 164 1946; x_wconf 77' lang='grc' dir='ltr'><em>τῷ</em></span> <span class='ocrx_word' id='word_1_236' title='bbox 175 1888 234 1943; x_wconf 77' lang='grc' dir='ltr'><em>πατρὶ</em></span> <span class='ocrx_word' id='word_1_237' title='bbox 247 1885 301 1937; x_wconf 82' lang='grc' dir='ltr'><em>ὅντα,</em></span> <span class='ocrx_word' id='word_1_238' title='bbox 317 1887 352 1928; x_wconf 85' lang='grc' dir='ltr'><em>ταὶ</em></span> <span class='ocrx_word' id='word_1_239' title='bbox 362 1884 399 1929; x_wconf 83' lang='grc' dir='ltr'><em>ούα</em></span> <span class='ocrx_word' id='word_1_240' title='bbox 409 1886 489 1929; x_wconf 76' lang='grc' dir='ltr'><em>ἀλλοῖον</em></span> <span class='ocrx_word' id='word_1_241' title='bbox 499 1884 554 1942; x_wconf 75' lang='grc' dir='ltr'><em>παρῶ</em></span> <span class='ocrx_word' id='word_1_242' title='bbox 565 1885 601 1929; x_wconf 86' lang='grc' dir='ltr'><em>τόν</em></span> <span class='ocrx_word' id='word_1_243' title='bbox 612 1888 698 1942; x_wconf 76' lang='grc' dir='ltr'><em>πατέρα,</em></span> <span class='ocrx_word' id='word_1_244' title='bbox 715 1889 753 1930; x_wconf 74' lang='grc' dir='ltr'><em>3οἷ</em></span> <span class='ocrx_word' id='word_1_245' title='bbox 763 1887 799 1942; x_wconf 79' lang='grc' dir='ltr'><em>μὲν</em></span> <span class='ocrx_word' id='word_1_246' title='bbox 810 1882 873 1937; x_wconf 81' lang='grc' dir='ltr'><em>αύθις</em></span> <span class='ocrx_word' id='word_1_247' title='bbox 884 1905 921 1942; x_wconf 90' lang='grc' dir='ltr'><em>μα·</em></span> 
     </span>
     <span class='ocr_line' id='line_1_26' title="bbox 136 1953 920 2012; baseline -0.001 -12"><span class='ocrx_word' id='word_1_248' title='bbox 136 1958 213 2009; x_wconf 85' lang='grc' dir='ltr'><em>νέντες,</em></span> <span class='ocrx_word' id='word_1_249' title='bbox 229 1958 287 2011; x_wconf 83' lang='grc' dir='ltr'><em>δίνην</em></span> <span class='ocrx_word' id='word_1_250' title='bbox 301 1955 429 2010; x_wconf 77' lang='grc' dir='ltr'><em>λυσσητήρων</em></span> <span class='ocrx_word' id='word_1_251' title='bbox 441 1959 519 2007; x_wconf 80' lang='grc' dir='ltr'><em>κυνῶν,</em></span> <span class='ocrx_word' id='word_1_252' title='bbox 534 1955 568 1998; x_wconf 77' lang='grc' dir='ltr'><em>ἐπὶ</em></span> <span class='ocrx_word' id='word_1_253' title='bbox 579 1953 614 1998; x_wconf 90' lang='grc' dir='ltr'><em>τόν</em></span> <span class='ocrx_word' id='word_1_254' title='bbox 626 1958 679 1999; x_wconf 79' lang='grc' dir='ltr'><em>’ίδιον</em></span> <span class='ocrx_word' id='word_1_255' title='bbox 690 1955 758 1999; x_wconf 81' lang='grc' dir='ltr'><em>αὐτῶν</em></span> <span class='ocrx_word' id='word_1_256' title='bbox 767 1956 866 2012; x_wconf 87' lang='grc' dir='ltr'><em>δεσπότην</em></span> <span class='ocrx_word' id='word_1_257' title='bbox 875 1955 920 2000; x_wconf 84' lang='grc' dir='ltr'><em>ύλα-</em></span> 
     </span>
     <span class='ocr_line' id='line_1_27' title="bbox 136 2022 923 2083; baseline -0.001 -13"><span class='ocrx_word' id='word_1_258' title='bbox 136 2031 216 2070; x_wconf 83' lang='grc' dir='ltr'><em>ατοῦσι·</em></span> <span class='ocrx_word' id='word_1_259' title='bbox 238 2024 332 2081; x_wconf 73' lang='grc' dir='ltr'><em>καθάπερ</em></span> <span class='ocrx_word' id='word_1_260' title='bbox 344 2026 365 2076; x_wconf 80' lang='grc' dir='ltr'><em>ἐξ</em></span> <span class='ocrx_word' id='word_1_261' title='bbox 375 2023 466 2081; x_wconf 78' lang='grc' dir='ltr'><em>ύπαργῆς</em></span> <span class='ocrx_word' id='word_1_262' title='bbox 481 2022 576 2068; x_wconf 81' lang='grc' dir='ltr'><em>Ἰουδαῖοι</em></span> <span class='ocrx_word' id='word_1_263' title='bbox 590 2029 661 2069; x_wconf 79' lang='grc' dir='ltr'><em>τούτου</em></span> <span class='ocrx_word' id='word_1_264' title='bbox 675 2024 808 2083; x_wconf 84' lang='grc' dir='ltr'><em>όγνοησαντες</em></span> <span class='ocrx_word' id='word_1_265' title='bbox 818 2028 923 2081; x_wconf 82' lang='grc' dir='ltr'><em>αέαληνται</em></span> 
     </span>
     <span class='ocr_line' id='line_1_28' title="bbox 138 2093 922 2151; baseline 0 -13"><span class='ocrx_word' id='word_1_266' title='bbox 138 2095 204 2146; x_wconf 87' lang='grc' dir='ltr'><em>Κύνες</em></span> <span class='ocrx_word' id='word_1_267' title='bbox 217 2096 291 2148; x_wconf 79' lang='grc' dir='ltr'><em>ἐννεοὶ,</em></span> <span class='ocrx_word' id='word_1_268' title='bbox 312 2094 394 2145; x_wconf 80' lang='grc' dir='ltr'><em>εἰκότως</em></span> <span class='ocrx_word' id='word_1_269' title='bbox 407 2093 463 2150; x_wconf 77' lang='grc' dir='ltr'><em>παρα</em></span> <span class='ocrx_word' id='word_1_270' title='bbox 480 2098 517 2137; x_wconf 81' lang='grc' dir='ltr'><em>τοῦ</em></span> <span class='ocrx_word' id='word_1_271' title='bbox 533 2094 641 2150; x_wconf 78' lang='grc' dir='ltr'><em>προφήτου</em></span> <span class='ocrx_word' id='word_1_272' title='bbox 659 2096 742 2150; x_wconf 87' lang='grc' dir='ltr'><em>ταυτησὶ</em></span> <span class='ocrx_word' id='word_1_273' title='bbox 756 2100 791 2151; x_wconf 78' lang='grc' dir='ltr'><em>τῆς</em></span> <span class='ocrx_word' id='word_1_274' title='bbox 808 2096 922 2151; x_wconf 78' lang='grc' dir='ltr'><em>ἐπωνυμίας</em></span> 
     </span>
    </p>

    <p class='ocr_par' dir='ltr' id='par_1_3' title="bbox 46 2162 923 2427">
     <span class='ocr_line' id='line_1_29' title="bbox 46 2162 923 2221; baseline 0.003 -17"><span class='ocrx_word' id='word_1_275' title='bbox 46 2186 81 2215; x_wconf 73' lang='lat' dir='ltr'>pag.</span> <span class='ocrx_word' id='word_1_276' title='bbox 91 2178 129 2207; x_wconf 71' lang='lat'><strong>1035.</strong></span> <span class='ocrx_word' id='word_1_277' title='bbox 139 2166 282 2220; x_wconf 78' lang='grc' dir='ltr'><em>αατηξιωμένοι</em></span> <span class='ocrx_word' id='word_1_278' title='bbox 299 2163 398 2218; x_wconf 83' lang='grc' dir='ltr'><em>τούνομα,</em></span> <span class='ocrx_word' id='word_1_279' title='bbox 420 2167 473 2218; x_wconf 53' lang='grc' dir='ltr'><em>’ἐνῆς</em></span> <span class='ocrx_word' id='word_1_280' title='bbox 488 2162 556 2206; x_wconf 75' lang='grc' dir='ltr'><em>αὐτῶν</em></span> <span class='ocrx_word' id='word_1_281' title='bbox 573 2164 619 2219; x_wconf 87' lang='grc' dir='ltr'><em>περὶ</em></span> <span class='ocrx_word' id='word_1_282' title='bbox 633 2163 669 2207; x_wconf 89' lang='grc' dir='ltr'><em>τόν</em></span> <span class='ocrx_word' id='word_1_283' title='bbox 684 2164 754 2221; x_wconf 76' lang='grc' dir='ltr'><em>κύριον</em></span> <span class='ocrx_word' id='word_1_284' title='bbox 764 2167 799 2209; x_wconf 80' lang='grc' dir='ltr'><em>ιιαὶ</em></span> <span class='ocrx_word' id='word_1_285' title='bbox 809 2165 845 2221; x_wconf 77' lang='grc' dir='ltr'><em>τήν</em></span> <span class='ocrx_word' id='word_1_286' title='bbox 860 2163 923 2208; x_wconf 77' lang='grc' dir='ltr'><em>αύτοό</em></span> 
     </span>
     <span class='ocr_line' id='line_1_30' title="bbox 137 2230 923 2292; baseline -0.004 -14"><span class='ocrx_word' id='word_1_287' title='bbox 137 2237 250 2292; x_wconf 86' lang='grc' dir='ltr'><em>παρουσίαν</em></span> <span class='ocrx_word' id='word_1_288' title='bbox 260 2232 392 2288; x_wconf 78' lang='grc' dir='ltr'><em>ἀναισχύντου</em></span> <span class='ocrx_word' id='word_1_289' title='bbox 404 2231 475 2287; x_wconf 82' lang='grc' dir='ltr'><em>όρμης,</em></span> <span class='ocrx_word' id='word_1_290' title='bbox 491 2230 519 2281; x_wconf 86' lang='grc' dir='ltr'><em>ῶς</em></span> <span class='ocrx_word' id='word_1_291' title='bbox 530 2233 582 2275; x_wconf 76' lang='grc' dir='ltr'><em>ἐστιν</em></span> <span class='ocrx_word' id='word_1_292' title='bbox 592 2231 666 2288; x_wconf 77' lang='grc' dir='ltr'><em>ύληθὲς</em></span> <span class='ocrx_word' id='word_1_293' title='bbox 676 2235 731 2276; x_wconf 85' lang='grc' dir='ltr'><em>ἰδεῖν.</em></span> <span class='ocrx_word' id='word_1_294' title='bbox 764 2235 817 2276; x_wconf 84' lang='grc' dir='ltr'><em>Φασὶ</em></span> <span class='ocrx_word' id='word_1_295' title='bbox 828 2231 865 2290; x_wconf 78' lang='grc' dir='ltr'><em>γόρ</em></span> <span class='ocrx_word' id='word_1_296' title='bbox 875 2232 923 2282; x_wconf 85' lang='grc' dir='ltr'><em>τούς</em></span> 
     </span>
     <span class='ocr_line' id='line_1_31' title="bbox 137 2300 923 2353; baseline -0.001 -6"><span class='ocrx_word' id='word_1_297' title='bbox 137 2308 250 2353; x_wconf 77' lang='grc' dir='ltr'><em>λυσσῶντας</em></span> <span class='ocrx_word' id='word_1_298' title='bbox 264 2302 328 2352; x_wconf 75' lang='grc' dir='ltr'><em>μόνας</em></span> <span class='ocrx_word' id='word_1_299' title='bbox 343 2301 424 2351; x_wconf 82' lang='grc' dir='ltr'><em>ἐννεοός</em></span> <span class='ocrx_word' id='word_1_300' title='bbox 438 2306 553 2353; x_wconf 74' lang='grc' dir='ltr'><em>καλεῖσθαι,</em></span> <span class='ocrx_word' id='word_1_301' title='bbox 575 2300 609 2344; x_wconf 78' lang='grc' dir='ltr'><em>διό</em></span> <span class='ocrx_word' id='word_1_302' title='bbox 621 2300 643 2345; x_wconf 85' lang='grc' dir='ltr'><em>τό</em></span> <span class='ocrx_word' id='word_1_303' title='bbox 658 2300 737 2352; x_wconf 80' lang='grc' dir='ltr'><em>νωδούς</em></span> <span class='ocrx_word' id='word_1_304' title='bbox 749 2300 889 2346; x_wconf 74' lang='grc' dir='ltr'><em>ἀποτελεῖσθαι</em></span> <span class='ocrx_word' id='word_1_305' title='bbox 901 2303 923 2346; x_wconf 87' lang='grc' dir='ltr'><em>εἰι</em></span> 
     </span>
     <span class='ocr_line' id='line_1_32' title="bbox 138 2368 574 2427; baseline -0.007 -11"><span class='ocrx_word' id='word_1_306' title='bbox 138 2377 174 2427; x_wconf 78' lang='grc' dir='ltr'><em>της</em></span> <span class='ocrx_word' id='word_1_307' title='bbox 187 2371 376 2427; x_wconf 81' lang='grc' dir='ltr'><em>καταλιμπανούσης</em></span> <span class='ocrx_word' id='word_1_308' title='bbox 391 2368 465 2422; x_wconf 85' lang='grc' dir='ltr'><em>αύτούς</em></span> <span class='ocrx_word' id='word_1_309' title='bbox 480 2373 574 2421; x_wconf 89' lang='grc' dir='ltr'><em>διανοίας.</em></span> 
     </span>
    </p>
   </div>
   <div class='ocr_carea' id='block_1_3' title="bbox 49 2645 926 2772">
    <p class='ocr_par' dir='ltr' id='par_1_4' title="bbox 49 2645 926 2772">
     <span class='ocr_line' id='line_1_33' title="bbox 49 2645 926 2707; baseline -0.001 -16"><span class='ocrx_word' id='word_1_310' title='bbox 49 2662 94 2707; x_wconf 64' lang='grc' dir='ltr'><em>Κεφ,</em></span> <span class='ocrx_word' id='word_1_311' title='bbox 107 2660 129 2698; x_wconf 72' lang='grc' dir='ltr'><em>δ’,</em></span> <span class='ocrx_word' id='word_1_312' title='bbox 199 2647 258 2691; x_wconf 68' lang='grc' dir='ltr'><em>Οὕτω</em></span> <span class='ocrx_word' id='word_1_313' title='bbox 268 2647 306 2705; x_wconf 82' lang='grc' dir='ltr'><em>γαίρ</em></span> <span class='ocrx_word' id='word_1_314' title='bbox 317 2652 358 2691; x_wconf 88' lang='grc' dir='ltr'><em>τῶν</em></span> <span class='ocrx_word' id='word_1_315' title='bbox 368 2645 542 2701; x_wconf 76' lang='grc' dir='ltr'><em>αννῶνὴφύσις,</em></span> <span class='ocrx_word' id='word_1_316' title='bbox 562 2646 613 2690; x_wconf 72' lang='grc' dir='ltr'><em>ἐπῶν</em></span> <span class='ocrx_word' id='word_1_317' title='bbox 627 2649 656 2697; x_wconf 83' lang='grc' dir='ltr'><em>εἰς</em></span> <span class='ocrx_word' id='word_1_318' title='bbox 668 2646 742 2691; x_wconf 87' lang='grc' dir='ltr'><em>λύσσαν</em></span> <span class='ocrx_word' id='word_1_319' title='bbox 753 2649 866 2705; x_wconf 82' lang='grc' dir='ltr'><em>ἐκτραπείη,</em></span> <span class='ocrx_word' id='word_1_320' title='bbox 898 2648 926 2690; x_wconf 83' lang='grc' dir='ltr'><em>Οί</em></span> 
     </span>
     <span class='ocr_line' id='line_1_34' title="bbox 139 2714 924 2772; baseline -0.003 -11"><span class='ocrx_word' id='word_1_321' title='bbox 139 2734 189 2761; x_wconf 88' lang='grc' dir='ltr'><em>ποτε</em></span> <span class='ocrx_word' id='word_1_322' title='bbox 199 2715 297 2770; x_wconf 88' lang='grc' dir='ltr'><em>δεσπότην</em></span> <span class='ocrx_word' id='word_1_323' title='bbox 308 2717 439 2772; x_wconf 78' lang='grc' dir='ltr'><em>γινώσκοντες</em></span> <span class='ocrx_word' id='word_1_324' title='bbox 448 2716 482 2759; x_wconf 83' lang='grc' dir='ltr'><em>καὶ</em></span> <span class='ocrx_word' id='word_1_325' title='bbox 491 2714 539 2765; x_wconf 85' lang='grc' dir='ltr'><em>τούς</em></span> <span class='ocrx_word' id='word_1_326' title='bbox 550 2717 613 2760; x_wconf 78' lang='grc' dir='ltr'><em>αὐτοῦ</em></span> <span class='ocrx_word' id='word_1_327' title='bbox 625 2718 687 2768; x_wconf 74' lang='grc' dir='ltr'><em>υἱεῖς,</em></span> <span class='ocrx_word' id='word_1_328' title='bbox 702 2718 789 2766; x_wconf 79' lang='grc' dir='ltr'><em>οἰκείους</em></span> <span class='ocrx_word' id='word_1_329' title='bbox 801 2733 822 2758; x_wconf 91' lang='grc' dir='ltr'><em>τε</em></span> <span class='ocrx_word' id='word_1_330' title='bbox 832 2718 865 2759; x_wconf 85' lang='grc' dir='ltr'><em>παλ</em></span> <span class='ocrx_word' id='word_1_331' title='bbox 876 2716 924 2766; x_wconf 81' lang='grc' dir='ltr'><em>τούς</em></span> 
     </span>
    </p>
   </div>
   <div class='ocr_carea' id='block_1_4' title="bbox 139 2779 923 2844">
    <p class='ocr_par' dir='ltr' id='par_1_5' title="bbox 139 2779 923 2844">
     <span class='ocr_line' id='line_1_35' title="bbox 139 2779 923 2844; baseline -0.003 -15"><span class='ocrx_word' id='word_1_332' title='bbox 139 2785 211 2836; x_wconf 79' lang='grc' dir='ltr'><em>ι’ίλλους</em></span> <span class='ocrx_word' id='word_1_333' title='bbox 221 2784 298 2834; x_wconf 79' lang='grc' dir='ltr'><em>πάντας</em></span> <span class='ocrx_word' id='word_1_334' title='bbox 309 2790 344 2828; x_wconf 81' lang='grc' dir='ltr'><em>τοῦ</em></span> <span class='ocrx_word' id='word_1_335' title='bbox 356 2779 500 2827; x_wconf 77' lang='grc' dir='ltr'><em>οἰκοδεσπότου</em></span> <span class='ocrx_word' id='word_1_336' title='bbox 510 2787 610 2840; x_wconf 87' lang='grc' dir='ltr'><em>γνησίους,</em></span> <span class='ocrx_word' id='word_1_337' title='bbox 625 2784 674 2827; x_wconf 85' lang='grc' dir='ltr'><em>όταν</em></span> <span class='ocrx_word' id='word_1_338' title='bbox 684 2785 736 2844; x_wconf 80' lang='grc' dir='ltr'><em>λύβη</em></span> <span class='ocrx_word' id='word_1_339' title='bbox 747 2782 822 2833; x_wconf 84' lang='grc' dir='ltr'><em>αύτούς</em></span> <span class='ocrx_word' id='word_1_340' title='bbox 832 2782 846 2839; x_wconf 78' lang='grc' dir='ltr'><em>ἡ</em></span> <span class='ocrx_word' id='word_1_341' title='bbox 856 2787 923 2839; x_wconf 84' lang='grc' dir='ltr'><em>μανία,</em></span> 
     </span>
    </p>
   </div>
   <div class='ocr_carea' id='block_1_5' title="bbox 140 2851 924 2981">
    <p class='ocr_par' dir='ltr' id='par_1_6' title="bbox 140 2851 924 2981">
     <span class='ocr_line' id='line_1_36' title="bbox 140 2851 924 2909; baseline -0.003 -11"><span class='ocrx_word' id='word_1_342' title='bbox 140 2856 266 2898; x_wconf 78' lang='grc' dir='ltr'><em>ύλλοιοδνται</em></span> <span class='ocrx_word' id='word_1_343' title='bbox 276 2851 300 2896; x_wconf 78' lang='grc' dir='ltr'><em>τό</em></span> <span class='ocrx_word' id='word_1_344' title='bbox 311 2853 409 2909; x_wconf 87' lang='grc' dir='ltr'><em>πρόςωπα</em></span> <span class='ocrx_word' id='word_1_345' title='bbox 421 2853 508 2897; x_wconf 76' lang='grc' dir='ltr'><em>ἐντόπιον</em></span> <span class='ocrx_word' id='word_1_346' title='bbox 518 2858 553 2908; x_wconf 80' lang='grc' dir='ltr'><em>τῆς</em></span> <span class='ocrx_word' id='word_1_347' title='bbox 564 2852 631 2896; x_wconf 72' lang='grc' dir='ltr'><em>αὐτῶν</em></span> <span class='ocrx_word' id='word_1_348' title='bbox 644 2851 745 2909; x_wconf 84' lang='grc' dir='ltr'><em>όρύσεως,</em></span> <span class='ocrx_word' id='word_1_349' title='bbox 759 2854 795 2895; x_wconf 79' lang='grc' dir='ltr'><em>ναὶ</em></span> <span class='ocrx_word' id='word_1_350' title='bbox 807 2852 836 2896; x_wconf 83' lang='grc' dir='ltr'><em>ἐπ’</em></span> <span class='ocrx_word' id='word_1_351' title='bbox 849 2852 924 2902; x_wconf 83' lang='grc' dir='ltr'><em>αύτούς</em></span> 
     </span>
     <span class='ocr_line' id='line_1_37' title="bbox 140 2920 923 2981; baseline -0.005 -14"><span class='ocrx_word' id='word_1_352' title='bbox 140 2926 249 2981; x_wconf 77' lang='grc' dir='ltr'><em>ἐγείρονται</em></span> <span class='ocrx_word' id='word_1_353' title='bbox 265 2920 313 2972; x_wconf 87' lang='grc' dir='ltr'><em>τούς</em></span> <span class='ocrx_word' id='word_1_354' title='bbox 329 2925 433 2978; x_wconf 79' lang='grc' dir='ltr'><em>γνησίους,</em></span> <span class='ocrx_word' id='word_1_355' title='bbox 453 2921 490 2972; x_wconf 78' lang='grc' dir='ltr'><em>ούς</em></span> <span class='ocrx_word' id='word_1_356' title='bbox 507 2939 555 2965; x_wconf 89' lang='grc' dir='ltr'><em>ποτε</em></span> <span class='ocrx_word' id='word_1_357' title='bbox 567 2926 661 2977; x_wconf 87' lang='grc' dir='ltr'><em>τιμῶντες</em></span> <span class='ocrx_word' id='word_1_358' title='bbox 673 2927 697 2981; x_wconf 79' lang='grc' dir='ltr'><em>τῇ</em></span> <span class='ocrx_word' id='word_1_359' title='bbox 710 2922 746 2976; x_wconf 78' lang='grc' dir='ltr'><em>μὲν</em></span> <span class='ocrx_word' id='word_1_360' title='bbox 758 2921 824 2981; x_wconf 77' lang='grc' dir='ltr'><em>κίρκῳ</em></span> <span class='ocrx_word' id='word_1_361' title='bbox 839 2922 923 2971; x_wconf 75' lang='grc' dir='ltr'><em>ἐσαινον,</em></span> 
     </span>
    </p>
   </div>
   <div class='ocr_carea' id='block_1_6' title="bbox 138 3036 924 3130">
    <p class='ocr_par' dir='ltr' id='par_1_7' title="bbox 138 3036 924 3130">
     <span class='ocr_line' id='line_1_38' title="bbox 163 3036 924 3084; baseline 0 -12"><span class='ocrx_word' id='word_1_362' title='bbox 163 3041 202 3073; x_wconf 59' lang='lat' dir='ltr'><em>Gn.</em></span> <span class='ocrx_word' id='word_1_363' title='bbox 211 3041 269 3073; x_wconf 47' lang='lat'><em>1110-</em></span> <span class='ocrx_word' id='word_1_364' title='bbox 288 3040 302 3072; x_wconf 86' lang='lat'><em>1.</em></span> <span class='ocrx_word' id='word_1_365' title='bbox 311 3038 520 3084; x_wconf 73' lang='grc' dir='ltr'><em>μελχεσεδεκιαυῶναοσα.</em></span> <span class='ocrx_word' id='word_1_366' title='bbox 566 3038 582 3072; x_wconf 78' lang='lat'><em>2.</em></span> <span class='ocrx_word' id='word_1_367' title='bbox 596 3040 700 3072; x_wconf 76' lang='lat' dir='ltr'><strong><em>scribendum</em></strong></span> <span class='ocrx_word' id='word_1_368' title='bbox 708 3041 746 3079; x_wconf 80' lang='grc' dir='ltr'><em>ραιο</em></span> <span class='ocrx_word' id='word_1_369' title='bbox 757 3036 869 3083; x_wconf 70' lang='grc' dir='ltr'><em>βλασφημῶν.</em></span> <span class='ocrx_word' id='word_1_370' title='bbox 892 3040 924 3073; x_wconf 85' lang='lat' dir='ltr'><em>Pe·</em></span> 
     </span>
     <span class='ocr_line' id='line_1_39' title="bbox 138 3084 819 3130; baseline 0.001 -11"><span class='ocrx_word' id='word_1_371' title='bbox 138 3096 176 3120; x_wconf 85' lang='lat' dir='ltr'><strong><em>mss.</em></strong></span> <span class='ocrx_word' id='word_1_372' title='bbox 199 3085 359 3121; x_wconf 81' lang='grc' dir='ltr'><em>Μελκισεδεκιοαῶι</em></span> <span class='ocrx_word' id='word_1_373' title='bbox 371 3087 396 3119; x_wconf 77' lang='grc' dir='ltr'><em>ια.</em></span> <span class='ocrx_word' id='word_1_374' title='bbox 408 3086 463 3119; x_wconf 78' lang='grc' dir='ltr'><em>Ρτιαν.</em></span> <span class='ocrx_word' id='word_1_375' title='bbox 543 3087 586 3119; x_wconf 77' lang='grc' dir='ltr'><em>λανιο</em></span> <span class='ocrx_word' id='word_1_376' title='bbox 596 3086 680 3118; x_wconf 71' lang='lat' dir='ltr'><strong><em>videbatur</em></strong></span> <span class='ocrx_word' id='word_1_377' title='bbox 692 3084 819 3130; x_wconf 81' lang='grc' dir='ltr'><em>βλασφημοῦσι-</em></span> 
     </span>
    </p>
   </div>
   <div class='ocr_carea' id='block_1_7' title="bbox 0 0 1016 3392">
    <p class='ocr_par' dir='ltr' id='par_1_8' title="bbox 0 0 1016 3392">
     <span class='ocr_line' id='line_1_40' title="bbox 0 0 1016 3392; baseline 0 0"><span class='ocrx_word' id='word_1_378' title='bbox 0 0 1016 3392; x_wconf 95' lang='lat' dir='ltr'><em> </em></span> 
     </span>
    </p>
   </div>
  </div>
 </body>
</html>
