1988 3392
349 236 570 271 anncnrnnunnosrs.
810 225 851 266 543
878 265 880 268 ,

71 317 123 367 iani,
141 314 260 368 Severiani,
280 315 369 358 Tatiani.
400 316 456 359 Haec
472 324 502 358 est
518 329 594 359 summa
612 321 710 356 tomorum
722 315 779 356 trium
794 313 852 369 primi

71 385 124 428 libri.
154 382 243 427 Secundi
259 399 308 427 vero
320 385 364 426 libri
376 385 425 426 torni
434 386 473 427 duo
483 393 540 437 sunt,
553 386 613 433 ,cuins
628 384 649 425 in
661 384 727 438 priore
738 391 802 432 tomo,
819 380 852 436 qui

72 460 152 510 quartus
164 460 206 504 cst,
229 453 246 494 si
258 461 323 495 tomos
335 454 428 509 deinceps
441 454 465 494 ab
477 454 534 495 initio
547 467 651 503 numeres,
674 452 769 492 haereses
778 448 852 491 XVIII

71 521 197 563 nominentur
216 521 253 562 boc
268 522 335 562 moda.
367 520 493 572 Encratitae,
517 519 667 577 Cataphrpgcs,
690 519 723 574 qni
741 517 853 560 ctlllonta-

71 591 134 631 nistae
147 603 170 630 ac
183 584 352 645 Tascodrngitac,
369 588 492 646 Pcpuniani,
509 591 542 644 qui
554 597 574 631 et
584 588 715 643 Quintiliani,
737 587 808 642 quibus
819 588 853 628 ad-

70 659 177 712 iunguntur
189 657 322 713 Artotyritae,
340 657 585 708 Tessurescacdecatitac,
603 658 634 711 qui
646 655 725 698 Pascha
737 657 757 696 in
771 656 853 696 eandem

71 725 117 767 anni
129 724 181 765 diem
191 724 306 776 coniiciunt,
322 725 391 780 alogi,
408 726 441 780 qni
452 734 472 767 et
481 725 606 780 evangelium
617 733 638 765 et
649 723 784 780 Apocalypsin
795 721 855 763 Ioan-

71 793 101 835 nis
111 791 227 848 repudiant,
244 792 358 845 Adamiani,
375 791 487 849 Sampsaci,
504 794 537 848 qui
547 791 692 845 ctHeloesaei,
709 791 853 842 Theodotiani,

70 859 259 911 blelcbisedeoiani,
276 859 449 912 Bardesianistae‚
466 860 573 913 Noe'tiani,
594 860 684 911 Valesii,
701 858 793 911 Cathari,
810 859 854 900 An-

71 928 140 986 gelici,
164 928 288 985 Apostolici,
310 929 342 985 qni
356 929 415 972 etiam
432 929 556 986 Apotactici,
580 927 701 979 Sabelliani,
724 926 854 983 Origenistae

71 997 170 1040 foeditatis
181 1005 285 1051 auctores,
303 996 432 1055 Origcnistae
441 998 465 1040 ab
476 995 559 1055 Origine
571 998 699 1040 Adamantio.
732 997 753 1039 lu
765 997 853 1039 secundo

71 1075 136 1110 antem
147 1074 201 1111 tomo
212 1068 301 1111 eiusdem
313 1068 371 1120 libri,
388 1069 420 1125 qni
432 1069 498 1124 priore
511 1069 543 1110 illa
555 1069 671 1110 numerandi
685 1070 762 1109 ratione
775 1067 854 1123 quintus

71 1146 114 1191 est,
130 1137 390 1194 haeresesqninquesunt.
422 1137 479 1180 Pauli
491 1136 653 1189 Samosatensis,
673 1135 799 1188 Manichaei,
821 1135 854 1192 qni

71 1215 90 1250 et
103 1206 226 1261 Acuanitae,
243 1207 371 1261 Hieracitae,
387 1206 505 1260 Meletiani,
521 1208 585 1264 quiin
598 1207 691 1264 Aegypto
701 1206 788 1249 schisma
801 1207 854 1247 fece-

70 1285 127 1328 runt,
144 1276 224 1318 Ariani.
257 1278 322 1333 Atque
334 1277 384 1319 haec
400 1285 432 1319 est
442 1285 540 1319 tomorum
551 1277 596 1319 libri
610 1277 692 1318 secundi
706 1291 789 1318 summa.
821 1274 854 1317 Si-

71 1346 143 1388 militer
157 1346 209 1387 etin
222 1346 342 1388 tertiolibro
356 1347 404 1388 tomi
418 1347 456 1388 dno
466 1354 520 1389 sant.
551 1345 575 1387 In
589 1346 651 1401 primo
669 1353 723 1387 tomo
734 1346 786 1387 tertii
799 1345 852 1395 libri,

70 1422 129 1456 sexto
140 1421 206 1455 autem
216 1429 241 1456 eo
252 1429 309 1471 quem
321 1415 408 1457 diximus
420 1416 501 1466 ordine,
518 1415 613 1457 haereses
625 1413 665 1457 Vll
680 1421 738 1466 sunt,
756 1413 852 1462 Audiam,

70 1481 197 1535 Photiniani‚
218 1481 358 1536 Marcelliani,
376 1481 508 1535 semiariani,
528 1481 715 1533 Pacumatomacbi‚
732 1483 763 1538 qni
776 1482 853 1538 spiritui

71 1558 140 1593 sancto
154 1552 297 1593 contumeliose
308 1552 424 1602 detrahunt,
443 1552 537 1604 Adriani,
561 1552 654 1603 Aeliani,
671 1552 703 1606 qni
715 1559 735 1592 et
745 1551 853 1602 Anouroei,

70 1619 107 1661 hoc
120 1627 150 1661 est
161 1619 273 1662 Dissimiles
283 1620 414 1676 appellantur.
439 1619 560 1662 insecundo
573 1634 622 1661 vero
634 1627 688 1661 torno
699 1619 788 1661 eiusdem
800 1620 854 1660 tertii

71 1688 127 1740 libri,
143 1687 304 1744 septimoautem
316 1703 343 1730 ex
354 1689 452 1731 divisione
462 1690 495 1730 illa
506 1702 564 1744 quam
577 1689 675 1740 diximus,
700 1688 794 1730 haereses
808 1703 854 1743 qna-

72 1762 117 1797 tuor
131 1763 188 1808 sunt,
211 1755 347 1808 Dimoeritae,
373 1757 406 1812 qni
422 1771 462 1798 non
482 1758 589 1813 perlectam
607 1754 683 1798 Christi
696 1756 854 1798 incarnationem

72 1825 202 1875 ccrrhtentur,
225 1824 257 1879 qni
274 1825 333 1866 ctiam
346 1825 491 1880 Apollinaritae
508 1825 647 1874 nominantur,
668 1832 707 1866 tum
720 1825 853 1880 qnisanctam

72 1890 156 1934 Mariam
167 1906 247 1949 semper
256 1893 362 1947 virginem,
379 1901 481 1949 postquam
491 1893 611 1935 salvatorem
621 1893 697 1948 genuit,
715 1907 757 1934 cnm
768 1892 855 1947 Iosepho
899 1881 900 1884 Ἴ

72 1960 203 2002 consuevisse
214 1960 294 2011 dicunt,
312 1976 361 2016 quos
374 1960 585 2002 Antidicomarianitas
598 1961 735 2011 nominamus,
756 1968 777 2001 ct
790 1961 854 2016 quiin

72 2042 143 2070 nomen
154 2028 242 2071 eiusdem
251 2027 329 2070 Mariae
340 2029 446 2085 collyridas
456 2030 550 2081 offerunt,
564 2029 596 2084 qni
607 2036 704 2070 vocantur
714 2027 853 2086 Collyridiani,

72 2093 198 2140 Massaliani.
230 2096 308 2152 Quibus
321 2098 412 2139 adiuncta
426 2105 527 2154 postremo
540 2106 571 2139 est
583 2097 693 2139 catholicae
707 2097 752 2139 bdei
765 2113 788 2139 ac
802 2098 855 2139 veri-

73 2165 120 2207 tatis
135 2166 281 2222 compendiaria
297 2167 394 2208 defensio.
426 2165 448 2207 ln
465 2180 502 2222 qna
514 2173 584 2207 sancta
600 2166 697 2208 catholica
713 2173 733 2207 et
746 2167 854 2222 apostolica

73 2234 158 2277 ecclesia
173 2234 271 2277 consistit.

130 2373 234 2418 Eiusmodi
251 2382 282 2417 est
297 2390 372 2418 summa
390 2376 541 2432 comprehensio
556 2391 579 2418 ac
595 2376 655 2419 totius
673 2376 739 2433 operis
759 2376 856 2419 adversus

74 2445 175 2500 octoginta
186 2445 281 2488 haereses
293 2445 407 2502 inscriptio,
425 2461 468 2487 cum
482 2446 540 2489 narica
552 2461 575 2488 ac
587 2446 682 2502 singulari
694 2447 810 2489 defensione
821 2462 856 2489 ve·

74 2512 149 2566 ritatis,
166 2515 203 2563 hoc
214 2521 245 2556 est
255 2515 313 2557 nnius
325 2514 422 2558 ecclesiae
437 2522 495 2571 atque
506 2515 622 2558 catholicae.
655 2514 714 2570 Quod
727 2530 776 2572 opus
790 2516 856 2559 distri·

74 2579 142 2624 butum
154 2584 253 2640 inpactos
265 2591 307 2626 tres
319 2592 384 2627 tomos
397 2591 472 2642 septem
485 2584 629 2642 complectitur.
659 2583 720 2626 Nunc
732 2585 790 2627 aliam
801 2586 856 2627 dein-

74 2663 120 2708 ocps
138 2652 185 2695 tomi
203 2653 275 2710 prioris
290 2653 334 2695 libri
350 2668 446 2696 summam
463 2669 487 2696 ac
504 2653 640 2710 compendium
655 2653 794 2707 instituemus,
817 2670 855 2711 quo

75 2721 151 2774 quidem
169 2724 189 2765 in
201 2723 251 2764 libro
266 2722 336 2777 viginti
348 2722 442 2766 haereses
453 2724 586 2766 continentur.
616 2721 710 2779 Inprimis
722 2724 774 2766 enim
786 2725 855 2766 haerc-

74 2800 124 2831 seon
140 2792 228 2833 omnium
244 2798 318 2833 matres
333 2805 356 2833 ac
372 2792 477 2848 primariae
496 2792 649 2849 appellationes,
671 2793 764 2848 aquibus
776 2800 855 2834 ceterae

75 2855 211 2912 dimanarunt,
227 2867 273 2902 sunt
288 2860 392 2901 eiusmodi.
696 2907 698 2909 ,

131 2926 283 2981 barbarismus,
306 2928 338 2984 qni
350 2930 480 2986 perseipsum
499 2930 523 2971 ab
535 2929 613 2971 Adamo
624 2930 649 2972 ad
663 2930 731 2972 decem
742 2929 855 2984 generatio-

98 3040 125 3073 30.
138 3044 188 3084 Vatpo
199 3042 290 3078 Φωτιανοι.
477 3047 531 3085 repet,
541 3044 620 3076 theadose.

97 3084 125 3119 31.
137 3085 280 3133 διαλαμβάνοντες
290 3090 327 3123 edil.
335 3090 390 3123 Petam
399 3091 454 3123 Coton.
