1988 3392
243 245 337 281 Ριιιιιιιιι
349 245 429 278 muni.
442 229 713 279 romussrnnnnxxvm.
800 238 802 240 ·
827 234 869 274 415

87 327 137 385 quod
147 324 213 368 Marci
226 340 250 367 ae
260 324 343 368 loannis
356 326 459 380 evangelia
471 326 580 368 declarant.
611 323 692 366 Primus
705 337 731 364 cx
742 321 796 364 onirii
807 320 869 376 stirpe

87 404 144 440 natus
153 395 182 437 illi
195 394 245 436 filius
258 401 289 436 est
302 392 397 444 lacohuS,
421 402 553 449 cognomento
568 395 633 435 cattus
650 392 711 446 (quod
725 406 814 441 murum,
837 390 870 431 vol

87 464 187 507 castellum
199 462 327 517 interpretari
338 462 405 516 licet),
427 462 459 516 qui
471 469 491 502 et
502 460 568 504 lustus
579 461 689 518 appellatus
706 466 749 510 est,
771 466 791 501 et
801 457 871 501 Naza-

86 531 205 583 raeusluit‚
227 531 279 586 quod
298 530 415 572 vocabulum
431 528 526 572 Sanctum
541 530 646 585 siguificat.
679 527 734 570 ldcm
750 528 869 583 illeprimus

87 598 219 657 episcopalem
235 599 347 639 cathedram
364 598 428 654 cepit,
451 613 494 639 citur
510 599 528 639 ei
545 604 590 639 aute
607 605 686 640 ceteros
699 610 769 638 omncs
783 611 839 638 sumn
850 596 870 637 iu

86 668 145 711 terris
163 666 255 708 thronum
267 667 358 711 dominus
374 667 495 709 tradidisset.
528 664 567 720 Qui
583 667 661 721 quidem
677 667 827 721 (lorrzhz'sruter
840 672 871 706 est

87 737 147 791 vulgo
164 735 285 777 nominatus.
317 733 395 790 Quibus
408 735 499 777 omnihus
516 735 647 790 adstipulatur
662 735 763 791 apostolus
779 734 809 776 his
825 748 870 776 vcr-

86 805 129 858 his,
150 806 295 845 Alzhmuutem
310 806 440 857 coapostolis
455 807 610 852 ardiaemdzem,
632 807 672 843 az'si
685 805 773 844 Iacobum
785 805 965 857 flammantium.

86 876 158 914 domini
172 879 211 914 etc.
244 871 319 914 Verum
334 872 406 913 domini
421 873 454 914 ille
471 874 533 913 irater
547 873 571 913 oh
583 886 706 913 communem
723 873 869 924 educationem,

87 955 126 983 nou
140 947 223 991 natura,
245 939 355 995 sedgratia
370 947 460 981 vocatur.
490 939 543 980 Natu
557 939 623 980 illaria
636 938 871 995 cumlosephoconiun-

88 1016 120 1050 cta
131 1008 170 1050 viri
181 1022 234 1049 uxor
245 1021 290 1049 esse
301 1008 416 1059 videbatur,
433 1021 476 1048 cum
489 1008 563 1048 nullum
571 1007 625 1048 inter
636 1007 690 1062 ipsos
701 1022 806 1063 corporum
818 1022 871 1048 eom-

89 1076 183 1118 mercium
203 1075 319 1117 interesset.
355 1074 389 1117 Ex
406 1089 445 1130 quo
464 1075 496 1116 illa
514 1074 593 1129 Iosephi
609 1075 693 1116 tiliorum
709 1090 753 1116 eum
772 1075 871 1116 salvatore

90 1143 243 1201 propinquitatis
257 1144 341 1185 affinitas
354 1150 386 1184 est
399 1150 455 1194 nata,
478 1157 529 1197 quae
547 1144 655 1184 fraternam
669 1142 820 1198 appellationem
837 1143 872 1183 oh-

51 1247 52 1250 ,
90 1212 174 1263 flueret,
192 1212 223 1253 vel
237 1225 260 1253 ca
273 1212 339 1267 potius
351 1211 498 1253 necessitudine
512 1218 637 1252 censeretur.
669 1209 697 1252 Ut
709 1211 761 1251 eitiin
775 1209 871 1267 Iosephus

87 1280 142 1337 ipsc,
164 1279 212 1322 licet
225 1279 273 1321 nihil
290 1279 372 1322 haberet
387 1294 434 1339 ‘cnm
450 1279 556 1321 salvatoris
574 1280 683 1321 seeundum
701 1293 781 1321 caruem
795 1280 872 1335 origine

88 1363 203 1401 commune,
220 1356 275 1391 certa
289 1356 355 1390 tamen
367 1349 505 1404 providentiae
517 1348 595 1390 ratione
606 1349 651 1389 loco
664 1349 725 1404 patris
737 1356 768 1389 est
780 1349 870 1401 hahitus3

87 1418 250 1474 quemadmodum
269 1416 337 1459 Lucas
358 1417 480 1473 evangelista
499 1418 523 1458 de
537 1417 637 1459 salvatore
656 1418 699 1472 ipso
717 1420 812 1469 testatur,
835 1420 968 1470 Quintium.

87 1494 140 1535 erut,
163 1486 238 1541 iuquit,
253 1488 325 1539 filius,
349 1494 371 1525 ut
381 1487 503 1534 credebatur,
526 1488 601 1538 Ioseph.
634 1483 872 1542 Scdetlliariaipsail-

86 1555 126 1597 lum
144 1554 247 1611 alloquens
263 1554 283 1595 in
298 1554 403 1610 evangelio
416 1552 485 1596 Lucae
500 1555 552 1595 idern
569 1554 653 1606 asserit,
675 1556 726 1594 Ecce
740 1569 776 1607 ego
788 1562 807 1595 et
813 1563 872 1609 puter
884 1566 907 1597 ιι.
916 1567 930 1604 ²,
939 1568 962 1597 te.

89 1632 133 1664 tous
147 1626 232 1665 dolentes
247 1625 384 1677 quaerebamus
397 1631 422 1663 tc.
455 1621 506 1678 Quis
518 1623 579 1683 igitur
591 1621 697 1679 losephum
711 1624 784 1664 domini
796 1631 871 1681 patrem

89 1694 161 1735 audeat
171 1692 251 1745 dicere,
273 1708 312 1749 quo
323 1708 367 1735 cum
381 1692 454 1734 nullam
465 1692 568 1749 principii,
590 1699 623 1734 aut
635 1706 719 1734 caussae
730 1693 827 1744 rationem
839 1694 873 1736 ha-

88 1762 159 1816 hebat,
180 1777 224 1804 cum
235 1763 347 1804 incarnatio
359 1762 402 1819 ipsa
413 1762 457 1804 siue
469 1762 522 1803 virili
535 1761 612 1804 semine
623 1763 711 1818 perlecta
725 1762 872 1805 administrata-

90 1845 128 1887 que
141 1831 215 1873 luerit?
246 1829 299 1883 set,
323 1833 374 1887 quod
386 1831 522 1887 providentiae
533 1831 584 1872 ratic
596 1831 718 1886 postulabat,
736 1845 759 1872 ea
771 1832 831 1874 rebus
842 1840 873 1874 est

88 1914 133 1943 sors
148 1908 208 1957 atque
223 1900 310 1942 conditio
326 1900 406 1942 tributa.

145 1968 216 2012 Redeo
227 1970 251 2011 ad
264 1967 357 2011 Iacobum
368 1970 434 2022 illum,
450 1983 507 2025 quem
519 1967 615 2025 Iosephus
627 1984 690 2011 annos
704 1970 746 2027 plus
758 1970 823 2014 minus
836 1987 872 2014 na·
885 1982 978 2027 captiti.

89 2045 120 2080 tus
129 2037 170 2080 XL
181 2039 257 2094 genuit.
288 2037 338 2081 Post
353 2039 405 2081 huuc
415 2039 465 2080 alius
478 2039 497 2079 ei
509 2038 559 2080 lilius
576 2039 677 2090 nascitur,
698 2040 730 2080 eui
742 2038 787 2082 lose
800 2056 873 2084 nomeu

89 2107 133 2149 luit.
165 2109 212 2150 lude
225 2106 314 2165 Symeon
329 2122 352 2149 ac
364 2106 435 2160 ludas,
458 2108 509 2150 tiliae
523 2121 572 2150 rero
588 2108 651 2158 dnae,
674 2105 871 2153 MariaetSalome.

90 2175 143 2219 Tum
160 2184 238 2219 mortua
255 2191 320 2219 uxore
335 2177 401 2219 inultis
416 2185 460 2234 post
476 2177 533 2219 anuis
547 2177 618 2218 viduus
634 2174 719 2218 lllariam
737 2178 805 2230 duxit,
827 2195 871 2221 cum

89 2246 244 2302 octogesimum,
267 2254 325 2302 atque
345 2261 369 2288 eo
386 2247 469 2303 amplius
486 2260 559 2288 annum
575 2246 682 2302 attigisset.
718 2244 818 2300 Mariam,
840 2248 872 2290 in-

89 2329 159 2370 quam,
174 2316 194 2357 id
205 2316 277 2357 aetatis
287 2316 371 2371 accepit,
388 2323 409 2357 ut
419 2316 544 2371 evangelium
555 2323 631 2357 narrat.
663 2319 709 2356 Cum
720 2324 780 2365 esset,
797 2317 870 2373 inquit,
895 2334 955 2364 March.

90 2386 203 2437 desponsata
219 2388 292 2426 Morte.
328 2382 376 2426 Non
395 2384 454 2436 dicit,
476 2381 527 2426 Cum
545 2385 654 2440 nupsisset.
692 2383 745 2426 ldem
763 2385 801 2427 alio
817 2386 871 2440 loco,
905 2371 946 2405 ¹²¹⁸

89 2453 134 2494 Noa
148 2456 238 2507 cognouit
252 2455 312 2494 illum.
345 2451 403 2495 Subit
420 2457 469 2495 rero
484 2453 528 2495 illos
545 2467 615 2494 omncs
628 2453 733 2506 admirari,
756 2454 789 2510 qui
801 2469 872 2510 pravas

90 2523 184 2576 quasdam
196 2522 313 2564 occasiones
326 2536 350 2564 ac
360 2522 437 2579 specics
449 2529 551 2578 captantes
567 2536 637 2563 eorum
650 2537 700 2578 quae
717 2522 765 2564 nihil
777 2525 830 2566 scire
843 2534 873 2567 at-

90 2589 140 2632 tinet
152 2605 233 2633 caussas
250 2591 384 2646 iuvestigant‚
407 2605 430 2632 ac
443 2605 493 2647 quae
506 2591 585 2632 mininie
599 2593 740 2646 perscrutanda
751 2601 797 2634 sunt
808 2594 873 2650 inqui-

91 2666 149 2712 runt,
171 2667 191 2701 et
201 2674 212 2700 a
222 2660 342 2701 necessariis
354 2661 415 2701 rebus
428 2662 451 2701 ad
463 2661 534 2702 stultas
546 2660 673 2715 quaestiones
685 2674 731 2702 sese
744 2670 872 2717 convertunt,

92 2733 113 2768 ut
123 2741 150 2769 ex
161 2742 184 2770 ea
196 2743 246 2784 quae
258 2727 332 2770 sanetis
343 2728 451 2784 imponitur
461 2728 569 2784 ignominia
579 2728 702 2770 infidelitatis
715 2743 742 2770 ex
753 2730 806 2771 orani
817 2740 873 2787 parte

91 2808 115 2837 ac
127 2796 262 2853 blasphemiae
274 2797 381 2853 perniciem
396 2805 455 2853 atque
470 2797 554 2839 exitium
569 2797 685 2853 importent.
717 2796 818 2853 Quocirca
833 2800 873 2855 pri·

91 2878 143 2906 mum
161 2867 206 2908 illos
221 2869 250 2908 rei
268 2865 331 2908 series
352 2873 410 2921 atque
430 2867 479 2908 ordo
498 2868 541 2923 ipse
559 2866 668 2907 ttoiivincit.
705 2866 763 2922 Quod
783 2868 873 2925 inprimis

91 2954 110 2988 id
126 2957 238 2991 admiratione
258 2957 327 3001 dignum
344 2962 370 2990 est
387 2957 473 3001 quomodo
495 2964 536 2991 runt
545 2969 587 3002 quae
595 2957 694 3002 inquirenda
704 2970 739 2991 non
749 2965 789 2991 sunt
797 2963 831 2992 cett.
842 2960 874 2992 Pe-

92 3012 154 3045 pravae
167 3010 255 3048 captantur
267 3003 373 3044 occasiones,
391 3003 470 3048 quodque
492 3004 547 3037 tarius
557 3003 608 3036 suasit
619 3000 644 3043 οἷς
652 3004 671 3039 αἱ
681 3015 730 3048 προφ.
744 3005 760 3039 h.
771 3004 787 3039 οἱ
797 3004 874 3050 πονηροὶ,

93 3058 151 3082 eorum
160 3061 225 3082 caussas
233 3056 328 3083 scrutantur
335 3049 418 3089 homines,
430 3061 473 3094 quo·
496 3049 526 3084 καὶ
538 3051 573 3084 κτλ.

92 3105 129 3127 rum
144 3096 199 3128 nullus
213 3103 239 3129 est
255 3107 304 3136 usus,
322 3102 339 3127 et
353 3096 371 3127 in
383 3107 403 3128 ea
415 3096 472 3140 inqui-
