1988 3392
149 207 192 250 258
441 214 523 262 οιαοτι
535 214 651 251 τνιειτιαιι

151 295 193 339 Καὶ
204 291 267 350 πολλὴ
278 291 356 352 ίσταιιξ
367 298 403 339 τοῦ
418 296 486 350 βυθοῦ
496 298 532 349 τῆς
548 291 626 351 πλάνης
642 290 655 351 ἡ
669 294 797 352 ματαιολογία
809 297 849 339 τοῖν
860 295 935 353 νοημά-

150 384 202 420 των,
217 370 253 422 της
263 367 354 418 διανοίας
363 365 432 422 μηκέτι
441 363 592 422 εῦσταθοόσης,
607 362 656 410 ἀλλά
666 363 780 421 πληροόσης
790 363 813 410 τό
824 367 935 423 εἰρημένον,

147 435 310 495 Ἐμωριίνθησαν
327 439 349 481 οἱ
363 439 431 479 δοῦλοι
447 441 483 480 τοῦ
500 441 562 490 θεοῦ,
586 437 621 480 καί
638 433 748 493 ἐμωρόνθη
766 439 806 487 πᾶς
823 434 935 495 ἅνθρωπος

150 504 192 550 οίιτό
204 506 301 565 γνοίσεως.
333 503 363 549 Οῦ
373 503 411 562 γάρ
421 523 451 555 τις
461 507 526 565 ἑαυτῷ
535 510 570 565 ζῇ,
585 504 632 549 οῦδὲ
642 506 707 564 ἐαυτῷ
716 503 848 560 ἀποθνήσκει.
880 507 936 552 Οῦδέ

150 593 180 626 τις
196 575 293 633 γνώσεται
307 572 365 617 οῦδὲν
380 573 443 630 πιίρεξ
460 579 496 618 τοῦ
513 579 575 625 θεοῦ,
595 578 632 616 τοῦ
649 572 821 628 ἀποκαλῦψαντος
836 572 886 629 ἡμῖν
899 574 936 630 τήν

151 643 252 699 ἀληθινήν
261 647 326 686 πίστιν
335 640 405 694 αῦτοῦ,
420 643 518 699 λέγοντος,
535 637 601 693 Οὗτός
611 643 665 685 ἐστιν
675 640 686 685 ό
695 640 740 693 υἱός
751 659 790 697 μου
802 641 814 686 δ
825 641 935 700 ἀγαπητός,

149 715 184 756 καί
196 711 259 755 αὐτοῦ
276 710 370 762 ἀκοῦετε,
390 711 425 753 καί
440 715 477 753 τοῦ
492 712 513 761 ἐξ
525 708 589 752 αῦτοῦ
603 710 746 766 γεγεννημένον
764 709 937 762 ἀπακαλῦψαντος

149 778 198 834 ἡμῖν
208 777 243 821 τόν
253 779 329 832 πατέρα
339 776 413 827 αὐτοῦ,
433 778 468 819 καί
479 779 583 833 λέγοντος,
602 775 652 832 Ἐγοί
666 778 689 819 ἐκ
700 781 737 819 τοῦ
753 777 829 832 πατρός
843 779 935 831 ἐξῆλθον,

62 850 138 889 1²³ssv⁹⁵2
151 849 185 889 καί
200 845 249 900 ἥκω.
287 846 328 886 Καὶ
343 843 389 887 οῦτε
404 842 445 886 ἀπό
461 844 571 898 ὀνομασίας
587 842 705 899 ἀνθρώπων
719 842 742 887 τό
758 843 878 900 ἀσύγκριτον
893 846 936 899 ἔσχε

149 911 211 966 θεός,
227 911 273 957 οῦτε
284 910 318 956 διό
328 910 351 956 τδ
363 910 484 969 ἀσύγκριτον
494 910 507 967 ἦ
520 909 565 964 ἀξία
576 917 612 956 τοῦ
623 910 723 966 ἀληθινοῦ
735 912 872 957 ἐνυποστότον
884 917 935 956 θεοῦ

149 981 211 1042 λόγον
228 983 264 1027 καί
279 982 302 1027 ἐκ
315 980 391 1040 πατρός
406 979 498 1040 ἀνόρχως
510 979 623 1038 όμοουσίως
636 981 780 1041 γεγεννημένου
795 980 936 1042 παρεκτραπη-

150 1070 216 1109 σεται,
230 1051 295 1099 4οίίτε
307 1051 407 1112 όποτίρου
420 1058 460 1098 τῶν
472 1052 578 1110 ὀνομάτων
588 1052 645 1112 χάριν
656 1055 734 1110 ἔχοντος
745 1055 843 1107 ἐπινοίαις
855 1052 937 1112 όνθριό-

149 1143 201 1170 πων.
232 1123 297 1169 Οῦδὲν
312 1124 350 1183 γόρ
367 1124 539 1182 προςλαμβιίνεται
552 1122 575 1167 τό
586 1129 644 1167 θεῖον
656 1123 770 1180 ἀξιώματος
782 1123 797 1181 ἢ
811 1124 937 1182 προςθιίκης,

150 1193 200 1238 αὐτό
210 1194 232 1238 δὲ
243 1193 282 1238 ὁτό
291 1200 350 1238 θεῖον
361 1199 411 1236 πᾶσι
421 1195 501 1249 παρέχει
511 1196 533 1237 ἐκ
544 1197 580 1237 τοῦ
590 1190 654 1236 αῦτοῦ
663 1193 803 1249 πληρόματος,
818 1193 848 1238 ἀεὶ
859 1195 881 1239 ίν
889 1212 936 1237 τοιυ-

150 1263 217 1318 τότητι
232 1264 338 1318 μένοντος,
360 1264 395 1306 καί
407 1261 601 1317 μιὶίλοιττουμίνου,
622 1259 662 1304 ἀλλ’
673 1263 695 1306 ἒν
706 1267 730 1322 τῇ
744 1265 785 1322 ἰδίιγ
797 1263 895 1321 φέροντος
905 1260 937 1306 ἀεὶ

150 1331 210 1391 οῦσίςι
224 1336 261 1374 τοῦ
277 1330 378 1386 ὀνόματος
392 1332 426 1374 καὶ
441 1329 547 1385 δυνάμεως
560 1331 596 1373 καὶ
610 1328 682 1381 οῦσίας
695 1329 717 1374 τό
734 1330 817 1387 ἀξίωμα.

209 1532 285 1577 Ἀετίου
297 1532 367 1585 κεφόλ.
376 1531 408 1589 ιγ’.
424 1534 453 1575 Εἰ
464 1534 540 1583 ἔξωθεν
551 1533 691 1587 ἔπιθιονρεῑται
703 1536 731 1590 τῷ
742 1536 786 1592 θεῷ
802 1531 839 1575 ιτό
854 1531 937 1588 ἀγίννη·

150 1618 193 1653 τον,
215 1603 236 1645 οἱ
247 1599 419 1657 ἐπιθεωρήσαντες
430 1604 466 1643 τοῦ
478 1601 654 1656 ε’πκθεωρηθέντος
662 1601 712 1643 εἰσίν
721 1598 828 1656 ἀμείνους,
848 1606 937 1658 κρεῖττον

151 1668 216 1727 ὄνομα
227 1674 263 1726 τῆς
272 1668 353 1725 φόσεως
368 1668 422 1729 αὐτῷ
437 1668 574 1728 πορισάμενοι.

207 1738 284 1799 Ἀνατρ.
296 1733 392 1796 Ἀμείνων
401 1738 469 1793 οῦδελς
477 1746 536 1794 θεοῦ,
551 1738 603 1797 πρός
611 1737 686 1785 Ἀἕτιόν
696 1759 731 1798 μοι
740 1738 818 1798 ἡλίξις,
827 1738 863 1786 τόν
871 1738 937 1793 οῦτως

150 1811 299 1868 ἐπινενοηκότα.
314 1809 349 1864 Ὡς
359 1813 397 1868 ἔχει
407 1810 421 1868 ἡ
431 1809 523 1868 ἀλήθεια.
540 1815 590 1863 Πῶς
600 1811 637 1870 γδρ
649 1809 736 1867 ἀμείνων
745 1817 798 1857 θεοῦ
807 1814 838 1868 εἴη
849 1829 885 1865 τις,
896 1816 936 1856 νῦν

150 1882 232 1926 πάντων
242 1883 265 1925 ἐκ
275 1886 326 1925 θεοῦ
337 1880 359 1925 τό
372 1879 423 1925 είνοιι
434 1880 557 1936 εἶληφότοινς
587 1883 660 1925 Αἰσίου
675 1882 697 1925 δὲ
713 1880 772 1933 όντος
784 1887 822 1926 τοῦ
833 1886 885 1926 θεοῦ
896 1884 936 1925 τῶν

149 1949 184 1995 ἀπ’
199 1949 263 1995 αῦτοῦ
279 1952 412 2006 κεκτισμίνων
425 1954 510 2007 λογικῶν
520 1967 541 1993 τε
551 1952 586 1994 καὶ
596 1950 687 2008 ἀλόγων,
709 1949 788 2007 δρατοῦν
797 1968 818 1995 τε
828 1952 862 1994 καὶ
874 1949 936 2008 ἀορό·

149 2037 201 2070 των,
217 2018 306 2074 ἀμείνων
316 2017 377 2069 αότός
388 2021 427 2062 ἐστι
438 2017 494 2075 παραὶ
504 2017 592 2071 πάντας,
608 2017 647 2062 κάν
656 2035 677 2062 τε
685 2020 707 2062 οί
715 2020 792 2075 λογικοί
803 2021 893 2069 διανοίας
904 2019 935 2075 γε’-

149 2105 216 2131 νοιντο
233 2087 300 2144 ὀρθῆς
316 2089 344 2137 είς
361 2086 472 2141 εὐσέβειαν,
493 2091 529 2129 τοῦ
546 2090 643 2143 γεραίρειν
659 2085 682 2129 τό
699 2085 781 2141 ἀμεινον
797 2085 838 2131 ἀπό
854 2088 935 2149 μέρους,

149 2156 200 2210 μηδὲ
212 2155 263 2205 ὅλως
274 2160 314 2198 τῶν
325 2154 407 2198 πόντων
418 2153 524 2197 ἐπιτοαυτό
536 2155 688 2208 συναχθέντων,
707 2156 742 2197 καὶ
755 2158 833 2210 μυρίων
844 2156 935 2197 ἐπέκεινα

150 2223 311 2276 διανενοημένων
323 2220 374 2276 πρός
390 2221 455 2275 ῦμνον
468 2225 521 2263 θεοῦ
530 2222 677 2264 ἐπεκτείνεσθαι
690 2218 808 2275 δυναμένων
824 2221 864 2264 2τό
875 2238 896 2264 τε
905 2222 935 2264 τί·

149 2294 203 2333 λειον
212 2293 248 2344 τῆς
259 2288 322 2344 αὐτῆς
333 2287 393 2343 δόξης
404 2290 425 2332 ἒν
440 2289 519 2339 ἑαυτοῖς
533 2289 666 2346 ἐμπεριέχειν,
685 2286 847 2347 ῦπερβαινοόσης
858 2287 891 2333 ἀεὶ
899 2293 935 2345 τῆς

151 2358 258 2413 ἀμείνονος
267 2362 308 2402 τῶν
318 2355 476 2415 ῦιτοβεβηκότων
486 2356 522 2415 την
533 2359 622 2413 ἔννοιαν,
643 2357 682 2403 κάν
692 2374 713 2403 τε
722 2357 774 2403 κατὰ
784 2358 880 2418 δύναμιν,
900 2360 935 2405 καὶ

149 2426 201 2487 ῦπὲρ
216 2427 313 2485 δύναμιν,
334 2428 386 2487 πρός
401 2427 521 2488 ῦμνολογίαν
539 2431 705 2475 ἲέπεκτείνωνιαι
717 2434 745 2492 τῷ
760 2428 854 2488 ἀμείνονι.
877 2429 934 2476 ’Ἐστι

149 2500 188 2558 γδρ
205 2499 230 2545 οῦ
247 2499 300 2560 λόγῳ
310 2497 408 2555 ἀμείνων,
423 2498 472 2544 ἀλλά
484 2499 580 2554 δυνάμει,
599 2502 634 2544 καὶ
643 2492 735 2558 όνόμοιτι,
754 2501 857 2561 καλλόγῳ.
883 2499 934 2546 Ἀλλ’

151 2570 177 2628 οῦ
190 2573 260 2613 διοίσει
270 2569 292 2613 τό
305 2567 425 2627 ιίσόγκριτον
438 2569 479 2613 ἀπό
491 2574 528 2613 τοῦ
544 2569 664 2627 ἀσυγκρίτου
675 2569 707 2627 4η
717 2575 754 2616 τοῦ
764 2570 868 2628 ἀμείνονος
878 2570 934 2628 παροδ

150 2644 191 2683 τῶν
202 2636 359 2693 ἀποβεβηκότων
375 2642 484 2696 δοξολογία.
517 2635 564 2681 Οἷδε
577 2638 614 2696 γόρ
625 2641 646 2683 ἕν
656 2642 716 2698 πατρὶ
726 2639 747 2684 τό
758 2640 840 2697 ἀμεινων
852 2640 886 2684 διαί
896 2645 934 2684 τοῦ

67 2724 103 2758 μορ,
111 2716 142 2746 αττ.
152 2706 274 2765 ἆγεννήτου,
289 2709 323 2751 καὶ
332 2706 354 2751 τό
366 2706 447 2762 ἀμεινον
459 2710 479 2758 ἐξ
488 2704 551 2750 αὐτοῦ
561 2711 708 2764 γεγεννημένον.
737 2710 814 2767 Διόπερ
826 2707 934 2764 δμοοῦσιον

173 2798 189 2835 4.
202 2802 276 2833 Fortasse
286 2795 332 2834 οῦδὲ.
554 2802 607 2834 culam
615 2812 635 2836 τε
648 2812 668 2835 ατ
679 2804 755 2835 vocabulo
766 2801 834 2836 τέλειον.
857 2803 934 2836 Petamus

172 2847 189 2878 5.
205 2843 225 2879 τδ
241 2846 317 2877 omissum
327 2847 345 2876 ιἰι
360 2846 397 2878 εδδ.
409 2847 465 2879 Ρείιιν.
478 2847 532 2878 colon.
553 2849 617 2880 οοιιίιοίί
628 2845 671 2890 πρὸς
681 2844 700 2881 τδ
712 2846 781 2881 τέλειον.

149 2893 197 2931 τιμαί.
576 2891 593 2924 3.
610 2889 740 2926 ἐπεκτεινόντων
756 2893 791 2924 τοῦ.
805 2893 881 2934 Rhedfq„
898 2901 933 2926 cor·

174 2937 188 2968 l.
200 2932 231 2972 τό,
248 2935 420 2976 ηιιοιλίι.ί.οοιι“ειιιαι
431 2936 481 2968 estin
494 2935 531 2967 edit.
553 2939 624 2969 tecturae
639 2938 709 2979 vestigiis
722 2940 740 2969 ιἰι
756 2938 802 2978 finali
816 2939 859 2970 vocis
870 2937 933 2979 νρλλοθα

149 2981 204 3014 Ριιαυ.
217 2982 270 3012 σολον.
280 2983 335 3022 νομοί,
346 2981 389 3014 abusi
400 2990 411 3013 α
422 2982 456 3014 loco
466 2981 532 3023 μτνιείλο
552 2984 646 3024 conspicuis.

149 3028 289 3067 ῑοιιιμιιῐοιῐυιιι.
576 3029 593 3061 4.
610 3029 655 3061 Libri
667 3030 715 3070 οαῐςο
730 3023 743 3071 ἦ
758 3027 794 3063 τοῦ.
823 3030 933 3063 [mendarum

174 3074 190 3108 ¹2.
201 3072 246 3107 Libri
256 3073 303 3117 υυλμν
312 3069 331 3109 ιδ
342 3069 410 3111 τέλειον.
434 3072 495 3116 nepem
503 3081 531 3108 νο·
553 3074 660 3119 iampridem
672 3075 758 3111 Carnarius
769 3077 783 3111 εί
794 3076 875 3112 Pacuvius.
