1988 3392
130 231 173 271 414
418 238 501 273 SANGTI
512 238 628 273 EPH’HANII

132 318 167 359 καὶ
177 315 332 371 κατάἺωάννην
342 317 469 371 έσαφήνισαν.
493 316 553 372 Ἔσχε
569 318 604 372 μέν
616 312 653 361 οάν
662 315 791 371 πρωτότοκον
802 317 838 361 τόν
847 318 915 364 Ἰἀκω-

131 388 168 439 βου
185 384 220 428 τόν
237 386 369 440 ἐπικληθέντα
381 384 477 440 Ωβλίαν,
498 386 655 443 ἑρμηνευόμενον
676 390 755 440 Τεῖχος,
777 386 811 428 καὶ
830 390 915 431 Δίκαιον

132 455 272 524 ἐπικληθέντα,
288 458 407 536 Ναζωραῖον
419 452 462 496 δέ”
451 472 506 508 οντα,
521 454 591 510 ὅπερ
582 454 709 512 ερμηνεόεται
713 453 790 511 Ἄγιος.
810 457 851 498 Καὶ
861 473 915 512 προ]

132 540 166 573 τος
178 518 238 573 οὗτος
251 525 320 605 είληφε
330 540 372 607 την
378 524 518 580 καθέδραν
495 541 530 606 της
542 524 706 581 4ἐπισκοπῆς,
693 541 708 565 οι
721 525 838 566 πεπίστευκε
847 523 916 581 κόριος

131 591 167 634 τόν
179 591 256 649 θρόνον
267 591 330 633 αὐτοῦ
342 591 375 633 ε’πι
388 596 423 645 της
434 596 471 647 γης
482 592 566 650 προίτρν
583 591 606 641 ὃς
616 593 650 634 καὶ
661 590 771 634 ε’καλεῖτο’
759 609 770 635 ο
783 590 869 645 ἀδελφός
879 598 915 636 τοῦ

132 663 215 717 κυρίου·
235 660 328 715 καθόπερ
344 660 377 702 καὶ
393 658 405 702 ό
417 658 528 709 ἀπόστολος
540 659 622 717 συνρίδει
634 659 723 712 τούτοις,
744 653 784 703 οἶδε’
794 678 835 703 που
846 661 915 717 λέγων,

126 727 210 786 Ἕτερον
226 729 247 770 δὲ
262 732 303 771 τῶν
319 727 437 771 ἀποστόλων
451 726 488 771 οάκ
504 726 569 779 εἶδον,
591 730 609 770 εί
624 727 651 783 μη
665 726 762 783 Ἰάκωβον
778 727 813 771 τόν
829 726 916 782 ἀδελφόν

132 802 169 840 τοῦ
181 800 264 852 κυρίου,
285 815 320 839 και
330 815 354 838 τα
349 794 419 881 έξης
445 796 545 849 Ἀδελφός
561 798 583 839 δέ
595 801 631 840 τοῦ
646 799 718 878 κυρίου
733 796 816 846 5ου’τως
828 802 915 840 καλεῖται

133 864 167 908 όιά
179 864 201 908 τό
213 863 340 921 ὁμότροφον,
356 863 401 920 οάχὶ
412 863 462 907 κατά
473 864 545 918 φόσιν,
565 864 613 908 ἀλλά
623 864 674 908 κατοί
683 863 747 921 χοίρου.
777 869 851 922 Μαρία
865 867 916 920 6μὲν

132 933 170 991 γάρ
181 931 308 987 ἀρμοσθεῖσα
322 952 350 991 τρο
361 931 434 987 Ἰωσηφ
448 935 513 976 ἐδόκει
528 951 579 988 γυνη
590 931 640 975 εἶναι
650 938 686 975 τοῦ
700 931 784 989 ἀνδρός,
806 932 834 987 μη
845 934 917 988 ἔχουσα

133 1000 185 1058 πρός
201 1000 262 1044 αὐτόν
279 1000 377 1055 σωμάτων
394 1001 510 1054 συνάφειαν.
543 999 577 1044 Ἐκ
593 1000 672 1083 πυρίτης
684 1002 705 1044 δέ
721 1006 756 1056 τῆς
769 999 887 1051 ὑποθέσεως
903 1000 917 1056 ἡ

133 1073 238 1127 γειτνίασις
250 1069 358 1126 ἀγχιστείας
372 1087 412 1111 τοον
428 1072 479 1112 υἱων
493 1068 566 1124 Ἰωσηφ
584 1068 635 1125 πρός
650 1068 685 1112 τόν
697 1074 776 1124 σωτῆρα
789 1071 810 1112 ἓν
823 1068 916 1122 ἀδελφων

134 1138 187 1188 τάξει
197 1139 297 1192 κέκληται·
314 1140 386 1190 μᾶλλον
396 1137 418 1178 δὲ
428 1155 463 1179 και
455 1138 572 1220 ε’λργίσθη,
601 1135 636 1186 Ὡς
648 1135 686 1219 γάρ
697 1155 731 1180 και
723 1135 804 1188 αάτός
814 1136 826 1180 ό
835 1136 915 1192 Ἲωσηφ,

135 1225 162 1262 μη
174 1205 226 1260 σχοίν
238 1208 345 1249 κοινωνίαν
357 1202 408 1261 πρός
424 1222 460 1258 την
476 1206 568 1261 γέννησιν
580 1222 616 1259 την
629 1205 680 1248 κατιί
693 1204 757 1261 σάρκα
770 1210 806 1248 τοῦ
819 1211 916 1261 σωτηρος,

135 1277 156 1317 έν
168 1274 220 1325 τάξει
232 1272 312 1358 πατρός
319 1275 413 1329 λογίζεται
425 1271 467 1315 κατ’
477 1275 606 1329 οἰκονομίαν,
621 1272 692 1323 καθοίς
703 1275 753 1331 λέγει
765 1278 849 1324 Λουκᾶς
860 1265 917 1332 εὐαγ-

134 1342 224 1428 γελιστης
232 1360 279 1397 περι
288 1342 394 1385 αὐτοῦτοῦ
404 1347 499 1398 σωτῆρος,
515 1342 553 1394 ότι,
563 1340 643 1384 Ὧν
611 1360 662 1392 υιος,
678 1340 706 1393 οἷς
716 1344 820 1397 ἐνομίζετο,
835 1341 916 1426 Ἰροσηφ,

136 1431 164 1463 ως
176 1413 211 1456 καὶ
225 1409 276 1465 αὐτη
289 1430 302 1465 η
296 1409 428 1467 Μαριόμ”
417 1429 456 1465 εφη
468 1410 519 1468 πρός
532 1409 593 1454 αὐτόν
609 1412 630 1453 έν
641 1416 669 1469 τῷ
680 1411 731 1454 κατά
741 1415 827 1455 Λουιιᾶν
839 1410 917 1469 εόαγγε-

135 1486 181 1540 λίρι,
195 1478 282 1532 ’1605’
274 1499 312 1535 εγω
324 1482 459 1537 καιοπατηρ
471 1494 508 1522 σου
520 1482 626 1534 εζητουμεν
639 1494 660 1522 σε
672 1479 802 1535 οόυνωμενοι
836 1483 902 1531 Τις
880 1498 918 1524 ουν

136 1549 226 1593 ἀνείπω
244 1547 279 1591 τόν
290 1546 364 1603 Ἰωσηςο
381 1550 504 1605 πατέρατοῦ
516 1550 599 1606 κυρίου,
620 1566 644 1598 ος
654 1548 715 1591 ουόεν
724 1567 775 1606 προς
784 1567 847 1593 αυτον
864 1547 918 1605 εἶχον

137 1622 213 1672 α’ίτιον,
233 1617 317 1673 μάλιστα
327 1622 363 1672 τῆς
375 1616 473 1675 ένσάρκου
488 1621 600 1674 παρουσίας
612 1616 670 1668 ε’κτός
682 1620 795 1676 σπέρματος
806 1618 882 1676 ἀνδρός
895 1617 917 1662 5-

40 1711 76 1741 pag.
85 1702 124 1732 ιοιο,
138 1686 262 1746 παρχοόσης
286 1685 333 1730 ἀλλά
349 1685 382 1730 ὄιοί
400 1692 436 1743 τῆς
451 1689 566 1742 οἰκονομίας
583 1691 653 1732 τοῦτον
669 1689 739 1743 είληφε
753 1687 788 1732 τόν
803 1693 877 1746 κλῆρον
893 1687 918 1732 τοί

137 1758 248 1816 πράγματα.

49 1973 95 2018 Κεφ.
105 1969 128 2016 η’.
202 1970 266 2011 Τίκτει
275 1967 311 2023 μὲν
319 1972 390 2010 τοῦτον
402 1965 437 2010 τόν
444 1966 544 2021 Ἰάκωβον
555 1965 613 2024 ἓγγός
621 1984 662 2010 που
673 1967 719 2024 περὶ
731 1968 765 2022 έτη
779 1966 866 2024 γεγονάς
878 1982 919 2011 τεσ-

137 2035 250 2094 σαροίοοντα
265 2040 325 2080 πλείω
340 2036 420 2080 ἒλάσσω.
450 2034 501 2079 Μετ’
514 2035 578 2079 αὐτόν
593 2037 615 2079 δέ
628 2040 702 2093 γίνεται
716 2043 764 2087 παῖς
773 2035 831 2092 Ἰωσῆ
847 2036 919 2081 καλοό-

138 2125 206 2163 μενος,
227 2104 268 2150 εἶτα
280 2105 320 2162 μετ’
332 2104 394 2149 αὐτόν
407 2104 503 2160 Συμεών,
519 2105 689 2156 έπειταἸοόδας·
709 2107 743 2149 καί
755 2105 792 2149 δύο
802 2107 919 2164 θυγατέρες,

137 2176 247 2235 ηΜαρία,
267 2178 301 2218 καὶ
316 2174 430 2231 ἡΣαλοίμη
444 2174 562 2230 καλουμένη.
593 2176 634 2218 Καὶ
643 2176 740 2231 τέθνηκεν
756 2175 820 2220 αὐτοῦ
834 2174 847 2231 ἡ
861 2175 919 2233 γυνη.

138 2248 180 2289 Καὶ
196 2245 245 2301 μετοί
260 2247 293 2299 έτη
305 2243 368 2288 πολλοί
382 2243 478 2299 λαμβάνει
491 2242 528 2298 την
544 2247 629 2301 Μαρίαν
643 2249 713 2302 χῆρος,
733 2243 825 2302 κατάγων
841 2243 920 2301 ἡλικίαν

138 2319 183 2372 περί
194 2333 236 2358 που
252 2314 376 2370 ὀγδοήκοντα
388 2315 437 2356 ἐτῶν
449 2314 482 2355 καὶ
495 2311 564 2366 πρόσω
577 2311 589 2355 ό
600 2313 659 2370 ἀνηρ.
690 2315 731 2356 Καὶ
741 2312 789 2368 μετά
800 2319 862 2357 ταυτα
872 2320 920 2370 λαμ-

141 2383 198 2438 βάυει
208 2383 244 2439 τὴν
252 2385 343 2439 Μαρίαν,
359 2380 387 2432 ὥς
397 2383 432 2425 καί
444 2384 465 2425 ἐν
472 2385 499 2439 τῷ
506 2379 611 2440 εὐαγγελίῳ
622 2382 678 2438 λέγει,
695 2387 864 2438 Μνηστευθείσης
874 2383 919 2441 γάρ,

139 2454 199 2507 φησὶ,
220 2458 255 2507 τῆς
267 2455 361 2508 Μαρίας,
382 2452 416 2494 καὶ
430 2448 533 2503 οάκεῖπε,
555 2454 689 2506 Γαμηθείσης.
720 2450 919 2505 Καὶποίλινάλλοτε,

141 2520 184 2565 Οὐκ
201 2520 245 2581 ᾔδει
260 2520 328 2575 αότιίυ.
359 2520 466 2576 Θαυμάσαι
482 2520 504 2562 55
517 2521 569 2562 έστιν
585 2520 618 2562 ἐπὶ
633 2525 695 2564 πᾶσιν
710 2518 758 2572 ῑοῖς
773 2523 795 2564 αἱ
808 2520 921 2577 προφάσεις

139 2595 242 2646 θηρῶνται
253 2593 276 2632 αἱ
284 2591 381 2645 πονηραὶ,
397 2592 431 2633 καὶ
443 2584 471 2631 οἷν
483 2588 522 2630 οάκ
536 2589 576 2634 ἔστι
588 2591 643 2648 χρείρι
657 2591 740 2647 ἐρευνᾶν
749 2589 785 2641 τάς
797 2592 870 2645 αἰτίας,
885 2592 920 2635 καὶ

138 2665 203 2742 ζητεῖν
214 2658 239 2701 τό
250 2658 276 2714 μη
290 2659 410 2741 ζητούμεγα,
431 2656 471 2701 ἀπό
487 2653 560 2700 δὲτῶν
575 2657 690 2715 ἀναγκαίων
707 2659 818 2715 τρέπεσθαι
831 2661 863 2703 έπί
879 2678 920 2715 μοι·

139 2727 176 2811 ράς
188 2727 319 2783 ζητησεις,”
310 2746 342 2771 ινα
354 2727 434 2777 πάντως
445 2743 485 2768 που
496 2727 518 2769 ἐκ
524 2726 654 2810 παντοχόθεη
665 2726 789 2787 συναφθῇ
775 2735 824 2782 ημῖν
836 2727 921 2786 όλεθρος

139 2795 232 2846 ἀπιστίας
250 2798 283 2839 καί
300 2799 437 2851 βλασφημίας,
457 2792 528 2837 διό
505 2813 540 2844 τας
555 2794 606 2852 πρός
617 2795 664 2862 τοός
679 2794 748 2853 ἀγίους
764 2796 849 2852 ἀτιμίας.
879 2799 921 2841 Καὶ

139 2866 266 2923 πρῶτονμὲν
278 2860 315 2908 σόν
326 2867 396 2921 ἐλέγχει
407 2862 481 2913 αὖτοός
494 2864 621 2920 πανταχόθεν
632 2884 645 2919 η
639 2863 807 2919 ἀκολουθία,
799 2865 830 2910 ότι
840 2872 921 2922 πρῶτον

162 2957 177 2993 4.
199 2962 223 3001 Cf
241 2961 424 3001 01αοα.Ροοολι.μορ
437 2958 475 2993 332.
493 2960 517 2991 τό.
563 2959 579 2993 6.
593 2957 623 3003 μὲι
637 2969 690 2992 ουιιττ.
702 2960 719 2991 ιἰι
731 2960 765 2992 cod.
777 2961 843 3001 Ιίλταίς.

138 3008 189 3074 Βοηιι.
200 3016 235 3038 cum
248 3007 302 3038 οιλοολ.
564 3005 603 3038 (ἔτι).
616 3006 693 3038 V111.-
719 3006 734 3038 1.
752 3006 922 3048 Ηοοοτίλιειιοουιμαλο

175 3044 248 3089 ,οὗτος
266 3052 362 3092 Carnarius,
381 3055 443 3084 vertens
460 3050 490 3082 Fr
483 3056 519 3082 τοι
542 3048 567 3089 οἷς
584 3051 602 3085 αἱ
618 3049 712 3094 οριο
732 3060 767 3083 cum
788 3053 868 3086 (έοίολοοο
884 3055 894 3085 λ.
910 3054 921 3085 λ.

140 3074 195 3131 αυίετσ
208 3096 271 3130 domini
283 3096 312 3129 hic
323 3096 422 3140 appellatur.
540 3107 557 3137 μ
565 3098 610 3131 θλό..
605 3099 649 3138 qui
659 3100 704 3130 οεοίίί
714 3097 790 3130 Omnium
800 3108 839 3130 vero
849 3099 921 3131 maxime
