1988 3392
251 236 344 270 raanan
356 237 399 271 nro.
409 237 438 270 ur.
449 237 505 271 ron.
514 238 529 269 1.
542 235 610 269 uana.
621 234 704 267 Lxxru.
827 224 868 265 107

84 316 159 370 babet,
168 316 231 369 lilius,
248 316 404 359 administrando
416 331 460 358 oum
472 325 527 373 patre
538 318 605 358 faeere
616 314 696 364 dieitur,
713 328 752 355 non
763 313 815 355 idem
822 326 868 354 esse

83 400 126 427 eum
137 385 180 436 illo,
197 392 231 427 aut
242 384 344 441 principali
355 386 412 426 modo
425 386 499 426 lacere.
530 383 584 427 Nam
597 396 733 440 quaecumque
744 389 800 438 pater
812 381 867 432 lauit,
919 395 921 398 ’

83 454 151 495 eadem
165 453 259 505 etfilius,
282 454 403 495 noneodem
417 455 564 505 tamenmodo‚
586 453 621 495 sed
640 451 732 494 similiter
747 450 803 492 facit.
834 448 868 492 Ex

82 523 173 565 hisvero
188 522 279 564 omnibus
290 522 416 577 perspicuum
428 529 460 562 est
471 523 533 563 lilium
543 522 563 563 in
575 522 667 563 omnibus
681 520 743 576 patris
754 534 800 561 esse
813 518 869 559 simi·

82 591 129 642 lem,
141 591 304 646 quemadmodum
313 590 364 632 lilius
378 589 438 646 patris
449 604 494 632 esse
505 590 575 632 similis
585 590 651 642 debet,
669 605 681 631 a
694 603 733 645 quo
744 586 824 645 proprie
838 593 869 627 est

82 674 105 701 ae
115 658 202 714 legitime
214 659 301 714 genitus.
332 657 381 700 lllud
393 658 444 701 enim
458 666 488 700 est
500 659 617 710 absurdum,
640 659 699 700 tilium
713 657 756 708 dei,
779 655 868 712 quisae-

82 728 132 769 eulis
142 726 233 768 omnibus
247 727 336 769 anterior
349 735 394 780 est,
417 735 437 768 et
451 728 569 769 naturaliter
583 729 631 769 deus
644 743 655 768 a
667 729 705 769 deo
717 733 773 782 patre
788 737 868 781 proees-

82 796 120 846 sit,
142 809 185 836 oum
202 802 282 851 praeter
298 799 388 837 naturam
403 809 459 836 suam
472 796 531 836 bomo
543 802 575 836 est
587 809 615 836 ex
625 795 690 837 Maria
703 794 782 848 virgine
794 795 867 844 laetus,

82 864 102 904 iu
112 877 136 904 eo
149 863 204 918 ipso,
227 863 278 918 quod
288 870 369 918 praeter
380 871 470 904 araturam
483 863 578 914 babebat,
600 863 718 904 naturalium
729 862 829 903 bominum
841 861 868 901 si-

82 931 148 972 milem
160 931 264 982 extitisse3
286 938 365 986 praeter
377 939 468 973 naturam
480 939 545 972 anatem
557 938 600 972 erat
611 932 638 972 illi
649 931 681 986 qui
698 932 746 971 deus
758 937 824 981 esset,
847 937 868 970 ut

83 999 141 1039 bomo
152 999 220 1049 fieret,
237 1006 258 1038 at
270 998 289 1038 io
301 1012 337 1050 eo,
355 1000 406 1053 quod
418 998 456 1053 ipsi
470 999 560 1039 naturale
572 1006 614 1050 est,
628 1013 675 1039 non
687 1011 733 1039 esse
744 999 818 1053 patris,
835 996 868 1051 qui

82 1081 104 1109 se
116 1066 220 1122 genuerit,
237 1067 328 1108 similem.
360 1065 383 1108 Si
395 1067 446 1108 enim
458 1066 479 1107 in
492 1081 528 1119 eo,
545 1067 596 1122 quod
610 1075 688 1123 praeter
700 1073 789 1107 araturam
801 1065 867 1116 habet,

54 1138 56 1142 ⁴
83 1149 152 1177 eorum
162 1135 232 1175 similis
242 1143 273 1177 est
284 1135 354 1189 quibus
364 1135 412 1176 illud
423 1135 486 1189 ipsum
499 1134 618 1177 naturaliter
629 1135 735 1185 convenit,
752 1134 813 1175 multo
826 1148 869 1173 ma-

82 1204 113 1259 gis
125 1203 145 1244 in
158 1217 194 1255 eo,
216 1204 268 1259 quod
281 1204 370 1245 naturale
381 1211 401 1245 et
411 1203 492 1245 insitum
504 1204 575 1256 babet,
598 1204 661 1260 patris
671 1202 724 1244 illius
736 1202 807 1244 similis
820 1201 867 1252 erit,

83 1287 146 1329 aquo
164 1272 282 1314 naturaliter
298 1279 329 1314 est
343 1280 363 1314 et
380 1273 466 1329 legitime
482 1274 569 1328 garritus.
600 1272 654 1314 Hine
670 1272 738 1327 itaque
757 1270 868 1326 colligimus

83 1342 143 1393 illud,
165 1342 217 1396 quod
236 1342 335 1391 diximus,
357 1342 441 1383 similem
458 1342 479 1382 in
493 1341 584 1383 omnibus
597 1356 642 1383 esse
653 1341 715 1397 patris
725 1341 786 1381 lilium
799 1354 826 1381 ex
836 1354 869 1381 sa·

83 1424 162 1452 erorum
174 1409 268 1451 librorum
284 1409 403 1451 auctoritate
418 1410 541 1465 pronuntiari
554 1410 637 1466 iusuper
647 1416 752 1466 oportere,
775 1409 869 1465 quemad-

83 1479 161 1520 modum
179 1477 249 1519 similis
265 1478 365 1519 notionem
382 1478 407 1520 iis
423 1492 474 1533 quae
491 1479 582 1535 proxime
598 1479 797 1520 commemoravimus
812 1478 869 1519 nobis

83 1546 184 1603 apostolus
195 1546 283 1588 tradidit.
313 1545 394 1588 Etenim
405 1547 475 1590 similis
485 1556 524 1601 est,
538 1555 635 1604 quatenus
646 1549 687 1591 vita
699 1561 726 1589 ex
737 1548 787 1598 rita,
803 1547 869 1589 lumen

84 1616 195 1667 alumine,
212 1630 272 1657 verus
285 1629 313 1656 ex
323 1630 381 1668 vero,
399 1625 419 1657 et
430 1617 551 1673 sapientiae
563 1617 652 1673 sapidula
665 1616 762 1674 procedit.
793 1618 868 1672 Atque,

83 1692 106 1727 ut
121 1698 161 1726 uno
177 1684 239 1726 verbo
260 1685 334 1737 diram,
355 1685 425 1726 iisdem
443 1699 453 1726 e
471 1687 574 1743 seripturis
594 1694 672 1728 constat
690 1701 729 1728 non
749 1686 829 1727 aetione
846 1700 869 1727 ae

83 1755 186 1796 voluntate
196 1754 259 1795 solum
270 1754 331 1805 illius,
348 1755 383 1795 sed
395 1756 503 1797 seeundum
516 1756 553 1798 boe
565 1756 629 1812 ipsum
646 1757 697 1813 quod
710 1763 753 1807 est,
770 1764 791 1797 et
805 1755 870 1796 subsi-

83 1825 130 1876 stit,
151 1830 210 1878 atque
221 1823 302 1875 existit,
325 1822 408 1865 similem
419 1824 440 1865 iu
451 1825 542 1867 omnibus
555 1839 602 1866 esse
616 1826 681 1882 patri,
704 1826 736 1881 qui
753 1840 775 1868 se
792 1824 869 1881 genuit,

83 1893 247 1948 quemadmodum
262 1892 314 1949 patri
329 1892 382 1934 lilius
395 1893 465 1934 similis
476 1902 515 1935 est.

141 1961 200 2016 Quod
211 1961 228 2003 si
239 1962 286 2003 novi
298 1962 324 2002 illi
337 1962 432 2003 haeretiei
444 1963 546 2005 nobiseum
558 1963 681 2019 disputantes
691 1964 801 2019 ingenitum
813 1962 973 2018 geni-capam.

84 2038 163 2086 tumque
175 2029 274 2082 dixerint,
291 2030 320 2071 sie
333 2030 372 2072 illis
383 2045 524 2073 occurremus:
542 2031 635 2086 quoniam
644 2033 769 2074 substantiae
786 2047 868 2083 nomen,

84 2115 122 2155 quo
134 2106 202 2156 patres
213 2099 243 2140 usi
255 2106 313 2150 sunt,
335 2113 359 2140 eo
372 2101 423 2155 quod
435 2099 456 2140 in
468 2102 567 2157 scriptura
578 2115 617 2141 non
629 2108 698 2153 extat,
720 2102 772 2143 mala
785 2102 824 2142 lide
837 2115 869 2142 re-

84 2169 182 2225 pudiatis,
204 2182 268 2223 neque
285 2182 321 2208 nos
337 2168 420 2224 ingeniti
436 2169 566 2221 vocabulum,
588 2178 679 2226 tanquam
692 2171 767 2226 seripto
779 2185 819 2212 non
832 2184 869 2211 ex-

83 2252 186 2293 pressum,
202 2237 330 2278 admittimus.
360 2236 412 2279 Nam
426 2238 561 2295 incorruptum
572 2239 663 2295 quidem,
686 2247 706 2280 et
723 2255 763 2281 non
780 2247 870 2297 aspecta-

84 2307 155 2357 bilem,
178 2312 198 2346 et
216 2306 347 2347 immortalem
365 2313 424 2348 vocat
442 2308 556 2363 apostolus,
578 2309 688 2363 ingenitum
705 2323 754 2350 vero
774 2324 870 2365 nusquam

84 2374 182 2431 scriptura
200 2375 317 2416 nominavit.
348 2375 432 2416 Aeoedit
450 2378 501 2431 quod
516 2378 631 2432 ingenitus,
653 2378 680 2419 uti
696 2377 795 2431 diximus,
821 2393 870 2420 nou-

84 2444 128 2486 dum
139 2445 202 2500 ipsam
215 2444 277 2499 patris
288 2443 389 2484 notionem
402 2444 514 2499 signifieat,
537 2460 601 2501 neque
615 2447 704 2502 genitum
715 2448 794 2503 proprie
808 2448 869 2489 lilium

85 2512 187 2568 exprimit,
199 2513 233 2553 sed
245 2513 269 2553 ad
282 2511 347 2552 omnia
361 2514 455 2568 produeta
471 2515 603 2557 communiter
615 2515 709 2571 pertinet.
725 2515 779 2557 Nam
791 2517 824 2572 qui
835 2531 870 2571 go-

84 2582 145 2623 niturn
163 2580 220 2631 dieit,
242 2581 357 2636 productum
375 2582 466 2637 quiddam
483 2583 556 2639 aliquid
569 2598 614 2625 esse
632 2586 767 2637 demonstrat,
790 2586 870 2627 minime

85 2657 150 2692 tamen
173 2650 245 2701 lilium,
276 2649 308 2705 qui
329 2650 354 2691 ab
376 2658 458 2692 aeterno
481 2654 587 2708 productus
609 2654 744 2709 eorreipiutur,
774 2656 868 2696 ostendit.

85 2717 219 2773 Quamobrem
237 2734 280 2760 uum
297 2720 328 2759 dei
345 2720 407 2760 filiurn
419 2720 443 2761 ab
457 2729 539 2763 aeterno
553 2722 687 2778 intelligamus
701 2723 802 2777 existere,
822 2724 869 2772 illud

84 2789 147 2844 ipsum
160 2802 232 2829 nornen
244 2796 347 2845 praeterea
361 2803 484 2844 nequaquam
495 2790 626 2843 admittimus3
644 2792 735 2847 quoniam
750 2793 811 2848 patris
824 2793 870 2833 lilii-

84 2871 122 2913 que
133 2870 205 2898 nomeu
216 2858 240 2898 ad
252 2858 305 2899 aliud
317 2857 407 2913 quiddam
421 2859 554 2901 habitudinem
568 2859 676 2915 signilieat.
708 2860 765 2903 Unde
778 2863 824 2903 lieet
835 2876 870 2917 pa-

108 2995 232 3028 Car.XlX.-
246 2994 312 3031 [κενοὶ
322 2996 368 3029 codd.
379 3005 416 3029 mss.
423 2999 466 3029 ater·
489 2996 541 3033 δέπου
551 2999 576 3031 ed.
588 3000 645 3032 Petuu.

85 3050 120 3082 que.
511 3044 527 3077 3.
539 3040 607 3079 οὐδέπω
622 3047 670 3079 codd.
684 3056 721 3079 mss.
735 3050 800 3089 uterque
815 3047 830 3080 a
843 3048 868 3080 ed.

107 3086 122 3120 2.
135 3083 203 3122 οὐδέπω
213 3089 260 3120 codd.
269 3097 306 3121 mss.
316 3091 330 3120 et
340 3089 360 3121 ed
367 3089 419 3129 priua.
436 3085 464 3123 at-
486 3091 538 3132 ortae.
562 3086 635 3125 atatam
646 3093 671 3126 ed,
682 3092 738 3128 Peter.
825 3124 836 3146 ι
