1988 3392
133 214 175 257 296
422 220 632 256 οιαστισειεειοεειι

132 318 173 344 των
184 298 289 359 ὀνομασίᾳ.
321 299 373 342 Οότε
385 298 422 357 γοίρ
433 297 536 355 ε’πᾶρσεως
544 301 607 342 δεῖται
618 296 716 353 ἡθεότης
726 296 755 349 τίς
763 297 791 354 μη
801 294 860 352 οὖσα,
872 298 918 344 οίίτε

132 368 201 422 ίίψους
214 369 267 411 ἐστὶν
284 369 401 423 ἒνδεομὲνη,
422 365 461 410 κίὶν
475 384 496 410 τε
508 367 564 424 παροί
574 385 634 411 τινων
642 372 682 410 τῶν
696 368 718 411 ἒν
727 366 799 426 ἀγνοίᾳ
813 366 877 411 όντων
890 367 919 423 μή

133 435 220 491 ὑψοῖτο,
243 434 289 480 τότε
301 435 381 490 διαίτης
394 453 454 479 τινων
468 440 576 493 προφορᾶς
587 434 602 491 ἡ
613 435 710 491 θεότητος
725 434 784 480 οὖσία
798 437 918 480 συνίσταται.

136 503 188 548 Οὕτε
204 503 242 561 γόρ
257 502 398 558 καυχήσεταιὴ
409 508 449 547 τῶν
464 502 581 561 ἀνθρώπων
590 503 605 559 ἢ
613 501 677 548 όίλλων
689 503 785 561 προφοροί
797 502 825 554 ὥς
835 508 879 562 θεῷ
890 505 920 547 ἒν-

135 576 178 616 δεεῖ
186 573 247 625 δόξαν
258 573 425 628 περιποιουμένη,
441 572 455 628 ἢ
466 575 615 625 καλλωπίζουσα
628 571 679 616 θεόν
691 570 855 630 παντοκρότυρα,
870 571 921 617 θεόν

134 642 283 698 προςκννητόν·
304 640 355 686 θεόν
371 642 491 684 7ἐπίσταται
507 642 541 684 καί
561 643 657 695 8κτίστην
673 642 707 684 καί
723 639 848 698 δημιουργόν
862 642 920 685 ίδιον.

138 710 190 754 Οὔτε
198 710 235 768 γοίρ
246 709 318 766 εἀυτήν
328 707 462 768 όπερὲνδοξον
472 707 556 767 ἡγεῖται,
570 711 604 753 καί
615 708 738 766 κοσμητριαν
747 714 784 754 τοῦ
795 712 848 752 ἰδίου
860 708 923 765 αὐτῆς

136 782 269 836 δημιουργοῦ·
285 780 329 822 ἐπεὶ
344 778 369 821 δν
383 777 455 832 ἑαυτὴν
469 775 610 833 προςκυνητην
620 774 716 834 ἡγήσαιτο
721 812 727 830 ,
743 778 768 821 οὗ
781 776 822 833 μὴν
836 795 922 833 προςαν-

136 852 200 890 νοῦσα
214 846 250 890 τόν
264 845 445 905 προςκννοόμτνον.
477 847 518 890 Καὶ
531 844 596 902 μάτην
611 845 662 890 κακοί
677 844 759 891 πόντων
773 844 833 905 λόγον
846 845 923 890 κινεῖό

136 915 172 966 σός
185 915 256 973 λόγος,
269 917 339 959 Ἀέτια

51 1077 86 1107 pag.
94 1070 125 1099 οτι.
197 1053 273 1106 Κεφίλ.
280 1053 359 1096 Ἀετίου
366 1051 401 1105 κξ.
416 1054 446 1095 Εἰ
454 1054 513 1095 παντί
522 1056 609 1112 γεννητῷ
614 1054 667 1096 αἰτία
677 1050 844 1109 συγκεκλήροτται,
856 1048 924 1095 1αἰναί-

137 1138 181 1172 τιος
199 1121 221 1164 δὲ
232 1119 246 1176 ἦ
256 1118 362 1179 οἷγέννητος
373 1120 444 1176 φύσις,
464 1118 520 1165 ἰοόκ
532 1122 598 1166 αἰτίαν
610 1123 669 1178 δηλοῖ
681 1120 703 1166 τό
719 1119 837 1180 οἶγέννητον,
859 1119 925 1165 8ἄλλοί

138 1189 248 1235 ιλπόστασιν
263 1195 359 1247 σημαίνει.

192 1329 274 1386 Ἀνατρ.
304 1330 346 1371 Καί
359 1329 418 1371 παντί
430 1334 517 1387 γεννητῷ
528 1330 582 1372 αἰτία
593 1327 765 1386 συγκεκληρωται,
780 1329 814 1372 καί
828 1328 866 1384 οὐχ
877 1326 926 1383 όμο-

138 1402 237 1454 λογοῦμεν
247 1401 314 1452 τοῦτο,
330 1395 357 1449 αἱς
368 1396 408 1441 οίπό
419 1401 458 1442 σοῦ
469 1397 613 1454 μεμαθηκότες.
644 1401 729 1458 Προορρῖ
739 1396 778 1456 γοίρ
789 1396 803 1453 ἡ
814 1400 880 1448 πίστις
891 1402 927 1453 τῆς

140 1464 237 1522 ἀληθείας
246 1471 317 1520 τοῦτο,
332 1468 367 1509 καί
378 1473 520 1522 προομολογεῖ,
534 1468 570 1510 καί
580 1464 669 1510 διδάσκει
682 1466 713 1511 ότι
724 1466 774 1517 θεός
785 1467 837 1511 ἔστιν
847 1464 860 1510 ό
870 1464 925 1510 οίναί-

140 1553 183 1586 τιος
198 1535 266 1590 πόσης
283 1536 357 1587 αἰτίας,
377 1536 412 1578 καί
429 1532 513 1591 οίμιγής,
532 1536 567 1578 καὶ
584 1534 726 1586 ἀνυπεύθυνος
743 1534 809 1589 πάσης
829 1534 926 1590 ἰσότητος.

141 1603 183 1647 Διοί
199 1609 258 1646 τοῦτο
274 1603 311 1660 γοίρ
329 1604 363 1646 καί
377 1601 435 1646 αότοί
450 1603 475 1646 οὗ
490 1608 642 1659 προςκυνοῦμεν
659 1608 700 1646 ποῖν
713 1602 735 1646 τό
750 1602 878 1659 ν’ποβεβηιιός
890 1602 927 1659 την

141 1670 251 1716 αὐτοῦτοῦ
261 1676 312 1715 θεοῦ
322 1670 399 1725 οὐσίαν,
414 1669 449 1715 διοί
459 1670 481 1716 τό
491 1671 547 1731 μόνῳ
559 1673 641 1728 πρέπειν
649 1677 677 1731 τῷ
687 1669 826 1732 οίνυπευθόνη)
835 1671 858 1716 τό
867 1673 928 1727 σέβας

141 1743 220 1796 νέμειν,
235 1742 296 1798 πατρί
304 1745 333 1800 τῷ
343 1739 453 1799 οίγεννήτῳ,
468 1742 503 1783 καί
511 1742 550 1800 υἱῷ
560 1745 588 1799 τῷ
600 1742 620 1792 ἕξ
630 1740 701 1794 αὐτοῦ,
715 1742 749 1784 καὶ
761 1738 812 1800 νίγίςο
823 1739 927 1796 πνεύματι,

141 1815 169 1869 τῷ
183 1807 216 1853 ἄπ’
228 1810 292 1853 αὐτοῦ
300 1811 336 1852 καὶ
347 1808 381 1853 διό
390 1814 426 1852 τοῦ
438 1813 569 1865 μονογενοῦς,
591 1808 660 1864 ἐπειδὴ
674 1808 733 1853 οὐδὲν
744 1811 766 1853 ἒν
776 1814 801 1869 τῇ
811 1807 877 1866 τριόδι
888 1827 928 1853 κτι-

141 1879 199 1932 στόν,
221 1879 256 1922 καί
267 1876 308 1921 όπό
318 1879 383 1921 αἰτίαν
399 1879 498 1933 ἐμπίπτον
509 1879 567 1922 ἐστίν.
599 1875 629 1921 Οιί
641 1878 679 1935 γοίρ
691 1880 711 1930 ἐξ
723 1877 761 1922 οὐκ
773 1876 836 1922 όντων
847 1896 866 1922 τι
876 1880 929 1922 ἔστιν

142 1950 164 1992 ἒν
177 1946 289 2007 τῇτριιίδι,
310 1945 338 1997 τίς
350 1948 383 1989 καί
400 1946 424 1989 τοί
434 1945 482 1989 ι’ἰλλα
497 1945 522 1989 τοί
533 1944 573 1990 όπό
587 1948 653 1989 αἰτίαν
665 1946 796 2000 πεπτωκότα,
815 1948 850 2003 καί
864 1948 930 1990 αἰτίαν

142 2017 288 2074 κεκληρωμένοι.
319 2014 357 2059 Διό
375 2014 453 2059 όναιτία
469 2010 520 2059 οὖσα
534 2019 571 2070 τῆς
586 2014 680 2071 τοιαύτης
694 2017 759 2068 αἰτίας
771 2014 785 2071 ἡ
797 2015 853 2074 τριυίς
865 2015 930 2071 μόνην

142 2084 216 2140 ἒαυτην
232 2083 326 2135 οἰπλανῶς
344 2087 421 2135 ἐδίδαξε
436 2090 604 2141 προςκννεῖσθαι,
624 2084 693 2140 ἐπειδὴ
708 2084 760 2140 μόνη
774 2084 826 2140 αι’)’τη
840 2084 930 2136 όναίτιός

143 2155 189 2198 ἔστι,
223 2153 252 2196 Τοί
262 2154 284 2196 δὲ
293 2154 359 2197 πάντα
368 2152 409 2197 όπό
420 2155 486 2196 αἰτίαν
494 2154 641 2209 περιπέπτωκε·
655 2152 681 2196 τοί
691 2154 727 2208 μὲν
736 2154 773 2210 γιίρ
784 2155 825 2198 ἐστι
834 2152 930 2211 γεγονότα

143 2225 178 2266 καί
188 2223 316 2278 κεκασμένα,
331 2221 397 2278 πατὴρ
412 2222 434 2264 δὲ
447 2220 545 2273 ίίκττστος,
560 2219 607 2265 υίόν
617 2223 667 2277 ἔχων
676 2224 697 2273 ἐξ
708 2220 771 2266 αἰτοῦ
781 2224 929 2280 γεγεννημένον,

143 2290 219 2335 οίλλόῧ
231 2290 321 2343 κτιστόν,
343 2293 377 2334 καί
394 2289 454 2348 ἅγιον
468 2295 546 2344 πνεῦμα
559 2291 579 2341 ἐξ
591 2288 653 2333 αὐτοῦ
668 2290 837 2349 ἐκπορευόμενον,
857 2292 892 2334 καί
905 2289 930 2335 οό

144 2360 346 2417 δεδημιουργημένον.
380 2358 462 2403 Τούτων
471 2360 493 2402 δὲ
502 2358 567 2409 οίίτως
576 2357 661 2414 ἐχόντων
672 2358 719 2403 οότε
729 2360 798 2411 πόθος
808 2359 931 2418 κεκλήρωται

144 2431 210 2473 αἰτίου
222 2427 417 2485 όπροςκυνοόμενος
429 2428 482 2480 υίός,
498 2428 533 2471 καί
544 2426 567 2471 τό
579 2427 637 2484 όίγιον
648 2433 737 2484 πνεῦμα,
752 2428 791 2473 κίἰν
801 2430 877 2486 πατέρα
888 2430 930 2484 ἔχοι

143 2497 180 2542 τόν
191 2497 312 2555 γεννήτορα,
335 2496 380 2540 οότε
396 2496 420 2541 τί
434 2495 494 2541 λοιποί
505 2499 601 2550 κτίσματα
616 2495 665 2540 όίνευ
675 2497 758 2549 πόθους
770 2501 800 2553 είη
813 2496 931 2555 κληριόσεως

145 2569 237 2619 4αἰτίας,
252 2565 294 2610 ἀπό
305 2565 381 2621 πατρός
392 2568 426 2610 καί
437 2568 484 2610 υίοῐι
495 2567 529 2608 καί
542 2563 600 2622 οίγίου
611 2565 724 2621 πνεόματος
735 2568 857 2622 κεκτισμένα.
888 2571 930 2609 Σα-

145 2640 190 2690 φῶς
201 2635 223 2678 δὲ
235 2633 282 2678 όίνευ
293 2635 376 2686 πόθους
386 2638 416 2691 είη
427 2634 439 2679 ό
450 2634 559 2692 μονογενὴς
574 2634 691 2692 κληριόσεως
700 2637 774 2688 αἰτίας,
793 2637 828 2680 καί
841 2635 863 2680 τό
873 2635 931 2694 ίίγιον

146 2704 210 2748 αιἰτοῦ
220 2708 306 2759 πνεῦμα,
321 2703 349 2754 τίς
359 2706 393 2748 καί
404 2702 417 2748 ό
426 2703 500 2762 πατὴρ,
515 2702 546 2747 ότι
556 2704 601 2755 υἱός
612 2706 653 2748 ἔστι
662 2706 756 2762 γέννημα,
771 2706 805 2748 καί
816 2703 842 2747 οὐ
849 2707 930 2759 κτίσμα
945 2751 947 2753 ,

145 2775 179 2817 καί
192 2771 229 2817 οὐκ
242 2770 282 2815 α’πό
297 2777 333 2816 τοῦ
350 2779 482 2831 γεγεννῆσθαι
498 2774 580 2816 ὅαίτίαν
596 2773 679 2825 πόθους
691 2774 842 2831 πληρωθήσεται
857 2770 930 2828 όυίός,

168 2856 184 2891 7.
198 2853 290 2899 ἐπιστάτην
300 2858 365 2889 coniecit
376 2858 457 2890 Ρααοίιιι.
573 2854 588 2889 3.
601 2858 656 2897 Supra
667 2853 703 2892 ἀλλ’
715 2854 815 2891 δπόστασιν.

168 2903 184 2935 ὅ.
200 2901 271 2946 κτίστην
288 2903 334 2935 codd.
351 2912 387 2935 mss.
403 2906 417 2935 τί
433 2904 458 2936 ed.
475 2903 527 2944 μείου,
572 2899 589 2934 λ.
602 2901 657 2941 αἰτίας
667 2905 768 2936 correxerunt
779 2903 866 2935 ΰοτιισιτῖιιε
876 2902 931 2936 αλΡε-

145 2946 331 2990 κτιστήνεαίί.Ροίαν.
550 2950 608 2981 navins.
631 2946 798 2982 ίαίιλιτὶττιίαίτία.

169 2996 184 3026 1.
196 2995 252 3035 Supra
262 2993 327 3033 αἴτιος,
338 2995 416 3027 mendose.
573 2994 589 3025 ὁ.
596 2992 651 3028 αἰτίαν
658 2997 759 3027 correxerunt
767 2995 854 3026 Carnarius
860 2995 883 3035 (is
889 2995 931 3026 οτίιιι

168 3040 185 3072 2.
195 3041 274 3081 Negativa
288 3041 371 3080 particula
385 3036 417 3077 ου’ν.
433 3042 492 3073 omissa
506 3041 528 3072 est
551 3042 596 3072 vertit
609 3047 626 3072 et
641 3050 675 3073 uon
688 3050 741 3071 exeo
759 3038 805 3085 quod
816 3038 882 3083 genitus
898 3044 929 3079 est,

145 3094 200 3127 supra.
