1988 3392
228 215 230 217 ’
243 220 336 254 ennean
347 220 390 254 unu.
399 221 429 256 ιιι.
441 222 496 256 rom.
505 223 527 255 ιι.
538 220 607 254 unum.
615 218 713 253 Lxxrnr.
827 208 867 249 441

89 299 234 362 praetermisit,
256 314 281 342 ne
297 300 333 342 boo
349 299 372 340 ad
389 298 498 355 aliquorum
516 299 655 342 contumeliam
671 298 743 340 iecisse
758 298 867 339 videretur.

89 372 129 416 Sed
141 370 165 412 ad
178 369 283 411 nouunllos
300 369 460 411 condemnandos
476 377 507 411 εει
521 370 593 411 dictum
609 369 642 424 qni
655 382 726 410 vacare
737 367 774 408 deo
786 366 867 418 noluntq

89 442 117 490 ita
127 446 148 483 ut
157 438 236 482 iuterim
247 438 308 482 vitam
319 452 346 481 ex
357 436 408 495 legis
418 438 540 496 praescripto
553 438 679 495 comparent,
696 443 716 480 et
726 436 809 479 honeste
820 449 870 478 vase

89 526 125 557 suo
137 509 160 553 ad
173 508 248 567 prolem
260 508 404 566 suscipiendam
419 515 512 562 utantur,
534 509 696 567 quemadmodum
712 515 778 566 patres
790 514 869 550 nostros

89 596 136 625 usos
147 579 193 622 olim
205 593 251 622 esse
263 578 377 631 didicimus,
398 579 449 635 qnod
461 579 533 621 alicubi
548 579 645 636 scriptura
654 579 753 632 declarat,
775 578 866 627 Rebecca,
874 586 919 616 non.
928 587 943 623 c,
951 585 973 616 m.

90 650 165 708 iuquit,
188 652 386 704 emonoecnczprens.
418 647 452 690 Ex
462 663 502 691 uno
517 648 579 701 dixit,
600 657 619 690 et
633 655 655 690 ut
667 648 766 691 honestati
779 647 871 690 consule-

90 728 132 772 ret,
152 718 204 760 aliud
217 718 264 760 nihil
275 718 360 771 attinio,
380 718 415 760 sed
426 718 574 774 generationem
585 717 637 759 illam
648 718 719 760 iustam
730 733 753 760 ac
763 716 871 774 legitimam

91 788 152 832 luisse
168 787 295 843 significavit.
326 785 394 842 Quare
411 794 457 843 post
467 794 571 843 susceptos
582 786 656 829 liberos
671 787 744 829 nullam
755 786 839 843 amplius
852 784 870 826 ei

90 872 134 900 cum
151 856 184 897 illa
200 855 362 898 consuetudinem
378 855 440 896 luisse
457 855 587 897 demonstrat.
623 853 650 896 Ει
662 856 754 910 quoniam
772 855 829 896 facile
846 867 870 895 ac

90 924 177 982 proclive
196 924 253 965 uobis
268 930 299 965 est
315 930 400 965 mentem
416 923 440 964 ad
454 923 554 964 deteriora
570 922 636 978 potius
649 937 707 977 qnam
719 924 743 964 ad
755 922 871 964 necessaria

90 993 206 1042 deflectere,
228 1004 311 1046 cumque
322 989 410 1032 lubricus
420 990 445 1032 sit
457 990 541 1031 hominis
552 990 641 1040 animus,
664 1004 701 1030 nec
713 991 737 1031 ad
749 998 823 1031 rectam
836 990 871 1030 do-

90 1060 143 1101 mino
160 1059 212 1099 viam
229 1059 323 1114 impetum
339 1057 404 1099 statim
424 1072 481 1098 suum
497 1058 684 1112 contentionemque
696 1058 779 1112 dirigat,
801 1057 836 1098 sed
847 1057 871 1097 ad

91 1128 180 1168 dextram
192 1124 320 1167 sinistramve
331 1123 428 1175 declinet,
445 1132 504 1180 atque
515 1138 575 1180 aegre
587 1124 690 1164 admodum
701 1124 746 1165 huic
758 1123 872 1166 Salomonis

90 1199 196 1252 praecepto
211 1199 292 1250 parcat,
315 1195 437 1234 Nedeelo'neo
449 1196 592 1242 redemerim,
613 1207 649 1234 nec
659 1195 685 1234 cd
694 1196 804 1244 orcistram,
826 1203 976 1242 cummanum.

91 1264 175 1321 deniqne
192 1262 245 1305 eirca
260 1263 339 1305 easdem
352 1262 483 1319 cogitationes
500 1275 545 1304 sese
561 1269 651 1318 torqueat
664 1276 687 1304 ac
699 1270 767 1305 verset
779 1262 873 1320 improbi·

91 1341 133 1387 tas,
155 1339 176 1375 et
189 1333 214 1375 ad
229 1332 267 1376 alia
280 1331 353 1375 itinera
366 1331 655 1390 capessendamoderationem
672 1339 760 1376 nostram
775 1332 871 1391 impellat,

91 1403 200 1447 cavendum
211 1402 258 1446 illud
270 1402 327 1447 nobis
338 1410 381 1456 est,
398 1416 423 1444 ne
436 1402 532 1445 effusiora
542 1403 576 1445 illa
587 1402 657 1445 beatae
669 1404 754 1460 virginis
765 1403 872 1460 praeconia

92 1471 174 1516 alterius
185 1472 261 1515 erroris
273 1479 294 1515 et
304 1471 421 1515 offensionis
434 1472 538 1514 materiam
549 1472 614 1515 alicui*
621 1473 706 1515 fortasse
718 1473 834 1530 praebcant.

147 1540 228 1584 Etenim
239 1540 272 1598 qui
283 1542 303 1583 in
314 1541 373 1584 [ilium
386 1541 524 1584 contumeliosi
538 1556 583 1585 esse
595 1541 714 1595 voluerunt,
736 1550 758 1584 ιιι
768 1550 827 1584 antea
839 1542 874 1584 ‹le-
906 1556 946 1601 cap.

92 1611 188 1654 claretum
199 1618 244 1663 est,
266 1610 379 1652 abalienare
390 1610 454 1666 ipsum
466 1625 477 1652 a
488 1610 551 1667 patris
563 1609 665 1653 divinitate
677 1611 802 1653 studuerunt.
834 1610 875 1653 Alii
892 1603 960 1637 xxm·
976 1636 978 1638 ·

93 1678 216 1722 econtrario
230 1679 330 1721 diversam
347 1680 367 1721 in
383 1686 458 1735 partem
475 1677 585 1733 abeuntes,
608 1694 646 1736 quo
663 1680 800 1723 vehementius
819 1680 875 1722 illnm

92 1748 224 1799 honorarent,
241 1747 324 1789 eundem
337 1761 382 1789 esse
394 1754 470 1803 patrem
481 1755 501 1789 et
512 1748 572 1790 lilium
587 1755 607 1789 et
617 1748 707 1804 spiritum
717 1757 808 1791 sanctum
819 1763 875 1791 asse-

92 1831 138 1859 rere
155 1816 199 1858 ansi
218 1823 271 1858 sunt.
301 1814 411 1870 Utrobique
426 1829 475 1857 vero
488 1815 604 1858 insanabilis
617 1824 648 1858 est
658 1831 682 1858 ac
693 1818 796 1860 mortifera
808 1818 873 1873 plaga.

93 1882 124 1926 lta
134 1884 185 1939 quod
197 1884 220 1925 ad
233 1890 322 1924 sanctam
333 1898 356 1925 ac
365 1883 444 1924 beatam
455 1883 508 1924 illam
520 1883 617 1939 virginem
628 1886 722 1939 pertinet,
739 1886 876 1940 qnidamcon-

93 1950 216 1992 tumeliosius
227 1950 246 1991 iu
262 1950 314 1991 illam
325 1949 398 1991 invecti
410 1956 468 2000 ειιιιι,
490 1958 512 1991 ιιι
524 1958 568 2006 post
579 1965 675 1993 summum
687 1953 765 1993 illudet
777 1953 876 2007 integrum

93 2017 235 2060 incarnationis
252 2017 325 2058 domini
341 2016 468 2074 mysterium,
490 2019 580 2073 corporis
595 2032 639 2059 eam
657 2020 799 2062 commixtione
813 2020 876 2076 pollu-

93 2094 132 2129 tam
150 2086 251 2139 dicerent,
274 2086 293 2128 id
306 2086 358 2142 quod
369 2099 447 2127 curnem
456 2085 602 2143 improbitatem
615 2086 773 2144 impietatemque
786 2097 875 2145 superat.

93 2153 188 2211 (letarum
205 2154 232 2199 uti
245 2154 351 2198 nonnullos
367 2161 443 2197 tantum
460 2169 482 2198 se
500 2155 521 2198 iu
539 2156 605 2199 seclus
623 2156 747 2200 commisisse
764 2157 875 2211 didicimus,

93 2226 122 2270 sie
134 2242 174 2270 non
184 2226 227 2270 sine
238 2226 314 2284 ingenti
325 2225 455 2268 admiratione
467 2225 519 2268 alind
531 2226 621 2284 quiddam
633 2228 753 2285 accepimns.
784 2228 877 2272 Nonnul-

93 2297 124 2340 los
134 2297 228 2340 videlicet
238 2297 258 2339 in
270 2297 294 2339 iis
307 2310 356 2353 quae
369 2297 393 2338 ad
405 2296 548 2338 sanctissimam
561 2297 658 2353 virginem
670 2306 760 2355 spectant
772 2314 796 2342 co
806 2293 877 2342 'arnen-

94 2366 133 2409 tiae
148 2381 266 2424 progressos
284 2373 306 2409 ut
322 2381 358 2423 pro
373 2366 410 2408 deo
427 2365 484 2408 uobis
493 2366 546 2408 illam
559 2366 666 2409 obtrudere
677 2368 763 2422 vellent,
784 2384 808 2411 ac
818 2369 842 2411 de
853 2384 878 2413 ea

94 2435 149 2479 velut
160 2444 226 2479 mente
242 2437 293 2492 eapti
309 2444 329 2478 et
342 2436 411 2479 furiosi
424 2435 561 2491 loquerentur.
593 2434 671 2478 Ferunt
682 2438 735 2479 enim
751 2439 877 2482 mulierculas

94 2505 189 2560 quasdam
205 2504 325 2557 iuArabia,
346 2519 386 2561 quo
401 2518 412 2546 e
426 2503 514 2545 Thracia
530 2506 718 2561 protestaremur,
740 2521 812 2548 novum
830 2508 877 2550 illud

94 2573 164 2628 dogma
181 2580 303 2615 commentas
318 2573 392 2624 luisse,
416 2572 465 2614 adeo
481 2580 503 2614 ιιι
517 2573 538 2614 in
556 2572 640 2628 virginis
658 2588 730 2616 nomen
745 2582 765 2616 et
781 2576 876 2617 honorem

94 2641 221 2699 collyridem,
241 2641 285 2683 sire
300 2648 372 2683 tortam
389 2641 445 2697 panis
461 2642 597 2683 sacrificantes
613 2642 710 2694 offerant,
734 2651 754 2685 et
767 2652 877 2687 conventus

94 2708 190 2762 habeant,
206 2710 227 2751 in
238 2708 388 2760 sanctissimae,
409 2709 503 2765 iuquam,
527 2708 610 2765 virginis
623 2724 695 2753 nomen
707 2713 786 2754 modum
798 2727 876 2754 omnem

93 2786 255 2833 praetergressos
270 2778 366 2819 nelariam
385 2790 426 2818 rem
442 2786 518 2819 etcum
529 2778 560 2819 dei
572 2780 693 2820 contumelia
706 2780 830 2822 coniunctam
843 2794 877 2834 ag-

94 2846 158 2899 gredi,
174 2846 211 2887 hoc
224 2852 255 2887 est
267 2845 287 2886 in
299 2845 352 2887 illius
364 2858 437 2886 nomen
451 2859 486 2901 per
496 2846 590 2888 mulieres
602 2846 699 2888 sacrificia
712 2848 786 2889 lacere.
818 2846 876 2901 Quod

117 2980 134 3015 3.
147 2980 184 3017 ἔστι
194 2984 240 3016 codd.
253 2993 290 3017 mss.
313 2981 342 3018 ἐπὶ
354 2983 392 3016 editi
403 2983 445 3015 lieri.
522 2986 538 3019 5.
549 2985 622 3017 Fortasse
634 2982 665 3018 καὶ
677 2981 750 3029 ῥᾴστως.

94 3025 269 3123 ιαίιῷγδίζῑεβέστατοι
280 3031 326 3065 codd.
336 3040 372 3065 mss.
387 3032 451 3072 olerone
461 3034 476 3064 et
521 3030 537 3068 6,
549 3028 660 3075 decnupbe'neu
672 3030 740 3076 Μαρίας
751 3032 785 3065 cod.
797 3031 864 3074 nucem.
