1988 3392
124 208 167 248 200
412 214 496 248 εκαοτι
507 213 624 247 κοινώνων

124 290 251 346 ζητούμενοι,
271 294 307 335 καὶ
317 291 383 335 οὐκέτι
393 290 421 340 εἷς
432 291 481 339 θεός
493 288 570 332 ἔστινό
580 289 608 332 ών
619 291 662 342 ἀεὶ,
682 292 717 332 καὶ
727 288 767 344 πρῦ
777 289 840 332 αὐτοῦ
851 294 913 346 μηδὲν

125 357 222 413 ἐσχηκώς,
243 361 278 401 καὶ
293 360 324 401 ἀεὶ
340 362 433 401 διατελῶν
447 358 482 399 καὶ
497 358 572 410 μένων,
594 358 614 406 ἐξ
632 352 799 412 οῦόμονογενής
814 354 913 411 οἷληθινῦς

124 425 170 476 υἱός
180 427 295 482 γεγέννηται
304 427 339 469 καὶ
350 427 401 477 ἔστι,
421 422 489 467 καίτό
505 424 563 480 ῦγιον
579 424 642 467 αὐτοῦ
653 429 731 479 πνεῦμα
744 425 765 476 ἒξ
777 422 852 479 αῦτοῦ,
872 426 913 472 ἀλλ’

124 495 203 540 έσονται
215 496 236 540 οἰ
248 495 364 552 ζητούμενοι
374 495 444 539 πολλοὶ
455 495 512 548 θεοὶ,
534 495 569 539 καὶ
579 493 650 540 λοιπόν
661 494 685 540 τό
696 492 760 539 πάντα
771 493 839 552 ιἰποίτη
852 498 913 554 έσται,

125 567 161 610 καὶ
172 566 212 611 οῦκ
224 566 315 623 ἀλήθεια.
345 570 384 609 Δεῖ
393 566 415 609 δὲ
424 568 470 619 καὶ,
486 564 513 616 τίς
525 567 585 619 έστιν,
600 567 635 609 ἕνα
646 566 717 609 εἰδέναι
730 563 780 609 θεόν
792 568 868 624 πατέρα
877 569 914 612 τοῦ

125 638 199 693 κυρίου
213 634 270 691 ήμῦν
282 635 349 690 Ἰησοῦ
362 639 460 692 Χριστοῦ,
482 637 502 685 ἐξ
514 629 540 678 οῦ
549 635 584 677 καὶ
594 633 616 677 τό
627 639 706 689 πνεῦμα
716 633 808 692 τῦίῦγιον
823 633 864 680 dud
877 655 914 680 πα·

125 704 352 762 τρῦςέκπορευόμενον,
373 706 407 746 καὶ
422 708 459 746 τοῦ
474 705 520 745 υἱοῦ
530 702 641 757 λαμβάνον.
671 705 713 745 Καὶ
724 703 775 757 αῦτη
790 705 844 747 ε’στίν
855 702 869 758 ή
879 708 915 758 μία

126 773 210 826 θεότης,
231 770 260 821 εἰς
272 770 331 821 θεός,
353 769 471 825 εἷςκῦριος,
492 769 570 825 πατήρ,
590 771 625 812 καὶ
638 769 693 820 υἱός,
713 773 749 812 καί
758 771 816 826 ῦγιον
829 776 914 824 πνεῦμα,

126 837 151 881 οῦ
166 836 282 890 1σνναλιφή
294 855 324 886 τις
335 836 363 879 οῦν
374 836 386 879 6
397 836 443 886 υἱός
454 841 482 894 τῷ
494 838 565 892 πατρὶ,
580 836 629 879 οῦδὲ
640 835 663 878 τό
675 835 733 892 ίίγιον
743 842 832 891 πνεῦμα,
849 836 916 881 Ξτίλλοί

126 903 214 962 ῦπατήρ
230 903 307 962 πατήρ,
328 907 362 947 καὶ
377 902 446 955 ῦυίός
463 903 518 959 υἱός,
537 906 573 948 καὶ
587 903 645 961 ἅγιον
660 909 740 961 πνεῦμα
756 903 815 964 ῦγιον
830 909 916 963 πνεῦμα,

126 977 171 1034 τρία
184 975 256 1032 τέλεια,
279 977 315 1032 μία
330 973 414 1032 θεότης,
436 972 464 1027 εἷς
478 972 539 1030 θεός,
560 972 680 1035 εἷςκῦριος,
702 973 730 1028 τίς
739 978 773 1022 καί
785 975 882 1030 πολλάκις
895 979 916 1023 ἐν

127 1047 201 1098 πόσαις
212 1049 309 1105 αἱρέσεσιν
320 1046 373 1091 οῦτω
384 1046 421 1102 τήν
434 1047 480 1104 περὶ
492 1050 545 1089 θεοῦ
561 1045 693 1102 ἀπεδώκαμεν
708 1050 830 1104 ῦοξολογίαν.
864 1047 918 1092 Οῦκ-

127 1122 165 1160 οὖν
176 1116 245 1171 ἐπειδή
257 1115 285 1167 εἷς
296 1119 337 1160 ἐστι
346 1114 408 1168 θεός,
422 1117 457 1158 καί
468 1115 506 1158 οῦκ
516 1116 545 1158 ένι
554 1114 664 1170 ὑπολαβεῖν
673 1117 740 1174 ἕτερον
751 1115 807 1173 παραὶ
817 1114 852 1159 τόν
863 1115 917 1171 ῦντν,

127 1190 251 1240 θαυμαστῶς
262 1187 298 1228 καὶ
311 1183 421 1241 α’γέννητός
432 1186 485 1227 ἐστιν
496 1181 583 1240 ῦπατήρ
595 1185 628 1226 καὶ
642 1182 745 1237 ι’ίκτιστος,
766 1187 801 1229 καί
813 1184 825 1228 6
836 1203 918 1242 μονογε-

126 1254 163 1308 νής
173 1253 218 1303 υίός
228 1258 265 1296 τοῦ
275 1258 326 1296 θεοῦ
339 1255 360 1302 ἐξ
370 1250 433 1294 αῦτοῦ
444 1253 550 1307 γεννηθεὶς
561 1250 598 1293 οῦκ
613 1250 711 1305 ἀνόμοιος
725 1250 780 1310 αὐτῷ
789 1252 840 1295 κατεί
852 1252 918 1295 πάντα

126 1320 202 1375 τρόπον
218 1317 319 1374 τυγγῦνει,
341 1318 389 1360 υἰλλόι
405 1317 478 1361 ταῦτῦν
492 1323 521 1375 τῷ
531 1318 593 1371 πατρὶ
605 1319 640 1359 καὶ
652 1321 695 1367 ἰσος
705 1317 757 1360 κακοὶ
772 1323 841 1361 πᾶσαν
852 1318 917 1371 όξίαν,

127 1385 166 1429 κῦν
175 1403 196 1429 τε
208 1384 220 1430 6
231 1386 267 1441 μὲν
277 1387 401 1442 γεγέννηται,
423 1383 435 1428 6
445 1385 467 1428 δὲ
478 1384 586 1441 ίιγέννητός
600 1386 658 1428 ἔστιν.
688 1387 717 1428 Εἰ
727 1387 763 1442 μέν
776 1385 814 1444 γῦρ
826 1385 877 1438 ίίλως
887 1404 918 1446 γε·

128 1455 224 1514 γέννηκεν
241 1456 261 1509 ἐξ
272 1454 336 1500 αὐτοῦ
347 1452 383 1500 τόν
399 1452 456 1508 υίῦν,
473 1452 572 1500 οἰδῦνατον
585 1453 612 1513 μή
625 1452 677 1501 εἶναι
686 1458 730 1501 ίσον
740 1461 768 1518 τῷ
781 1458 841 1517 πατρί
853 1459 888 1503 καὶ
898 1457 919 1504 ῦ-

128 1545 192 1584 μοιον.
224 1531 271 1571 Πᾶν
278 1526 316 1586 γῦρ
328 1525 350 1571 τῦ
360 1532 436 1585 γεννῶν
446 1526 518 1583 ῦμοιον
530 1528 595 1587 ἑαυτῷ
606 1532 671 1586 γεννᾷ,
688 1529 722 1571 καί
733 1527 758 1572 οὐ
767 1528 831 1584 μόνον
840 1527 919 1585 ὅμοιον,

130 1595 171 1640 ἀλλ’
190 1599 236 1641 ἴσον
249 1602 275 1657 τή
289 1595 399 1652 ταυτότητι.
422 1595 547 1655 ’Ἀνθρωπος
561 1598 598 1652 μὲν
614 1595 651 1654 γῦρ
667 1595 779 1653 όίνθρωτιον
792 1604 864 1659 γεννᾷ,
885 1602 920 1643 καί

128 1665 179 1715 θεός
195 1665 252 1709 θεόν.
283 1667 324 1708 Καὶ
340 1664 353 1708 6
369 1666 421 1719 3μὲν
443 1665 554 1722 ἅνθρωπος
569 1667 591 1708 ἐκ
605 1665 704 1719 σωμάτων
721 1671 847 1722 συμπλοκῆς,
870 1665 920 1711 ῦῦέ

128 1733 179 1783 θεός
188 1731 337 1790 ἆνεκδιηγήτως
348 1732 411 1788 μόνος
421 1739 520 1789 μονογενῆ
530 1735 645 1789 γεγέννηκε,
666 1735 701 1776 καί
711 1732 737 1776 οῦ
748 1733 800 1777 κατά
811 1753 855 1778 τινα
865 1736 919 1792 466-

45 1825 81 1853 pag.
89 1817 122 1845 οιο.
130 1816 173 1853 σιν,
190 1801 254 1844 ὄοιίῦέ
265 1800 374 1853 συστολὴν,
389 1799 437 1842 οῦδὲ
449 1801 570 1853 πλατυσμόν.
599 1799 656 1842 Ἀλλοί
668 1805 747 1853 πνεῦμα
760 1800 789 1842 div
800 1800 813 1844 6
823 1802 889 1857 πατήρ
900 1805 920 1852 ἐξ

129 1868 194 1910 αὐτοῦ
213 1866 305 1923 οἷνόρχως
321 1869 356 1909 καὶ
373 1865 464 1923 όχρόνως
477 1865 513 1909 τόν
529 1865 575 1909 υἱόν
591 1868 694 1923 ἐγέννησεν
710 1865 781 1922 ὅμοιον
797 1868 853 1928 αῦτςῦ
868 1868 921 1913 κατόν

109 1935 111 1937 ’
129 1934 242 1978 πάντακαί
255 1937 311 1989 ίσυν,
333 1933 361 1986 τίς
371 1936 421 1993 λέγει
433 1934 454 1979 τό
467 1934 526 1994 ίίγιον
541 1934 664 1994 εὐαγγέλιον,
686 1934 728 1991 ότι,
748 1934 842 1994 Ἐζήτουν
859 1936 921 1984 αὐτόν

130 2005 249 2052 ἀποκτεῖναι
259 2009 280 2051 οἱ
287 2004 393 2062 Ἰουδαῖοι,
414 2005 445 2052 ὅτι
456 2005 480 2051 οῦ
492 2007 555 2063 μόνον
567 2008 611 2051 έλυε
626 2006 649 2052 τῦ
662 2006 773 2064 σάββατον,
787 1999 833 2054 αλλ’
844 2009 876 2055 ὅτι
886 2013 921 2055 καὶ

129 2077 176 2122 υἱόν
187 2083 240 2122 θεοῦ
252 2077 325 2123 ἓαυτόν
333 2080 407 2136 ἔλεγεν,
428 2080 473 2121 ἰσον
486 2076 558 2121 ἔαυτόν
574 2082 640 2122 ποιοῦν
653 2081 681 2137 τῷ
695 2083 741 2137 θεῷ.
772 2078 872 2137 Παῖςγῦρ
884 2081 922 2136 οὔχ

130 2146 201 2202 ὅμοιος
210 2151 239 2206 τῷ
252 2149 313 2202 πατρὶ
330 2149 365 2190 καί
378 2150 421 2197 ίσος
435 2146 487 2189 κατοί
503 2146 578 2200 πάντα,
602 2145 646 2189 όέν
656 2145 709 2205 αὐτῷ
723 2148 773 2201 έχων
783 2147 805 2191 τῦ
818 2153 865 2203 ζῆν,
885 2151 921 2192 καί

129 2217 203 2272 λέγων,
218 2215 296 2272 Ὥςπερ
307 2214 320 2258 6
330 2214 396 2271 πατήρ
410 2217 479 2271 ἐγείρει
491 2213 541 2264 τοῦς
552 2214 647 2270 νεκροῦς,
662 2213 715 2257 οῦτω
725 2216 760 2256 καὶ
773 2213 785 2258 6
795 2216 840 2266 υἱός
851 2218 921 2272 ἐγείρει

129 2282 179 2331 τοῦς
195 2282 290 2337 νεκροῦςς
310 2284 345 2324 καὶ
360 2284 432 2337 λέγων,
452 2280 474 2323 Ὁ
485 2281 579 2337 ἑωρακώς
596 2282 630 2334 ἐμὲ
641 2280 718 2336 ἑώρακε
728 2281 764 2324 τόν
775 2285 856 2338 πατέρα.
889 2276 920 2325 Οῦ

130 2349 216 2390 ῦόναται
234 2350 388 2403 θᾶιηλλαγμένος
403 2346 452 2389 εἶναι
465 2346 477 2390 6
490 2346 516 2389 δι’
528 2349 601 2390 ἑαυτοῦ
613 2346 647 2389 τόν
661 2348 738 2403 πατέρα
752 2351 865 2403 σημαίνων,
886 2351 922 2392 καί

131 2413 144 2459 ό
153 2416 215 2473 λέγων
225 2413 266 2469 ὅτι,
280 2413 303 2459 ‘0
313 2414 416 2472 γινώσκων
427 2415 461 2471 ἐμὲ
472 2414 564 2472 γινώσκει
573 2413 610 2459 τόν
621 2416 709 2473 πατέρα,
729 2418 775 2471 καὶ,
790 2416 816 2461 Ὃ
827 2419 922 2477 ἑωρακώς

509 2484 594 2501 υἳ>1

132 2485 166 2543 ε’μέ
177 2482 252 2546 ἑώρακε
262 2482 297 2531 τόν
307 2487 393 2545 πατέρα,
414 2484 442 2539 ῦς
455 2484 518 2531 αῦτου
531 2504 569 2532 ουκ
580 2491 640 2531 αλλον
655 2483 715 2540 ῦντος
726 2487 782 2548 παρῦ
794 2487 829 2535 τόν
838 2492 921 2550 πατέρα,

132 2556 160 2609 τίς
169 2558 205 2602 καὶ
215 2555 228 2601 6
237 2557 303 2615 πατήρ
321 2560 356 2601 καὶ
367 2556 379 2602 6
390 2557 436 2609 νίῦς
450 2561 552 2615 σημαίνει,
574 2557 696 2614 Ποιήσωμεν
712 2558 824 2617 ῦνθρωπον
840 2559 884 2604 κατ’
895 2563 922 2605 εἰ·

132 2627 184 2671 κόνα
194 2626 304 2684 ἡμετέραν,
319 2629 353 2670 καὶ
363 2626 411 2671 καθ’
423 2626 525 2684 ὁμοίωσιν.
555 2630 584 2669 Εἰ
593 2628 630 2682 μέν
640 2627 677 2685 γώρ
688 2629 727 2672 οῦκ
738 2623 764 2684 ἦν
774 2627 841 2679 ῦυίῦς
850 2629 922 2684 ῦμοιος

131 2702 160 2756 τῷ
169 2697 242 2752 πατρὶ,
257 2702 302 2746 πῶς
312 2696 383 2739 λοιπόν
393 2695 406 2739 6
417 2695 528 2751 ῦνθρωπος
536 2694 578 2738 κατ’
590 2696 657 2739 εἰκόνα
667 2699 702 2739 καὶ
714 2697 763 2739 καθ’
774 2695 871 2751 ὁμοίωσιν
881 2700 922 2755 ἐγέ-

131 2781 188 2815 νετο,
203 2764 229 2807 οῦ
240 2762 278 2819 γαρ
290 2762 344 2806 εἶπεν
357 2763 369 2806 6
380 2763 458 2818 πατήρ,
475 2762 598 2817 Ποιήσωμεν
607 2762 719 2819 ῦνθρωπον
728 2763 771 2806 κατ’
782 2764 851 2807 εἰκόνα
864 2765 921 2819 ἐμήν,

132 2830 206 2885 ήΚατ’
218 2830 287 2873 εἰκόνα
303 2830 350 2883 σήν,
371 2830 420 2873 ἄλλοί
432 2829 482 2872 Κατ’
497 2828 564 2872 εἰκόνα
581 2828 682 2886 ήμετέραν.
711 2830 761 2872 Ἀπό
772 2832 795 2872 δὲ
809 2836 846 2873 τοῦ
863 2831 921 2874 Κατοί

157 2922 196 2956 GAP.
209 2923 238 2955 vl.
251 2941 273 2947 -
303 2923 318 2955 1,
336 2923 361 2956 Ila
378 2924 414 2956 libri
431 2924 487 2965 scripti
505 2925 520 2956 et
565 2920 582 2956 3.
594 2920 624 2966 μὲν
636 2920 668 2967 γὰρ
681 2917 805 2966 mamea.
819 2925 874 2957 Ρελαυ.
892 2926 921 2957 οο-

134 2970 158 3002 ειλ.
169 2972 221 3010 princ.
251 2967 346 3013 συναλοιφή
359 2970 395 3002 edit.
408 2971 464 3005 Ρααν.
546 2970 577 3003 λοι.
588 2973 636 3012 αμα,

156 3016 173 3052 2.
185 3013 228 3054 ἀλλὰ
239 3020 304 3062 scripti,
316 3012 353 3053 ἀλλ’
365 3018 403 3051 edili
414 3020 455 3053 libri.
559 3016 575 3050 4.
593 3018 654 3061 Scripsi
670 3016 729 3063 ῥύσιν,
746 3019 788 3060 quod
802 3020 870 3052 παλαίετε
885 3022 922 3061 post

538 3066 633 3099 vammum
644 3067 678 3112 (qui
688 3068 734 3099 ναίιλ
744 3064 863 3111 defluxionem)
873 3068 921 3100 etium
