1988 3392
152 215 194 261 164
441 222 524 260 εναοτι
536 223 652 259 τνινιικνν

152 324 177 362 ρα
187 305 209 347 δὲ
219 303 244 347 τά
258 305 304 359 περὶ
315 304 434 359 πνευμάτων
444 304 502 360 λάγια
512 310 590 357 σοφοῖς.
624 302 699 347 ¹⁹’Am’
711 303 776 359 άίςπερ
789 305 811 346 οἱ
818 305 887 348 πολλοὶ
898 309 939 350 νῑολ

64 394 99 425 [ιτς.
107 386 138 415 ονε.
152 376 216 425 θέσει,
231 372 245 429 ή
255 372 332 428 κλήσει,
353 379 378 404 ²⁰
385 373 423 416 οῦκ
432 370 517 431 άληθείμ
527 373 549 416 δὲ
558 371 592 417 διά
601 372 624 416 τά
634 371 697 428 άρχήν
708 366 758 428 ’ἔχειν
767 372 801 414 καὶ
810 373 864 423 τέλος
875 370 938 433 άμαρ-

150 447 247 498 τητικῶς,
269 442 367 487 ούτωκαλ
381 442 607 497 21πνεύματαπλεῖστα
617 444 685 494 θέσει,
707 440 808 497 ήκλήσει,
826 439 866 485 κάν
877 441 938 501 άμαρ-

150 510 221 567 τητικά
238 507 269 568 ἦν.
302 510 328 554 Τά
342 511 363 553 δὲ
378 509 435 566 άγιον
448 516 527 566 πνεῦμα
542 510 605 566 μόνον
621 516 708 554 καλεῖται
724 507 796 553 Ὴύπύ
813 509 889 567 πατρίς
904 514 938 556 καὶ

150 583 208 632 υἱοῦ,
223 585 302 634 πνεῦμα
312 580 417 634 άληθείας,
432 581 465 622 καί
479 585 558 634 πνεῦμα
570 584 633 632 θεοῦ,
648 580 683 623 καὶ
693 585 773 635 πνεῦμα
785 583 884 633 Χριστοῦ,
904 583 939 625 καὶ

151 656 230 705 πνεῦμα
242 650 326 706 χάριτος.
359 652 465 704 Χαρίζεται
474 648 512 705 γάρ
524 648 601 708 ἑκάστῳ
612 646 716 703 διαφόρως
732 646 862 705 Νάγαθδν,
874 643 891 708 ᾧ
904 651 940 705 μὲν

151 725 231 774 πνεῦμα
241 721 325 771 σοφίας,
346 712 363 775 ᾧ
382 718 404 760 δὲ
414 721 492 770 πνεῦμα
508 717 643 775 Μγνσίσεεος,
664 711 715 776 ηλδὲ
726 722 806 771 πνεῦμα
823 716 902 773 ι’σχύος,
922 713 938 776 ᾧ

152 789 173 831 δὲ
185 793 263 843 πνεῦμα
280 786 380 841 ἰαμάτων,
401 780 452 845 ᾧδὲ
463 780 542 841 πνεῦμα
556 789 690 844 προφητείας,
711 780 759 844 ηλδὲ
769 791 849 842 πνεῦμα
863 789 938 844 διακρί-

151 873 211 908 σεως,
234 850 283 915 2⁵96
298 856 321 899 δὲ’
334 856 459 910 ἕρμηνειῶν,
477 856 511 899 καὶ
529 854 554 898 τά
573 854 633 898 λοιπά
654 855 676 899 δὲ
693 858 814 910 χαρίσματα,
838 853 866 905 ύίς
882 871 939 911 φησι,

144 924 183 968 Ἓν
199 926 220 968 δὲ
237 926 272 967 καλ
287 923 309 968 τά
326 923 375 967 ου’τύ
392 927 483 977 πνεῦμα,
506 926 599 981 διαιροῦν
616 923 692 981 ἑκάστῳ
709 922 737 975 οἷς
749 923 850 979 βούλεται·
871 923 903 967 ύιι
917 923 939 968 τύ

151 994 230 1048 πνεῦμά
246 1008 283 1036 σου
299 993 321 1038 τά
339 992 419 1051 άγαθύν
436 991 530 1050 ὁδηγήσει
546 1011 570 1048 με
586 991 629 1036 ²⁶6
642 991 701 1045 θεάς,
723 992 879 1049 φησλδΔαβίδ.
905 992 939 1046 Ἢ,

154 1062 181 1107 Τά
193 1068 272 1118 πνεῦμα
283 1063 335 1107 ὅπου
346 1064 401 1105 θίλει
413 1068 469 1115 πνεῖ,
491 1063 513 1105 τά
526 1062 661 1106 ε’νοπάστατον
672 1060 707 1104 διά
718 1061 826 1105 27τούτων
836 1066 872 1104 τοῦ
881 1059 939 1119 άγίου

151 1131 266 1187 πνεύματος
283 1134 382 1174 δείκνυσιν
399 1129 457 1185 ἡμῖν·
477 1131 511 1173 καὶ
527 1129 563 1184 τήν
575 1130 647 1185 φωνήν
660 1130 723 1173 αὐτοῦ
738 1129 828 1183 άιιούεις,
851 1128 891 1172 ἄλλ’
902 1128 940 1175 ούκ

152 1199 210 1252 οἶδας
221 1201 287 1243 πάθεν
300 1203 375 1256 ἔρχεται
388 1201 421 1242 καί
432 1204 473 1242 ποῦ
485 1198 569 1254 ύπάγει,
585 1200 619 1242 καὶ
630 1197 665 1242 ε’άν
677 1198 704 1253 μή
714 1204 825 1256 γεννηθήτε
834 1200 855 1249 ἒξ
866 1198 940 1249 ύδατος

151 1271 184 1314 καί
196 1269 321 1324 πνεύματος,
342 1267 412 1323 ὅμοιον
428 1265 456 1318 ιδς
467 1266 510 1310 εἶπε
524 1271 617 1319 Παῦλος,
636 1265 670 1310 Ἐν
682 1266 719 1324 γάρ
734 1272 814 1326 Χριστῷ
821 1266 887 1323 Ἰησοῦ
901 1266 939 1325 ἒγσλ

153 1343 177 1369 ²⁸
185 1340 281 1394 ἐγέννησα
294 1335 353 1392 ύμάς,
386 1337 436 1392 Περὶ
447 1336 521 1380 τούτου
533 1334 545 1379 6
555 1335 634 1392 κύριος,
647 1336 713 1379 Ὅταν
723 1338 774 1396 ἔλθη
786 1334 797 1380 6
807 1336 939 1393 παράκλητος,

151 1407 175 1451 δν
187 1406 225 1464 ἒγσί
238 1406 343 1459 29πέμπω
355 1402 412 1460 ύμῖν,
432 1403 455 1448 τά
467 1409 547 1459 πνεῦμα
559 1409 594 1460 τῆς
605 1402 712 1459 άληθείας,
726 1404 739 1449 6
750 1403 806 1462 παρά
816 1410 854 1448 τοῦ
864 1404 940 1463 πατρὸς

153 1475 295 1533 ἐκπορεύεται,
312 1476 388 1524 ἐκεῖνος
398 1474 520 1529 μαρτυρήσει
531 1475 577 1530 περὶ
589 1475 649 1527 ἐμοῦ·
665 1474 700 1517 καλ
711 1475 740 1517 ἔτι
750 1473 812 1517 πολλά
823 1476 860 1530 ἔχω
870 1476 939 1532 λέγειν,

151 1542 192 1587 ἀλλ’
208 1543 233 1587 ου’
246 1542 335 1586 δύνασθε
350 1542 453 1597 βαστάζειν
467 1542 521 1599 άρτι·
541 1541 590 1585 ὅταν
605 1543 656 1601 ἔλθη
673 1543 758 1595 ἐκεῖνος,
779 1541 801 1585 τά
816 1547 894 1597 πνεῦμα
905 1548 940 1597 τῆς

152 1612 261 1668 άληθείας,
283 1609 378 1667 ὁδηγήσει
393 1609 447 1666 ύμᾶς
463 1612 490 1661 εἰς
506 1614 573 1652 πάσαν
589 1609 625 1665 τήν
640 1609 747 1665 άλήθειαν·
770 1608 795 1653 ού
810 1609 848 1668 γάρ
862 1610 940 1666 λαλήσει

152 1679 187 1734 ἐφ’
208 1682 292 1733 ἑαυτοῦ,
314 1678 354 1723 ἀλλ’
372 1679 410 1723 ὅσα
427 1679 510 1723 άιιούσει
526 1678 615 1734 λαλήσει,
635 1681 669 1722 καὶ
683 1677 707 1721 τά
724 1678 819 1736 ἐρχόμενα
838 1679 942 1737 άναγγελεῖ

151 1748 210 1803 ύμῖν
225 1748 300 1799 ἐκεῖνός
315 1765 339 1805 με
359 1748 448 1802 δοξάσει,
471 1748 502 1792 ὅτι
519 1748 542 1791 ἒιι
556 1752 593 1791 τοῦ
608 1749 658 1803 ἐμοῦ
671 1747 767 1803 λήψεται,
789 1749 824 1792 καὶ
838 1747 942 1806 άναγγελεῖ

152 1817 201 1873 ύμῖν
215 1818 287 1862 πάντα.

210 1958 239 1998 Εἰ
249 1958 317 1998 τοίνυν
327 1954 382 2011 παρά
394 1958 430 1997 τοῦ
440 1952 516 2007 πατρὸς
529 1953 668 2011 ἐκπορεύεται,
683 1956 718 1997 καλ
730 1957 751 1998 ἐκ
761 1959 798 1998 τοῦ
808 1955 869 2009 ἐμοῦ,
889 1955 940 2009 φησὶ

152 2023 164 2068 6
175 2023 258 2080 κύριος,
273 2023 369 2078 λήψεται,
389 2021 514 2079 1λίνιρύιιον
525 2022 592 2073 οὐδεὶς
603 2025 653 2079 ἔγνω
668 2021 703 2065 τάν
713 2024 788 2080 πατέρα
799 2025 817 2067 εί
826 2022 853 2079 μή
864 2021 876 2066 6
887 2023 939 2076 υἷάς,

151 2093 199 2138 οὐδὲ
216 2092 251 2136 τάν
268 2092 314 2135 υίύν
331 2095 348 2135 τί
363 2090 390 2147 μή
406 2090 418 2135 6
432 2090 508 2146 πατήρ,
532 2090 597 2141 οὕτως
614 2091 722 2147 Ξτολμήσω
738 2093 810 2149 λέγειν,
835 2091 900 2135 ὃούδὲ
916 2091 939 2135 τά

150 2167 230 2217 πνεῦμα
247 2164 266 2203 εἰ
277 2160 304 2215 μή
317 2160 347 2203 46
360 2160 422 2210 6υίάς
438 2161 458 2210 ἐξ
469 2155 494 2202 οὗ
506 2159 612 2213 λαμβάνει,
633 2163 667 2203 καὶ
679 2159 690 2203 6
701 2161 767 2217 πατήρ
782 2159 828 2217 παρ’
843 2155 868 2203 οῦ
880 2162 938 2204 ἔκπο-

151 2230 240 2288 ρεύεται,
263 2233 298 2271 καί
311 2229 359 2271 οὐδὲ
370 2228 405 2270 τάν
416 2227 462 2269 οίάν
473 2230 506 2269 καλ
517 2227 553 2270 τάν
564 2229 640 2284 πατέρα
650 2232 668 2271 εί
679 2227 707 2283 μή
717 2229 739 2271 τά
751 2234 831 2283 πνεῦμα
842 2227 865 2271 τά
875 2227 938 2286 άγιον,

150 2298 173 2341 τά
188 2297 271 2349 δοξάζον
288 2296 380 2351 άληθῶς,
401 2295 425 2339 τά
439 2297 534 2338 διδάσκον
544 2295 568 2337 τά
580 2296 657 2350 πάντα,
678 2296 700 2340 τά
713 2302 829 2355 μαρτυροῦν
841 2296 882 2340 ᾗτά
893 2298 939 2354 περὶ

151 2372 188 2409 τοῦ
203 2370 260 2417 υἱοῦ,
280 2365 356 2420 δπαρά
377 2371 412 2408 τοῦ
423 2364 508 2421 πατρίς,
530 2365 560 2408 ⁷6
572 2368 594 2408 ἐκ
605 2371 641 2408 τοῦ
652 2368 710 2419 υίοῦ,
730 2366 793 2421 μύνος
807 2364 940 2423 ύδηγύςάλη-

151 2438 220 2486 θείας,
235 2435 303 2488 νόμων
313 2434 408 2490 ἐξηγητής
419 2432 491 2490 άγίων,
507 2440 643 2488 πνευματικοῦ
652 2434 715 2489 νόμου
726 2434 842 2492 ύφηγητής,
857 2452 938 2491 προφη·

151 2508 192 2546 τῶν
207 2503 335 2560 καθηγηιής,
358 2501 475 2546 άποστάλων
487 2502 618 2554 διδάσκαλος,
639 2502 768 2560 εύαγγελικαῖν
780 2503 885 2561 δογμάτων
895 2522 938 2558 ιγσι-

152 2570 213 2626 στήρ,
235 2570 297 2628 άγίων
312 2571 414 2628 ἒκλογεύς,
435 2569 515 2625 φῶςτδ
530 2568 660 2624 άληθινύνέξ
674 2571 858 2627 άληθινοῦφωτύς.
890 2572 939 2622 Τὶύς

69 2658 142 2699 pagena.
152 2639 251 2695 φυσικάς,
265 2639 310 2691 οίὸς
323 2640 411 2696 ἀληθής,
426 2639 472 2691 υἷάς
482 2638 573 2697 γνήσιος,
589 2639 651 2695 μόνος
661 2644 683 2686 ἐκ
694 2642 769 2696 μόνον,
790 2640 827 2685 σύν
838 2640 891 2701 αύτῷ
903 2642 938 2686 καὶ

176 2757 204 2793 19.
217 2758 264 2800 εἴπερ
277 2756 293 2792 οἱ
305 2756 361 2792 πολλοὶ
373 2759 430 2792 Αοοοι.
580 2755 607 2793 24.
621 2760 671 2793 Verba
680 2758 762 2804 γνώσεως
772 2763 806 2793 σαι.
814 2769 862 2802 usque
872 2761 894 2794 (αλ
904 2768 938 2794 σοι.

174 2805 203 2838 20.
216 2801 311 2848 λὀλισμύν.
320 2800 393 2850 ἀληθείᾳ
405 2824 415 2829 -
427 2823 438 2829 -
449 2823 459 2829 -
471 2799 504 2839 κάν
515 2801 534 2839 ά·
556 2806 661 2852 προφητείας
672 2808 783 2840 desiderantur
794 2808 812 2851 ξπ
823 2807 847 2839 ed.
860 2808 915 2841 Ριιον.

153 2848 251 2897 μαμτητικά
262 2848 284 2893 ήν
296 2861 328 2883 non
340 2854 393 2883 ιιιιοοι
404 2854 421 2885 in
433 2852 491 2884 Αυιοτ.
581 2853 608 2885 25.
621 2851 635 2897 ῴ
647 2851 667 2888 δὲ
679 2853 773 2897 γλωσσῶν,
786 2851 800 2898 αἱ
812 2850 833 2887 δὲ
844 2850 937 2898 ἑρμηνειῶν

175 2902 202 2931 21.
216 2899 251 2931 νου
265 2893 353 2940 πνεύματα
366 2898 382 2931 in
393 2898 427 2931 cod.
438 2899 470 2931 len.
487 2897 535 2931 τοῦτο
558 2901 605 2940 οαςει
615 2900 673 2933 Ancon
873 2920 874 2923 =

152 2945 235 2978 inductum
246 2945 347 2985 οοοεμὶοιινι.
580 2945 607 2978 26.
619 2941 629 2980 6
642 2943 683 2984 θεὸς
694 2947 737 2979 abest
749 2946 769 2978 ab
781 2945 839 2979 Αοαοι.

176 2993 204 3023 ¹22.
216 2986 249 3025 ἀπὸ
263 2991 320 3023 Ακιον,
579 2991 606 3025 27.
619 2989 744 3026 τῶντοιούτων
756 2990 787 3026 τοῦ
802 2989 897 3036 πνεύματος
907 2990 937 3027 τοῦ

176 3036 203 3070 ¹25.
215 3034 234 3071 τδ
247 3031 314 3081 ἀγαθὸν
326 3036 384 3070 Αοαοι.
556 3033 604 3082 άγίον
616 3036 684 3076 δεικνὺς
695 3033 737 3081 ήμῖν
751 3041 806 3071 aanor.

578 3087 605 3117 λα.
618 3080 665 3127 δμᾶς
676 3082 759 3128 ἐγέννησα
770 3085 827 3119 Amor.
