<?xml version="1.0" encoding="UTF-8"?>
<!DOCTYPE html PUBLIC "-//W3C//DTD XHTML 1.0 Transitional//EN"
    "http://www.w3.org/TR/xhtml1/DTD/xhtml1-transitional.dtd">
<html xmlns="http://www.w3.org/1999/xhtml" xml:lang="en" lang="en">
 <head>
  <title>
</title>
<meta http-equiv="Content-Type" content="text/html;charset=utf-8" />
  <meta name='ocr-system' content='tesseract 3.04.00' />
  <meta name='ocr-capabilities' content='ocr_page ocr_carea ocr_par ocr_line ocrx_word'/>
</head>
<body>
  <div class='ocr_page' id='page_1' title='image "./MN41650ucmf_1/MN41650ucmf_1_0455.png"; bbox 0 0 1988 3392; ppageno 0'>
   <div class='ocr_carea' id='block_1_1' title="bbox 231 247 863 289">
    <p class='ocr_par' dir='ltr' id='par_1_1' title="bbox 231 247 863 289">
     <span class='ocr_line' id='line_1_1' title="bbox 231 247 863 289; baseline 0 -1"><span class='ocrx_word' id='word_1_1' title='bbox 231 254 325 288; x_wconf 76' lang='lat' dir='ltr'>eunucu</span> <span class='ocrx_word' id='word_1_2' title='bbox 337 254 380 286; x_wconf 81' lang='grc' dir='ltr'><strong>ιιι.</strong></span> <span class='ocrx_word' id='word_1_3' title='bbox 389 256 419 288; x_wconf 95' lang='grc' dir='ltr'><strong>ιιι.</strong></span> <span class='ocrx_word' id='word_1_4' title='bbox 431 256 488 289; x_wconf 84' lang='lat' dir='ltr'>rou.</span> <span class='ocrx_word' id='word_1_5' title='bbox 497 257 519 288; x_wconf 92' lang='grc' dir='ltr'>ιι.</span> <span class='ocrx_word' id='word_1_6' title='bbox 531 254 600 288; x_wconf 80' lang='lat' dir='ltr'>uuna.</span> <span class='ocrx_word' id='word_1_7' title='bbox 610 255 710 288; x_wconf 83' lang='lat' dir='ltr'>nxxvnr.</span> <span class='ocrx_word' id='word_1_8' title='bbox 821 247 863 288; x_wconf 84' lang='lat'>433</span> 
     </span>
    </p>
   </div>
   <div class='ocr_carea' id='block_1_2' title="bbox 82 331 863 391">
    <p class='ocr_par' dir='ltr' id='par_1_2' title="bbox 82 331 863 391">
     <span class='ocr_line' id='line_1_2' title="bbox 82 331 863 391; baseline -0.001 -13"><span class='ocrx_word' id='word_1_9' title='bbox 82 349 152 381; x_wconf 84' lang='lat' dir='ltr'>vocem</span> <span class='ocrx_word' id='word_1_10' title='bbox 163 331 216 375; x_wconf 89' lang='lat' dir='ltr'>illam</span> <span class='ocrx_word' id='word_1_11' title='bbox 225 335 286 374; x_wconf 86' lang='lat' dir='ltr'>Suum</span> <span class='ocrx_word' id='word_1_12' title='bbox 296 332 399 385; x_wconf 80' lang='lat' dir='ltr'>adiunxit,</span> <span class='ocrx_word' id='word_1_13' title='bbox 420 334 455 377; x_wconf 93' lang='lat' dir='ltr'>sed</span> <span class='ocrx_word' id='word_1_14' title='bbox 464 338 612 391; x_wconf 78' lang='lat' dir='ltr'>pramogeuc&#39;tum</span> <span class='ocrx_word' id='word_1_15' title='bbox 624 333 760 378; x_wconf 88' lang='lat' dir='ltr'>tantummodo</span> <span class='ocrx_word' id='word_1_16' title='bbox 775 334 863 378; x_wconf 79' lang='lat' dir='ltr'>vocavit.</span> 
     </span>
    </p>
   </div>
   <div class='ocr_carea' id='block_1_3' title="bbox 78 404 866 736">
    <p class='ocr_par' dir='ltr' id='par_1_3' title="bbox 78 404 866 736">
     <span class='ocr_line' id='line_1_3' title="bbox 82 404 864 464; baseline -0.005 -11"><span class='ocrx_word' id='word_1_17' title='bbox 82 406 120 453; x_wconf 85' lang='lat' dir='ltr'>llio</span> <span class='ocrx_word' id='word_1_18' title='bbox 132 412 165 449; x_wconf 99' lang='grc' dir='ltr'>εει</span> <span class='ocrx_word' id='word_1_19' title='bbox 176 404 228 448; x_wconf 84' lang='grc' dir='ltr'><strong>ειιίιιι</strong></span> <span class='ocrx_word' id='word_1_20' title='bbox 242 404 276 449; x_wconf 85' lang='grc' dir='ltr'><strong>ἰΙΙε</strong></span> <span class='ocrx_word' id='word_1_21' title='bbox 291 420 349 463; x_wconf 87' lang='lat' dir='ltr'>quem</span> <span class='ocrx_word' id='word_1_22' title='bbox 364 408 512 461; x_wconf 75' lang='lat' dir='ltr'>pmiuogenr&#39;tum</span> <span class='ocrx_word' id='word_1_23' title='bbox 526 416 628 451; x_wconf 80' lang='lat' dir='ltr'><em>creaturae</em></span> <span class='ocrx_word' id='word_1_24' title='bbox 640 410 702 450; x_wconf 84' lang='lat' dir='ltr'>omur&#39;e</span> <span class='ocrx_word' id='word_1_25' title='bbox 714 406 815 464; x_wconf 87' lang='lat' dir='ltr'>apostolus</span> <span class='ocrx_word' id='word_1_26' title='bbox 828 420 864 449; x_wconf 90' lang='lat' dir='ltr'>no-</span> 
     </span>
     <span class='ocr_line' id='line_1_4' title="bbox 82 476 865 532; baseline -0.005 -11"><span class='ocrx_word' id='word_1_27' title='bbox 82 478 157 529; x_wconf 90' lang='lat' dir='ltr'>minat,</span> <span class='ocrx_word' id='word_1_28' title='bbox 178 476 250 532; x_wconf 90' lang='lat' dir='ltr'>quique</span> <span class='ocrx_word' id='word_1_29' title='bbox 263 490 307 518; x_wconf 90' lang='lat' dir='ltr'>cum</span> <span class='ocrx_word' id='word_1_30' title='bbox 319 476 416 519; x_wconf 74' lang='lat' dir='ltr'><strong>creaturis</strong></span> <span class='ocrx_word' id='word_1_31' title='bbox 432 477 505 519; x_wconf 89' lang='lat' dir='ltr'>ceteris</span> <span class='ocrx_word' id='word_1_32' title='bbox 517 477 597 520; x_wconf 77' lang='lat' dir='ltr'>nniuime</span> <span class='ocrx_word' id='word_1_33' title='bbox 613 477 752 532; x_wconf 85' lang='lat' dir='ltr'>coniungitur,</span> <span class='ocrx_word' id='word_1_34' title='bbox 773 477 809 518; x_wconf 91' lang='lat' dir='ltr'>sed</span> <span class='ocrx_word' id='word_1_35' title='bbox 819 484 865 518; x_wconf 91' lang='lat' dir='ltr'>aute</span> 
     </span>
     <span class='ocr_line' id='line_1_5' title="bbox 82 543 866 600; baseline -0.004 -13"><span class='ocrx_word' id='word_1_36' title='bbox 82 560 117 588; x_wconf 88' lang='lat' dir='ltr'>eas</span> <span class='ocrx_word' id='word_1_37' title='bbox 129 557 198 585; x_wconf 91' lang='lat' dir='ltr'>omnes</span> <span class='ocrx_word' id='word_1_38' title='bbox 211 543 310 599; x_wconf 79' lang='lat' dir='ltr'>originem</span> <span class='ocrx_word' id='word_1_39' title='bbox 321 544 405 600; x_wconf 81' lang='lat' dir='ltr'>accepit.</span> <span class='ocrx_word' id='word_1_40' title='bbox 436 543 509 600; x_wconf 90' lang='lat' dir='ltr'>Neque</span> <span class='ocrx_word' id='word_1_41' title='bbox 519 545 571 587; x_wconf 90' lang='lat' dir='ltr'>enim</span> <span class='ocrx_word' id='word_1_42' title='bbox 583 550 647 598; x_wconf 76' lang='lat' dir='ltr'>pruno</span> <span class='ocrx_word' id='word_1_43' title='bbox 658 553 736 586; x_wconf 81' lang='lat' dir='ltr'>erectos</span> <span class='ocrx_word' id='word_1_44' title='bbox 751 543 813 595; x_wconf 89' lang='lat' dir='ltr'>dixit,</span> <span class='ocrx_word' id='word_1_45' title='bbox 829 544 866 585; x_wconf 92' lang='lat' dir='ltr'>sed</span> 
     </span>
     <span class='ocr_line' id='line_1_6' title="bbox 78 610 866 666; baseline -0.003 -15"><span class='ocrx_word' id='word_1_46' title='bbox 78 614 231 666; x_wconf 54' lang='lat' dir='ltr'>pertremendum,</span> <span class='ocrx_word' id='word_1_47' title='bbox 248 611 298 651; x_wconf 87' lang='lat' dir='ltr'>adeo</span> <span class='ocrx_word' id='word_1_48' title='bbox 310 618 332 651; x_wconf 93' lang='lat' dir='ltr'>ut</span> <span class='ocrx_word' id='word_1_49' title='bbox 344 611 368 651; x_wconf 90' lang='lat' dir='ltr'>ad</span> <span class='ocrx_word' id='word_1_50' title='bbox 380 611 475 652; x_wconf 87' lang='lat' dir='ltr'>maiorem</span> <span class='ocrx_word' id='word_1_51' title='bbox 490 612 611 653; x_wconf 87' lang='lat' dir='ltr'>audientium</span> <span class='ocrx_word' id='word_1_52' title='bbox 622 614 706 654; x_wconf 86' lang='lat' dir='ltr'>fructum</span> <span class='ocrx_word' id='word_1_53' title='bbox 718 619 778 665; x_wconf 81' lang='lat' dir='ltr'>atque</span> <span class='ocrx_word' id='word_1_54' title='bbox 789 610 866 651; x_wconf 86' lang='lat' dir='ltr'>cautio-</span> 
     </span>
     <span class='ocr_line' id='line_1_7' title="bbox 82 676 866 736; baseline -0.005 -14"><span class='ocrx_word' id='word_1_55' title='bbox 82 692 126 723; x_wconf 90' lang='lat' dir='ltr'>nem</span> <span class='ocrx_word' id='word_1_56' title='bbox 140 676 190 719; x_wconf 87' lang='lat' dir='ltr'>baec</span> <span class='ocrx_word' id='word_1_57' title='bbox 199 676 234 719; x_wconf 93' lang='lat' dir='ltr'>illo</span> <span class='ocrx_word' id='word_1_58' title='bbox 248 677 268 719; x_wconf 91' lang='lat' dir='ltr'>in</span> <span class='ocrx_word' id='word_1_59' title='bbox 280 677 325 720; x_wconf 89' lang='lat' dir='ltr'>loco</span> <span class='ocrx_word' id='word_1_60' title='bbox 341 676 427 720; x_wconf 88' lang='lat' dir='ltr'>discreta</span> <span class='ocrx_word' id='word_1_61' title='bbox 440 678 492 733; x_wconf 88' lang='lat' dir='ltr'>sint,</span> <span class='ocrx_word' id='word_1_62' title='bbox 513 692 536 721; x_wconf 89' lang='lat' dir='ltr'>ac</span> <span class='ocrx_word' id='word_1_63' title='bbox 549 681 676 734; x_wconf 78' lang='lat' dir='ltr'><em>primogeniti</em></span> <span class='ocrx_word' id='word_1_64' title='bbox 690 693 741 721; x_wconf 89' lang='lat' dir='ltr'>voce</span> <span class='ocrx_word' id='word_1_65' title='bbox 755 677 866 736; x_wconf 88' lang='lat' dir='ltr'>praemissa</span> 
     </span>
    </p>
   </div>
   <div class='ocr_carea' id='block_1_4' title="bbox 76 745 975 3075">
    <p class='ocr_par' dir='ltr' id='par_1_4' title="bbox 82 745 867 809">
     <span class='ocr_line' id='line_1_8' title="bbox 82 745 867 809; baseline -0.001 -15"><span class='ocrx_word' id='word_1_66' title='bbox 82 745 197 795; x_wconf 77' lang='lat' dir='ltr'>inferiorem</span> <span class='ocrx_word' id='word_1_67' title='bbox 211 747 282 793; x_wconf 90' lang='lat' dir='ltr'>deinde</span> <span class='ocrx_word' id='word_1_68' title='bbox 296 756 407 793; x_wconf 86' lang='lat' dir='ltr'>ereaturam</span> <span class='ocrx_word' id='word_1_69' title='bbox 421 748 513 794; x_wconf 89' lang='lat' dir='ltr'>subiecit.</span> <span class='ocrx_word' id='word_1_70' title='bbox 544 747 646 809; x_wconf 83' lang='lat' dir='ltr'>Siquidem</span> <span class='ocrx_word' id='word_1_71' title='bbox 655 753 782 807; x_wconf 77' lang='lat' dir='ltr'>premogme&#39;te&#39;</span> <span class='ocrx_word' id='word_1_72' title='bbox 793 764 867 794; x_wconf 91' lang='lat' dir='ltr'>nomen</span> 
     </span>
    </p>

    <p class='ocr_par' dir='ltr' id='par_1_5' title="bbox 76 820 867 945">
     <span class='ocr_line' id='line_1_9' title="bbox 82 820 867 878; baseline -0.003 -13"><span class='ocrx_word' id='word_1_73' title='bbox 82 821 107 865; x_wconf 87' lang='lat' dir='ltr'>ad</span> <span class='ocrx_word' id='word_1_74' title='bbox 120 820 179 862; x_wconf 81' lang='lat' dir='ltr'>lilium</span> <span class='ocrx_word' id='word_1_75' title='bbox 190 820 289 874; x_wconf 82' lang='lat' dir='ltr'>refertur,</span> <span class='ocrx_word' id='word_1_76' title='bbox 312 828 403 863; x_wconf 88' lang='lat' dir='ltr'>creatura</span> <span class='ocrx_word' id='word_1_77' title='bbox 416 835 452 877; x_wconf 90' lang='lat' dir='ltr'>per</span> <span class='ocrx_word' id='word_1_78' title='bbox 464 821 524 863; x_wconf 89' lang='lat' dir='ltr'>lilium</span> <span class='ocrx_word' id='word_1_79' title='bbox 539 830 570 864; x_wconf 90' lang='lat' dir='ltr'>est</span> <span class='ocrx_word' id='word_1_80' title='bbox 580 822 683 878; x_wconf 87' lang='lat' dir='ltr'>producta.</span> <span class='ocrx_word' id='word_1_81' title='bbox 713 825 790 876; x_wconf 77' lang='lat' dir='ltr'>Pepera&#39;t</span> <span class='ocrx_word' id='word_1_82' title='bbox 799 821 867 876; x_wconf 89' lang='lat' dir='ltr'>itaque</span> 
     </span>
     <span class='ocr_line' id='line_1_10' title="bbox 76 889 867 945; baseline 0.001 -15"><span class='ocrx_word' id='word_1_83' title='bbox 76 891 143 943; x_wconf 80' lang='lat' dir='ltr'>filium</span> <span class='ocrx_word' id='word_1_84' title='bbox 151 903 207 929; x_wconf 84' lang='lat' dir='ltr'>enum</span> <span class='ocrx_word' id='word_1_85' title='bbox 215 892 376 941; x_wconf 71' lang='lat' dir='ltr'>perungentem,</span> <span class='ocrx_word' id='word_1_86' title='bbox 394 903 434 930; x_wconf 90' lang='lat' dir='ltr'>nnn</span> <span class='ocrx_word' id='word_1_87' title='bbox 446 889 599 944; x_wconf 87' lang='lat' dir='ltr'>primogenitum</span> <span class='ocrx_word' id='word_1_88' title='bbox 611 904 682 942; x_wconf 86' lang='lat' dir='ltr'>suum,</span> <span class='ocrx_word' id='word_1_89' title='bbox 701 890 758 945; x_wconf 87' lang='lat' dir='ltr'>quasi</span> <span class='ocrx_word' id='word_1_90' title='bbox 768 889 818 931; x_wconf 89' lang='lat' dir='ltr'>alios</span> <span class='ocrx_word' id='word_1_91' title='bbox 831 904 867 945; x_wconf 85' lang='lat' dir='ltr'>po-</span> 
     </span>
    </p>

    <p class='ocr_par' dir='ltr' id='par_1_6' title="bbox 83 955 868 1289">
     <span class='ocr_line' id='line_1_11' title="bbox 83 955 866 1011; baseline -0.001 -13"><span class='ocrx_word' id='word_1_92' title='bbox 83 964 126 999; x_wconf 86' lang='lat' dir='ltr'>stea</span> <span class='ocrx_word' id='word_1_93' title='bbox 143 955 231 1011; x_wconf 89' lang='lat' dir='ltr'>paritura</span> <span class='ocrx_word' id='word_1_94' title='bbox 249 955 317 997; x_wconf 84' lang='lat' dir='ltr'>luerit.</span> <span class='ocrx_word' id='word_1_95' title='bbox 344 958 376 1007; x_wconf 17' lang='lat' dir='ltr'>,Ee</span> <span class='ocrx_word' id='word_1_96' title='bbox 390 970 428 996; x_wconf 86' lang='lat' dir='ltr'>nou</span> <span class='ocrx_word' id='word_1_97' title='bbox 445 957 573 1007; x_wconf 80' lang='lat' dir='ltr'>cognoscebat</span> <span class='ocrx_word' id='word_1_98' title='bbox 588 959 648 996; x_wconf 76' lang='lat' dir='ltr'>illum.</span> <span class='ocrx_word' id='word_1_99' title='bbox 681 955 722 1009; x_wconf 75' lang='lat' dir='ltr'>Qui</span> <span class='ocrx_word' id='word_1_100' title='bbox 738 958 790 997; x_wconf 88' lang='lat' dir='ltr'>euim</span> <span class='ocrx_word' id='word_1_101' title='bbox 805 970 866 997; x_wconf 89' lang='lat' dir='ltr'>nosse</span> 
     </span>
     <span class='ocr_line' id='line_1_12' title="bbox 83 1021 866 1080; baseline -0.001 -16"><span class='ocrx_word' id='word_1_102' title='bbox 83 1022 146 1080; x_wconf 88' lang='lat' dir='ltr'>potuit</span> <span class='ocrx_word' id='word_1_103' title='bbox 161 1029 237 1064; x_wconf 87' lang='lat' dir='ltr'>tantum</span> <span class='ocrx_word' id='word_1_104' title='bbox 255 1035 300 1064; x_wconf 90' lang='lat' dir='ltr'>esse</span> <span class='ocrx_word' id='word_1_105' title='bbox 317 1021 337 1063; x_wconf 90' lang='lat' dir='ltr'>ei</span> <span class='ocrx_word' id='word_1_106' title='bbox 352 1021 429 1063; x_wconf 90' lang='lat' dir='ltr'>mulieri</span> <span class='ocrx_word' id='word_1_107' title='bbox 446 1022 523 1078; x_wconf 89' lang='lat' dir='ltr'>gratiae</span> <span class='ocrx_word' id='word_1_108' title='bbox 538 1023 694 1065; x_wconf 79' lang='lat' dir='ltr'>conterendum?</span> <span class='ocrx_word' id='word_1_109' title='bbox 724 1021 781 1065; x_wconf 87' lang='lat' dir='ltr'>Unde</span> <span class='ocrx_word' id='word_1_110' title='bbox 796 1023 866 1075; x_wconf 89' lang='lat' dir='ltr'>sciret,</span> 
     </span>
     <span class='ocr_line' id='line_1_13' title="bbox 83 1089 868 1151; baseline -0.001 -14"><span class='ocrx_word' id='word_1_111' title='bbox 83 1093 177 1151; x_wconf 87' lang='lat' dir='ltr'>iuquam,</span> <span class='ocrx_word' id='word_1_112' title='bbox 194 1098 233 1136; x_wconf 90' lang='lat' dir='ltr'>tam</span> <span class='ocrx_word' id='word_1_113' title='bbox 246 1089 354 1137; x_wconf 76' lang='lat' dir='ltr'>excellenti</span> <span class='ocrx_word' id='word_1_114' title='bbox 366 1090 431 1150; x_wconf 85' lang='lat' dir='ltr'>gloria</span> <span class='ocrx_word' id='word_1_115' title='bbox 440 1090 538 1151; x_wconf 84' lang='lat' dir='ltr'>virginem</span> <span class='ocrx_word' id='word_1_116' title='bbox 551 1106 596 1137; x_wconf 90' lang='lat' dir='ltr'>esse</span> <span class='ocrx_word' id='word_1_117' title='bbox 608 1091 761 1137; x_wconf 79' lang='lat' dir='ltr'>celebrandam?</span> <span class='ocrx_word' id='word_1_118' title='bbox 790 1090 868 1151; x_wconf 81' lang='lat' dir='ltr'>Quippe</span> 
     </span>
     <span class='ocr_line' id='line_1_14' title="bbox 84 1163 866 1219; baseline -0.003 -12"><span class='ocrx_word' id='word_1_119' title='bbox 84 1164 187 1207; x_wconf 85' lang='lat' dir='ltr'>mulierem</span> <span class='ocrx_word' id='word_1_120' title='bbox 199 1164 250 1207; x_wconf 91' lang='lat' dir='ltr'>hanc</span> <span class='ocrx_word' id='word_1_121' title='bbox 263 1179 275 1206; x_wconf 91' lang='lat' dir='ltr'>a</span> <span class='ocrx_word' id='word_1_122' title='bbox 289 1170 361 1206; x_wconf 89' lang='lat' dir='ltr'>natura</span> <span class='ocrx_word' id='word_1_123' title='bbox 371 1163 474 1206; x_wconf 81' lang='lat' dir='ltr'>formatam</span> <span class='ocrx_word' id='word_1_124' title='bbox 486 1179 509 1206; x_wconf 86' lang='lat' dir='ltr'>ac</span> <span class='ocrx_word' id='word_1_125' title='bbox 528 1164 607 1206; x_wconf 84' lang='lat' dir='ltr'>feminei</span> <span class='ocrx_word' id='word_1_126' title='bbox 619 1179 682 1206; x_wconf 87' lang='lat' dir='ltr'>sexus</span> <span class='ocrx_word' id='word_1_127' title='bbox 697 1177 742 1206; x_wconf 87' lang='lat' dir='ltr'>esse</span> <span class='ocrx_word' id='word_1_128' title='bbox 762 1170 866 1219; x_wconf 85' lang='lat' dir='ltr'>cognorat,</span> 
     </span>
     <span class='ocr_line' id='line_1_15' title="bbox 84 1225 868 1289; baseline -0.001 -15"><span class='ocrx_word' id='word_1_129' title='bbox 84 1225 144 1289; x_wconf 84' lang='lat' dir='ltr'>atque</span> <span class='ocrx_word' id='word_1_130' title='bbox 155 1233 179 1275; x_wconf 89' lang='lat' dir='ltr'>ab</span> <span class='ocrx_word' id='word_1_131' title='bbox 192 1233 252 1274; x_wconf 90' lang='lat' dir='ltr'>Anna</span> <span class='ocrx_word' id='word_1_132' title='bbox 267 1240 330 1275; x_wconf 91' lang='lat' dir='ltr'>matre</span> <span class='ocrx_word' id='word_1_133' title='bbox 341 1240 361 1273; x_wconf 89' lang='lat' dir='ltr'>et</span> <span class='ocrx_word' id='word_1_134' title='bbox 371 1230 459 1274; x_wconf 89' lang='lat' dir='ltr'>Ioaeimo</span> <span class='ocrx_word' id='word_1_135' title='bbox 470 1240 526 1289; x_wconf 88' lang='lat' dir='ltr'>patre</span> <span class='ocrx_word' id='word_1_136' title='bbox 541 1233 642 1288; x_wconf 76' lang='lat' dir='ltr'>genitam,</span> <span class='ocrx_word' id='word_1_137' title='bbox 664 1231 782 1274; x_wconf 87' lang='lat' dir='ltr'>Elizabetae</span> <span class='ocrx_word' id='word_1_138' title='bbox 794 1246 868 1287; x_wconf 89' lang='lat' dir='ltr'>cogna-</span> 
     </span>
    </p>

    <p class='ocr_par' dir='ltr' id='par_1_7' title="bbox 84 1298 868 1423">
     <span class='ocr_line' id='line_1_16' title="bbox 84 1298 868 1352; baseline -0.004 -10"><span class='ocrx_word' id='word_1_139' title='bbox 84 1308 138 1351; x_wconf 85' lang='lat' dir='ltr'>tam,</span> <span class='ocrx_word' id='word_1_140' title='bbox 162 1301 246 1342; x_wconf 91' lang='lat' dir='ltr'>edomo</span> <span class='ocrx_word' id='word_1_141' title='bbox 261 1298 345 1341; x_wconf 77' lang='lat' dir='ltr'>Danielis</span> <span class='ocrx_word' id='word_1_142' title='bbox 360 1313 383 1341; x_wconf 84' lang='lat' dir='ltr'>uc</span> <span class='ocrx_word' id='word_1_143' title='bbox 402 1299 488 1351; x_wconf 82' lang='lat' dir='ltr'>familia,</span> <span class='ocrx_word' id='word_1_144' title='bbox 511 1300 548 1341; x_wconf 90' lang='lat' dir='ltr'>boe</span> <span class='ocrx_word' id='word_1_145' title='bbox 563 1313 612 1342; x_wconf 90' lang='lat' dir='ltr'>vero</span> <span class='ocrx_word' id='word_1_146' title='bbox 628 1301 715 1341; x_wconf 89' lang='lat' dir='ltr'>nondum</span> <span class='ocrx_word' id='word_1_147' title='bbox 730 1299 868 1352; x_wconf 78' lang='lat' dir='ltr'>intellexerat,</span> 
     </span>
     <span class='ocr_line' id='line_1_17' title="bbox 85 1366 868 1423; baseline -0.004 -14"><span class='ocrx_word' id='word_1_148' title='bbox 85 1374 160 1409; x_wconf 86' lang='lat' dir='ltr'>tantum</span> <span class='ocrx_word' id='word_1_149' title='bbox 178 1366 232 1408; x_wconf 91' lang='lat' dir='ltr'>illam</span> <span class='ocrx_word' id='word_1_150' title='bbox 249 1366 270 1407; x_wconf 92' lang='lat' dir='ltr'>in</span> <span class='ocrx_word' id='word_1_151' title='bbox 284 1367 344 1407; x_wconf 88' lang='lat' dir='ltr'>terris</span> <span class='ocrx_word' id='word_1_152' title='bbox 358 1367 419 1408; x_wconf 87' lang='lat' dir='ltr'>decus</span> <span class='ocrx_word' id='word_1_153' title='bbox 435 1380 459 1407; x_wconf 88' lang='lat' dir='ltr'>ao</span> <span class='ocrx_word' id='word_1_154' title='bbox 470 1366 609 1423; x_wconf 82' lang='lat' dir='ltr'>splendorem,</span> <span class='ocrx_word' id='word_1_155' title='bbox 631 1373 651 1408; x_wconf 93' lang='lat' dir='ltr'>et</span> <span class='ocrx_word' id='word_1_156' title='bbox 669 1367 747 1422; x_wconf 90' lang='lat' dir='ltr'>quidem</span> <span class='ocrx_word' id='word_1_157' title='bbox 765 1366 868 1419; x_wconf 79' lang='lat' dir='ltr'>donuinam,</span> 
     </span>
    </p>

    <p class='ocr_par' dir='ltr' id='par_1_8' title="bbox 85 1432 867 1493">
     <span class='ocr_line' id='line_1_18' title="bbox 85 1432 867 1493; baseline 0 -15"><span class='ocrx_word' id='word_1_158' title='bbox 85 1448 129 1479; x_wconf 93' lang='grc' dir='ltr'><strong>εεεε</strong></span> <span class='ocrx_word' id='word_1_159' title='bbox 146 1441 304 1478; x_wconf 89' lang='lat' dir='ltr'>consecuturam.</span> <span class='ocrx_word' id='word_1_160' title='bbox 335 1432 434 1492; x_wconf 80' lang='lat' dir='ltr'>Quocirca</span> <span class='ocrx_word' id='word_1_161' title='bbox 446 1449 484 1478; x_wconf 85' lang='lat' dir='ltr'>noa</span> <span class='ocrx_word' id='word_1_162' title='bbox 496 1438 586 1491; x_wconf 79' lang='lat' dir='ltr'>cognonit</span> <span class='ocrx_word' id='word_1_163' title='bbox 598 1436 662 1487; x_wconf 80' lang='lat' dir='ltr'>illum,</span> <span class='ocrx_word' id='word_1_164' title='bbox 679 1436 743 1479; x_wconf 90' lang='lat' dir='ltr'>donec</span> <span class='ocrx_word' id='word_1_165' title='bbox 756 1433 867 1493; x_wconf 86' lang='lat' dir='ltr'>prodigium</span> 
     </span>
    </p>

    <p class='ocr_par' dir='ltr' id='par_1_9' title="bbox 84 1505 870 1632">
     <span class='ocr_line' id='line_1_19' title="bbox 84 1505 868 1563; baseline -0.003 -14"><span class='ocrx_word' id='word_1_166' title='bbox 84 1506 131 1550; x_wconf 90' lang='lat' dir='ltr'>illud</span> <span class='ocrx_word' id='word_1_167' title='bbox 148 1506 297 1550; x_wconf 81' lang='lat' dir='ltr'>animadvertit.</span> <span class='ocrx_word' id='word_1_168' title='bbox 326 1505 375 1549; x_wconf 88' lang='lat' dir='ltr'>Non</span> <span class='ocrx_word' id='word_1_169' title='bbox 392 1507 487 1562; x_wconf 89' lang='lat' dir='ltr'>cognovit</span> <span class='ocrx_word' id='word_1_170' title='bbox 502 1507 555 1563; x_wconf 92' lang='lat' dir='ltr'>quod</span> <span class='ocrx_word' id='word_1_171' title='bbox 571 1508 592 1549; x_wconf 90' lang='lat' dir='ltr'>in</span> <span class='ocrx_word' id='word_1_172' title='bbox 608 1521 632 1550; x_wconf 89' lang='lat' dir='ltr'>ea</span> <span class='ocrx_word' id='word_1_173' title='bbox 643 1507 733 1549; x_wconf 88' lang='lat' dir='ltr'>mirabile</span> <span class='ocrx_word' id='word_1_174' title='bbox 749 1507 868 1562; x_wconf 83' lang='lat' dir='ltr'>contigerat,</span> 
     </span>
     <span class='ocr_line' id='line_1_20' title="bbox 85 1574 870 1632; baseline -0.001 -14"><span class='ocrx_word' id='word_1_175' title='bbox 85 1576 148 1618; x_wconf 87' lang='lat' dir='ltr'>donee</span> <span class='ocrx_word' id='word_1_176' title='bbox 159 1583 226 1618; x_wconf 88' lang='lat' dir='ltr'>natum</span> <span class='ocrx_word' id='word_1_177' title='bbox 237 1590 264 1617; x_wconf 89' lang='lat' dir='ltr'>ex</span> <span class='ocrx_word' id='word_1_178' title='bbox 277 1589 301 1617; x_wconf 86' lang='lat' dir='ltr'>ea</span> <span class='ocrx_word' id='word_1_179' title='bbox 313 1575 374 1617; x_wconf 90' lang='lat' dir='ltr'>lilium</span> <span class='ocrx_word' id='word_1_180' title='bbox 384 1575 441 1617; x_wconf 92' lang='lat' dir='ltr'>vidit.</span> <span class='ocrx_word' id='word_1_181' title='bbox 471 1574 605 1632; x_wconf 82' lang='lat' dir='ltr'>Posteaquam</span> <span class='ocrx_word' id='word_1_182' title='bbox 617 1590 666 1618; x_wconf 88' lang='lat' dir='ltr'>vere</span> <span class='ocrx_word' id='word_1_183' title='bbox 676 1576 765 1632; x_wconf 88' lang='lat' dir='ltr'>peperit,</span> <span class='ocrx_word' id='word_1_184' title='bbox 781 1575 870 1617; x_wconf 86' lang='lat' dir='ltr'>babitum</span> 
     </span>
    </p>

    <p class='ocr_par' dir='ltr' id='par_1_10' title="bbox 85 1642 964 1764">
     <span class='ocr_line' id='line_1_21' title="bbox 86 1642 889 1699; baseline 0 -14"><span class='ocrx_word' id='word_1_185' title='bbox 86 1644 112 1685; x_wconf 87' lang='lat' dir='ltr'>illi</span> <span class='ocrx_word' id='word_1_186' title='bbox 125 1643 220 1686; x_wconf 87' lang='lat' dir='ltr'>divinitus</span> <span class='ocrx_word' id='word_1_187' title='bbox 234 1644 330 1685; x_wconf 90' lang='lat' dir='ltr'>bonorem</span> <span class='ocrx_word' id='word_1_188' title='bbox 346 1642 441 1699; x_wconf 87' lang='lat' dir='ltr'>agnovit,</span> <span class='ocrx_word' id='word_1_189' title='bbox 464 1657 547 1699; x_wconf 89' lang='lat' dir='ltr'>eamque</span> <span class='ocrx_word' id='word_1_190' title='bbox 561 1644 629 1685; x_wconf 89' lang='lat' dir='ltr'>didicit</span> <span class='ocrx_word' id='word_1_191' title='bbox 639 1644 670 1685; x_wconf 90' lang='lat' dir='ltr'>his</span> <span class='ocrx_word' id='word_1_192' title='bbox 682 1644 750 1685; x_wconf 90' lang='lat' dir='ltr'>verbis</span> <span class='ocrx_word' id='word_1_193' title='bbox 761 1643 785 1685; x_wconf 85' lang='lat' dir='ltr'>ab</span> <span class='ocrx_word' id='word_1_194' title='bbox 797 1644 870 1698; x_wconf 87' lang='lat' dir='ltr'>angelo</span> <span class='ocrx_word' id='word_1_195' title='bbox 887 1644 889 1647; x_wconf 78' lang='grc'><strong>’</strong></span> 
     </span>
     <span class='ocr_line' id='line_1_22' title="bbox 85 1711 964 1764; baseline -0.006 -12"><span class='ocrx_word' id='word_1_196' title='bbox 85 1711 202 1752; x_wconf 88' lang='lat' dir='ltr'>salutatam:</span> <span class='ocrx_word' id='word_1_197' title='bbox 217 1715 261 1751; x_wconf 85' lang='lat' dir='ltr'>Aue</span> <span class='ocrx_word' id='word_1_198' title='bbox 272 1714 340 1764; x_wconf 79' lang='lat' dir='ltr'>graleu</span> <span class='ocrx_word' id='word_1_199' title='bbox 351 1712 422 1764; x_wconf 84' lang='lat' dir='ltr'>plenu,</span> <span class='ocrx_word' id='word_1_200' title='bbox 438 1714 525 1751; x_wconf 77' lang='lat' dir='ltr'>domimus</span> <span class='ocrx_word' id='word_1_201' title='bbox 537 1718 604 1751; x_wconf 86' lang='lat' dir='ltr'>tecum.</span> <span class='ocrx_word' id='word_1_202' title='bbox 881 1718 964 1755; x_wconf 64' lang='lat' dir='ltr'>noerae.</span> 
     </span>
    </p>

    <p class='ocr_par' dir='ltr' id='par_1_11' title="bbox 141 1777 942 1838">
     <span class='ocr_line' id='line_1_23' title="bbox 141 1777 942 1838; baseline 0.004 -17"><span class='ocrx_word' id='word_1_203' title='bbox 141 1777 199 1822; x_wconf 88' lang='lat' dir='ltr'>Haeo</span> <span class='ocrx_word' id='word_1_204' title='bbox 209 1786 251 1833; x_wconf 89' lang='lat' dir='ltr'>est,</span> <span class='ocrx_word' id='word_1_205' title='bbox 273 1777 534 1836; x_wconf 74' lang='lat' dir='ltr'>qaamadumbravitldva,</span> <span class='ocrx_word' id='word_1_206' title='bbox 557 1793 607 1837; x_wconf 91' lang='lat' dir='ltr'>quae</span> <span class='ocrx_word' id='word_1_207' title='bbox 622 1778 732 1823; x_wconf 89' lang='lat' dir='ltr'>viventium</span> <span class='ocrx_word' id='word_1_208' title='bbox 743 1787 869 1838; x_wconf 90' lang='lat' dir='ltr'>materqno-</span> <span class='ocrx_word' id='word_1_209' title='bbox 901 1789 942 1836; x_wconf 75' lang='lat' dir='ltr'>cap.</span> 
     </span>
    </p>

    <p class='ocr_par' dir='ltr' id='par_1_12' title="bbox 86 1837 973 2319">
     <span class='ocr_line' id='line_1_24' title="bbox 87 1837 973 1919; baseline 0 -27"><span class='ocrx_word' id='word_1_210' title='bbox 87 1849 132 1893; x_wconf 89' lang='lat' dir='ltr'>dam</span> <span class='ocrx_word' id='word_1_211' title='bbox 146 1849 263 1907; x_wconf 81' lang='lat' dir='ltr'>aenigmatis</span> <span class='ocrx_word' id='word_1_212' title='bbox 275 1850 379 1894; x_wconf 81' lang='lat' dir='ltr'>involucro</span> <span class='ocrx_word' id='word_1_213' title='bbox 391 1857 523 1906; x_wconf 83' lang='lat' dir='ltr'>nuncupatur.</span> <span class='ocrx_word' id='word_1_214' title='bbox 554 1848 656 1907; x_wconf 86' lang='lat' dir='ltr'>Siquidem</span> <span class='ocrx_word' id='word_1_215' title='bbox 668 1853 710 1892; x_wconf 88' lang='lat' dir='ltr'>Euo</span> <span class='ocrx_word' id='word_1_216' title='bbox 721 1859 759 1892; x_wconf 87' lang='lat' dir='ltr'>tam</span> <span class='ocrx_word' id='word_1_217' title='bbox 770 1855 871 1893; x_wconf 72' lang='lat' dir='ltr'>canentium</span> <span class='ocrx_word' id='word_1_218' title='bbox 881 1837 973 1919; x_wconf 42' lang='grc' dir='ltr'>(ἓξὲξ,</span> 
     </span>
     <span class='ocr_line' id='line_1_25' title="bbox 86 1915 871 1974; baseline 0 -14"><span class='ocrx_word' id='word_1_219' title='bbox 86 1928 117 1960; x_wconf 85' lang='lat' dir='ltr'>est</span> <span class='ocrx_word' id='word_1_220' title='bbox 125 1922 222 1974; x_wconf 80' lang='lat' dir='ltr'>appellato</span> <span class='ocrx_word' id='word_1_221' title='bbox 234 1928 306 1968; x_wconf 84' lang='lat' dir='ltr'>muter,</span> <span class='ocrx_word' id='word_1_222' title='bbox 324 1934 367 1962; x_wconf 87' lang='lat' dir='ltr'>eum</span> <span class='ocrx_word' id='word_1_223' title='bbox 379 1919 418 1962; x_wconf 91' lang='lat' dir='ltr'>iam</span> <span class='ocrx_word' id='word_1_224' title='bbox 430 1920 478 1961; x_wconf 89' lang='lat' dir='ltr'>illud</span> <span class='ocrx_word' id='word_1_225' title='bbox 488 1919 597 1972; x_wconf 88' lang='lat' dir='ltr'>audiisset,</span> <span class='ocrx_word' id='word_1_226' title='bbox 616 1923 676 1961; x_wconf 84' lang='lat' dir='ltr'>Terre</span> <span class='ocrx_word' id='word_1_227' title='bbox 687 1935 718 1969; x_wconf 81' lang='lat' dir='ltr'>es,</span> <span class='ocrx_word' id='word_1_228' title='bbox 741 1928 760 1960; x_wconf 88' lang='lat' dir='ltr'>et</span> <span class='ocrx_word' id='word_1_229' title='bbox 769 1924 788 1961; x_wconf 81' lang='lat' dir='ltr'>iu</span> <span class='ocrx_word' id='word_1_230' title='bbox 799 1915 871 1962; x_wconf 68' lang='lat' dir='ltr'>tetrum</span> 
     </span>
     <span class='ocr_line' id='line_1_26' title="bbox 86 1986 872 2044; baseline 0.004 -17"><span class='ocrx_word' id='word_1_231' title='bbox 86 1992 201 2037; x_wconf 82' lang='lat' dir='ltr'>reuerteris,</span> <span class='ocrx_word' id='word_1_232' title='bbox 224 1995 269 2044; x_wconf 85' lang='lat' dir='ltr'>post</span> <span class='ocrx_word' id='word_1_233' title='bbox 284 1988 390 2029; x_wconf 86' lang='lat' dir='ltr'>admissum</span> <span class='ocrx_word' id='word_1_234' title='bbox 405 1987 498 2028; x_wconf 83' lang='lat' dir='ltr'>videlicet</span> <span class='ocrx_word' id='word_1_235' title='bbox 508 1995 620 2042; x_wconf 84' lang='lat' dir='ltr'>peccatum.</span> <span class='ocrx_word' id='word_1_236' title='bbox 651 1986 710 2042; x_wconf 76' lang='lat' dir='ltr'>Quod</span> <span class='ocrx_word' id='word_1_237' title='bbox 721 1988 799 2043; x_wconf 88' lang='lat' dir='ltr'>quidem</span> <span class='ocrx_word' id='word_1_238' title='bbox 809 1989 872 2030; x_wconf 83' lang='lat' dir='ltr'>adnui-</span> 
     </span>
     <span class='ocr_line' id='line_1_27' title="bbox 87 2054 872 2110; baseline 0.001 -14"><span class='ocrx_word' id='word_1_239' title='bbox 87 2056 165 2096; x_wconf 89' lang='lat' dir='ltr'>ratione</span> <span class='ocrx_word' id='word_1_240' title='bbox 179 2055 258 2110; x_wconf 89' lang='lat' dir='ltr'>dignum</span> <span class='ocrx_word' id='word_1_241' title='bbox 276 2062 320 2106; x_wconf 90' lang='lat' dir='ltr'>est,</span> <span class='ocrx_word' id='word_1_242' title='bbox 343 2054 453 2110; x_wconf 85' lang='lat' dir='ltr'>postillam</span> <span class='ocrx_word' id='word_1_243' title='bbox 468 2054 600 2095; x_wconf 86' lang='lat' dir='ltr'>offensionem</span> <span class='ocrx_word' id='word_1_244' title='bbox 614 2062 654 2095; x_wconf 85' lang='lat' dir='ltr'>tam</span> <span class='ocrx_word' id='word_1_245' title='bbox 671 2056 796 2110; x_wconf 86' lang='lat' dir='ltr'>praeclarum</span> <span class='ocrx_word' id='word_1_246' title='bbox 808 2055 827 2097; x_wconf 92' lang='lat' dir='ltr'>ei</span> <span class='ocrx_word' id='word_1_247' title='bbox 838 2070 872 2097; x_wconf 91' lang='lat' dir='ltr'>co-</span> 
     </span>
     <span class='ocr_line' id='line_1_28' title="bbox 88 2120 872 2179; baseline 0.003 -14"><span class='ocrx_word' id='word_1_248' title='bbox 88 2137 174 2179; x_wconf 86' lang='lat' dir='ltr'>gnomen</span> <span class='ocrx_word' id='word_1_249' title='bbox 194 2123 318 2166; x_wconf 88' lang='lat' dir='ltr'>attributum.</span> <span class='ocrx_word' id='word_1_250' title='bbox 353 2123 385 2165; x_wconf 88' lang='grc' dir='ltr'>Αε</span> <span class='ocrx_word' id='word_1_251' title='bbox 397 2120 420 2165; x_wconf 65' lang='grc' dir='ltr'>ἐἰ</span> <span class='ocrx_word' id='word_1_252' title='bbox 436 2121 538 2165; x_wconf 84' lang='lat' dir='ltr'>exteriora</span> <span class='ocrx_word' id='word_1_253' title='bbox 554 2122 650 2165; x_wconf 81' lang='lat' dir='ltr'>duntaxat</span> <span class='ocrx_word' id='word_1_254' title='bbox 665 2129 686 2165; x_wconf 90' lang='lat' dir='ltr'>et</span> <span class='ocrx_word' id='word_1_255' title='bbox 702 2123 795 2166; x_wconf 87' lang='lat' dir='ltr'>sensibus</span> <span class='ocrx_word' id='word_1_256' title='bbox 812 2123 872 2167; x_wconf 85' lang='lat' dir='ltr'>obvia</span> 
     </span>
     <span class='ocr_line' id='line_1_29' title="bbox 88 2191 872 2250; baseline 0 -13"><span class='ocrx_word' id='word_1_257' title='bbox 88 2195 218 2247; x_wconf 87' lang='lat' dir='ltr'>consideres,</span> <span class='ocrx_word' id='word_1_258' title='bbox 242 2193 267 2238; x_wconf 89' lang='lat' dir='ltr'>ab</span> <span class='ocrx_word' id='word_1_259' title='bbox 279 2194 348 2237; x_wconf 87' lang='lat' dir='ltr'>ecdem</span> <span class='ocrx_word' id='word_1_260' title='bbox 364 2194 401 2237; x_wconf 91' lang='lat' dir='ltr'>bac</span> <span class='ocrx_word' id='word_1_261' title='bbox 414 2191 459 2236; x_wconf 83' lang='lat' dir='ltr'>Eva</span> <span class='ocrx_word' id='word_1_262' title='bbox 472 2193 533 2236; x_wconf 87' lang='lat' dir='ltr'>totius</span> <span class='ocrx_word' id='word_1_263' title='bbox 548 2201 578 2237; x_wconf 93' lang='lat' dir='ltr'>est</span> <span class='ocrx_word' id='word_1_264' title='bbox 589 2194 610 2236; x_wconf 93' lang='lat' dir='ltr'>in</span> <span class='ocrx_word' id='word_1_265' title='bbox 622 2193 681 2237; x_wconf 90' lang='lat' dir='ltr'>terris</span> <span class='ocrx_word' id='word_1_266' title='bbox 695 2194 776 2237; x_wconf 89' lang='lat' dir='ltr'>humani</span> <span class='ocrx_word' id='word_1_267' title='bbox 790 2195 872 2250; x_wconf 85' lang='lat' dir='ltr'>generis</span> 
     </span>
     <span class='ocr_line' id='line_1_30' title="bbox 88 2261 873 2319; baseline 0 -14"><span class='ocrx_word' id='word_1_268' title='bbox 88 2265 145 2319; x_wconf 85' lang='lat' dir='ltr'>origo</span> <span class='ocrx_word' id='word_1_269' title='bbox 156 2265 248 2306; x_wconf 88' lang='lat' dir='ltr'>deducta.</span> <span class='ocrx_word' id='word_1_270' title='bbox 278 2263 360 2306; x_wconf 87' lang='lat' dir='ltr'>Revera</span> <span class='ocrx_word' id='word_1_271' title='bbox 370 2270 437 2305; x_wconf 86' lang='lat' dir='ltr'>tamen</span> <span class='ocrx_word' id='word_1_272' title='bbox 449 2261 538 2306; x_wconf 87' lang='lat' dir='ltr'>aMaria</span> <span class='ocrx_word' id='word_1_273' title='bbox 548 2263 626 2318; x_wconf 88' lang='lat' dir='ltr'>virgine</span> <span class='ocrx_word' id='word_1_274' title='bbox 635 2264 676 2305; x_wconf 88' lang='lat' dir='ltr'>vita</span> <span class='ocrx_word' id='word_1_275' title='bbox 687 2264 730 2319; x_wconf 90' lang='lat' dir='ltr'>ipsa</span> <span class='ocrx_word' id='word_1_276' title='bbox 741 2263 804 2305; x_wconf 89' lang='lat' dir='ltr'>estin</span> <span class='ocrx_word' id='word_1_277' title='bbox 816 2278 873 2305; x_wconf 92' lang='lat' dir='ltr'>mun·</span> 
     </span>
    </p>

    <p class='ocr_par' dir='ltr' id='par_1_13' title="bbox 89 2329 975 2597">
     <span class='ocr_line' id='line_1_31' title="bbox 89 2329 871 2386; baseline 0 -14"><span class='ocrx_word' id='word_1_278' title='bbox 89 2332 134 2373; x_wconf 92' lang='lat' dir='ltr'>dum</span> <span class='ocrx_word' id='word_1_279' title='bbox 149 2332 273 2383; x_wconf 88' lang='lat' dir='ltr'>introducta,</span> <span class='ocrx_word' id='word_1_280' title='bbox 295 2338 316 2373; x_wconf 90' lang='grc' dir='ltr'>ιιι</span> <span class='ocrx_word' id='word_1_281' title='bbox 328 2331 429 2374; x_wconf 89' lang='lat' dir='ltr'>viventem</span> <span class='ocrx_word' id='word_1_282' title='bbox 445 2331 510 2386; x_wconf 91' lang='lat' dir='ltr'>pariat</span> <span class='ocrx_word' id='word_1_283' title='bbox 525 2337 545 2372; x_wconf 89' lang='lat' dir='ltr'>et</span> <span class='ocrx_word' id='word_1_284' title='bbox 556 2331 664 2374; x_wconf 83' lang='lat' dir='ltr'>viventium</span> <span class='ocrx_word' id='word_1_285' title='bbox 676 2329 744 2372; x_wconf 80' lang='lat' dir='ltr'>illaria</span> <span class='ocrx_word' id='word_1_286' title='bbox 760 2331 786 2373; x_wconf 91' lang='lat' dir='ltr'>sit</span> <span class='ocrx_word' id='word_1_287' title='bbox 798 2338 871 2372; x_wconf 88' lang='lat' dir='ltr'>mater.</span> 
     </span>
     <span class='ocr_line' id='line_1_32' title="bbox 89 2397 871 2454; baseline -0.001 -13"><span class='ocrx_word' id='word_1_288' title='bbox 89 2397 192 2454; x_wconf 73' lang='lat' dir='ltr'>Quocirca</span> <span class='ocrx_word' id='word_1_289' title='bbox 212 2402 316 2440; x_wconf 68' lang='lat' dir='ltr'>{domatum</span> <span class='ocrx_word' id='word_1_290' title='bbox 338 2406 399 2439; x_wconf 85' lang='lat' dir='ltr'>muter</span> <span class='ocrx_word' id='word_1_291' title='bbox 420 2397 535 2440; x_wconf 87' lang='lat' dir='ltr'>adumbrata</span> <span class='ocrx_word' id='word_1_292' title='bbox 553 2399 681 2440; x_wconf 85' lang='lat' dir='ltr'>similitudine</span> <span class='ocrx_word' id='word_1_293' title='bbox 700 2397 768 2440; x_wconf 88' lang='lat' dir='ltr'>Maria</span> <span class='ocrx_word' id='word_1_294' title='bbox 791 2399 871 2440; x_wconf 89' lang='lat' dir='ltr'>dicitur.</span> 
     </span>
     <span class='ocr_line' id='line_1_33' title="bbox 89 2464 975 2524; baseline -0.003 -14"><span class='ocrx_word' id='word_1_295' title='bbox 89 2464 141 2510; x_wconf 86' lang='lat' dir='ltr'>Nam</span> <span class='ocrx_word' id='word_1_296' title='bbox 153 2468 178 2510; x_wconf 92' lang='lat' dir='ltr'>de</span> <span class='ocrx_word' id='word_1_297' title='bbox 189 2467 264 2510; x_wconf 88' lang='lat' dir='ltr'>duabus</span> <span class='ocrx_word' id='word_1_298' title='bbox 283 2467 361 2510; x_wconf 88' lang='lat' dir='ltr'>leminis</span> <span class='ocrx_word' id='word_1_299' title='bbox 380 2467 452 2510; x_wconf 89' lang='lat' dir='ltr'>dictum</span> <span class='ocrx_word' id='word_1_300' title='bbox 465 2466 512 2510; x_wconf 92' lang='lat' dir='ltr'>illud</span> <span class='ocrx_word' id='word_1_301' title='bbox 525 2472 568 2521; x_wconf 85' lang='lat' dir='ltr'>est,</span> <span class='ocrx_word' id='word_1_302' title='bbox 590 2469 637 2520; x_wconf 72' lang='lat' dir='ltr'>Quem</span> <span class='ocrx_word' id='word_1_303' title='bbox 648 2469 702 2510; x_wconf 81' lang='lat' dir='ltr'>dedit</span> <span class='ocrx_word' id='word_1_304' title='bbox 711 2469 789 2510; x_wconf 80' lang='lat' dir='ltr'>mulieri</span> <span class='ocrx_word' id='word_1_305' title='bbox 797 2470 872 2524; x_wconf 72' lang='lat' dir='ltr'>supten—</span> <span class='ocrx_word' id='word_1_306' title='bbox 880 2475 913 2507; x_wconf 80' lang='lat' dir='ltr'>lou.</span> <span class='ocrx_word' id='word_1_307' title='bbox 921 2476 944 2516; x_wconf 81' lang='grc' dir='ltr'>ιε,</span> <span class='ocrx_word' id='word_1_308' title='bbox 952 2476 975 2508; x_wconf 88' lang='grc' dir='ltr'>ιι.</span> 
     </span>
     <span class='ocr_line' id='line_1_34' title="bbox 90 2535 874 2597; baseline 0.001 -16"><span class='ocrx_word' id='word_1_309' title='bbox 90 2541 147 2590; x_wconf 78' lang='lat' dir='ltr'>abac,</span> <span class='ocrx_word' id='word_1_310' title='bbox 169 2541 328 2593; x_wconf 76' lang='lat' dir='ltr'>uutouraeeguudt</span> <span class='ocrx_word' id='word_1_311' title='bbox 341 2541 456 2581; x_wconf 75' lang='lat' dir='ltr'>strennum?</span> <span class='ocrx_word' id='word_1_312' title='bbox 484 2535 565 2581; x_wconf 84' lang='lat' dir='ltr'>Etenim</span> <span class='ocrx_word' id='word_1_313' title='bbox 576 2536 620 2582; x_wconf 85' lang='lat' dir='ltr'>Eva</span> <span class='ocrx_word' id='word_1_314' title='bbox 630 2538 664 2582; x_wconf 90' lang='lat' dir='ltr'>illa</span> <span class='ocrx_word' id='word_1_315' title='bbox 673 2539 728 2597; x_wconf 90' lang='lat' dir='ltr'>prior</span> <span class='ocrx_word' id='word_1_316' title='bbox 738 2540 820 2596; x_wconf 88' lang='lat' dir='ltr'>sapiens</span> <span class='ocrx_word' id='word_1_317' title='bbox 831 2554 874 2583; x_wconf 89' lang='lat' dir='ltr'>mn-</span> 
     </span>
    </p>

    <p class='ocr_par' dir='ltr' id='par_1_14' title="bbox 90 2607 875 2731">
     <span class='ocr_line' id='line_1_35' title="bbox 90 2607 875 2664; baseline 0.003 -16"><span class='ocrx_word' id='word_1_318' title='bbox 90 2607 128 2650; x_wconf 93' lang='lat' dir='ltr'>lier</span> <span class='ocrx_word' id='word_1_319' title='bbox 138 2608 229 2661; x_wconf 83' lang='lat' dir='ltr'>Adamo‚</span> <span class='ocrx_word' id='word_1_320' title='bbox 246 2622 303 2664; x_wconf 89' lang='lat' dir='ltr'>quem</span> <span class='ocrx_word' id='word_1_321' title='bbox 313 2608 358 2664; x_wconf 85' lang='lat' dir='ltr'>ipsa</span> <span class='ocrx_word' id='word_1_322' title='bbox 370 2609 493 2659; x_wconf 83' lang='lat' dir='ltr'>nudaverat,</span> <span class='ocrx_word' id='word_1_323' title='bbox 509 2607 636 2664; x_wconf 86' lang='lat' dir='ltr'>aspectabilia</span> <span class='ocrx_word' id='word_1_324' title='bbox 648 2609 743 2664; x_wconf 85' lang='lat' dir='ltr'>quaedam</span> <span class='ocrx_word' id='word_1_325' title='bbox 754 2609 875 2650; x_wconf 84' lang='lat' dir='ltr'>vestimenta</span> 
     </span>
     <span class='ocr_line' id='line_1_36' title="bbox 92 2674 875 2731; baseline 0.001 -15"><span class='ocrx_word' id='word_1_326' title='bbox 92 2676 209 2728; x_wconf 88' lang='lat' dir='ltr'>contexuit,</span> <span class='ocrx_word' id='word_1_327' title='bbox 230 2676 302 2731; x_wconf 86' lang='lat' dir='ltr'>quippe</span> <span class='ocrx_word' id='word_1_328' title='bbox 314 2675 425 2718; x_wconf 88' lang='lat' dir='ltr'>huiusmodi</span> <span class='ocrx_word' id='word_1_329' title='bbox 442 2682 473 2717; x_wconf 90' lang='lat' dir='ltr'>est</span> <span class='ocrx_word' id='word_1_330' title='bbox 486 2674 554 2717; x_wconf 91' lang='lat' dir='ltr'>labore</span> <span class='ocrx_word' id='word_1_331' title='bbox 566 2675 666 2716; x_wconf 88' lang='lat' dir='ltr'>damnata.</span> <span class='ocrx_word' id='word_1_332' title='bbox 698 2674 756 2730; x_wconf 76' lang='lat' dir='ltr'>Quod</span> <span class='ocrx_word' id='word_1_333' title='bbox 772 2676 825 2717; x_wconf 89' lang='lat' dir='ltr'>euim</span> <span class='ocrx_word' id='word_1_334' title='bbox 838 2690 875 2717; x_wconf 93' lang='lat' dir='ltr'>nu-</span> 
     </span>
    </p>

    <p class='ocr_par' dir='ltr' id='par_1_15' title="bbox 92 2741 876 2800">
     <span class='ocr_line' id='line_1_37' title="bbox 92 2741 876 2800; baseline 0 -17"><span class='ocrx_word' id='word_1_335' title='bbox 92 2742 143 2785; x_wconf 87' lang='lat' dir='ltr'>ditas</span> <span class='ocrx_word' id='word_1_336' title='bbox 155 2743 208 2786; x_wconf 89' lang='lat' dir='ltr'>illius</span> <span class='ocrx_word' id='word_1_337' title='bbox 221 2756 282 2800; x_wconf 86' lang='lat' dir='ltr'>opera</span> <span class='ocrx_word' id='word_1_338' title='bbox 293 2744 368 2785; x_wconf 88' lang='lat' dir='ltr'>relerta</span> <span class='ocrx_word' id='word_1_339' title='bbox 381 2744 458 2795; x_wconf 85' lang='lat' dir='ltr'>luerat,</span> <span class='ocrx_word' id='word_1_340' title='bbox 474 2742 512 2784; x_wconf 88' lang='lat' dir='ltr'>boe</span> <span class='ocrx_word' id='word_1_341' title='bbox 525 2742 589 2784; x_wconf 91' lang='lat' dir='ltr'>eidem</span> <span class='ocrx_word' id='word_1_342' title='bbox 600 2742 667 2784; x_wconf 87' lang='lat' dir='ltr'>datum</span> <span class='ocrx_word' id='word_1_343' title='bbox 678 2741 779 2798; x_wconf 84' lang='lat' dir='ltr'>negotium</span> <span class='ocrx_word' id='word_1_344' title='bbox 790 2750 832 2795; x_wconf 83' lang='lat' dir='ltr'>est,</span> <span class='ocrx_word' id='word_1_345' title='bbox 853 2749 876 2786; x_wconf 90' lang='lat' dir='ltr'>ut</span> 
     </span>
    </p>

    <p class='ocr_par' dir='ltr' id='par_1_16' title="bbox 92 2810 876 2940">
     <span class='ocr_line' id='line_1_38' title="bbox 92 2810 874 2871; baseline 0.003 -18"><span class='ocrx_word' id='word_1_346' title='bbox 92 2811 115 2854; x_wconf 88' lang='lat' dir='ltr'>ad</span> <span class='ocrx_word' id='word_1_347' title='bbox 129 2819 234 2857; x_wconf 87' lang='lat' dir='ltr'>externam</span> <span class='ocrx_word' id='word_1_348' title='bbox 251 2810 360 2856; x_wconf 87' lang='lat' dir='ltr'>nuditatem</span> <span class='ocrx_word' id='word_1_349' title='bbox 373 2811 479 2869; x_wconf 87' lang='lat' dir='ltr'>tegendam</span> <span class='ocrx_word' id='word_1_350' title='bbox 495 2826 568 2871; x_wconf 90' lang='lat' dir='ltr'>eorpus</span> <span class='ocrx_word' id='word_1_351' title='bbox 583 2810 647 2866; x_wconf 88' lang='lat' dir='ltr'>istud,</span> <span class='ocrx_word' id='word_1_352' title='bbox 670 2812 722 2870; x_wconf 90' lang='lat' dir='ltr'>quod</span> <span class='ocrx_word' id='word_1_353' title='bbox 734 2811 826 2855; x_wconf 88' lang='lat' dir='ltr'>sensibus</span> <span class='ocrx_word' id='word_1_354' title='bbox 838 2826 874 2854; x_wconf 87' lang='lat' dir='ltr'>ex·</span> 
     </span>
     <span class='ocr_line' id='line_1_39' title="bbox 92 2881 876 2940; baseline -0.003 -15"><span class='ocrx_word' id='word_1_355' title='bbox 92 2883 177 2939; x_wconf 88' lang='lat' dir='ltr'>positum</span> <span class='ocrx_word' id='word_1_356' title='bbox 196 2890 239 2939; x_wconf 90' lang='grc' dir='ltr'><strong>εει,</strong></span> <span class='ocrx_word' id='word_1_357' title='bbox 260 2890 318 2927; x_wconf 86' lang='lat' dir='ltr'>veste</span> <span class='ocrx_word' id='word_1_358' title='bbox 334 2890 460 2940; x_wconf 84' lang='lat' dir='ltr'>contegeret.</span> <span class='ocrx_word' id='word_1_359' title='bbox 490 2881 520 2926; x_wconf 75' lang='lat' dir='ltr'>At</span> <span class='ocrx_word' id='word_1_360' title='bbox 534 2881 614 2926; x_wconf 86' lang='lat' dir='ltr'>Mariae</span> <span class='ocrx_word' id='word_1_361' title='bbox 631 2882 727 2927; x_wconf 85' lang='lat' dir='ltr'>divinitus</span> <span class='ocrx_word' id='word_1_362' title='bbox 743 2882 790 2925; x_wconf 94' lang='lat' dir='ltr'>illud</span> <span class='ocrx_word' id='word_1_363' title='bbox 805 2881 876 2937; x_wconf 86' lang='lat' dir='ltr'>obtigit</span> 
     </span>
    </p>

    <p class='ocr_par' dir='ltr' id='par_1_17' title="bbox 92 2950 875 3075">
     <span class='ocr_line' id='line_1_40' title="bbox 92 2950 873 3008; baseline -0.004 -15"><span class='ocrx_word' id='word_1_364' title='bbox 92 2959 115 2993; x_wconf 90' lang='grc' dir='ltr'>ιιι</span> <span class='ocrx_word' id='word_1_365' title='bbox 127 2967 199 3008; x_wconf 87' lang='lat' dir='ltr'>agnum</span> <span class='ocrx_word' id='word_1_366' title='bbox 211 2952 269 2994; x_wconf 90' lang='lat' dir='ltr'>nobis</span> <span class='ocrx_word' id='word_1_367' title='bbox 281 2959 340 3008; x_wconf 86' lang='lat' dir='ltr'>alque</span> <span class='ocrx_word' id='word_1_368' title='bbox 355 2965 413 2994; x_wconf 87' lang='lat' dir='ltr'>ovem</span> <span class='ocrx_word' id='word_1_369' title='bbox 429 2958 522 3007; x_wconf 86' lang='lat' dir='ltr'>pareret,</span> <span class='ocrx_word' id='word_1_370' title='bbox 544 2953 600 2993; x_wconf 89' lang='lat' dir='ltr'>cuius</span> <span class='ocrx_word' id='word_1_371' title='bbox 610 2966 639 2993; x_wconf 85' lang='lat' dir='ltr'>ex</span> <span class='ocrx_word' id='word_1_372' title='bbox 649 2952 755 3007; x_wconf 85' lang='lat' dir='ltr'>splendore</span> <span class='ocrx_word' id='word_1_373' title='bbox 767 2966 790 2992; x_wconf 85' lang='lat' dir='ltr'>ac</span> <span class='ocrx_word' id='word_1_374' title='bbox 801 2950 873 3005; x_wconf 86' lang='lat' dir='ltr'>gloria,</span> 
     </span>
     <span class='ocr_line' id='line_1_41' title="bbox 93 3017 875 3075; baseline -0.003 -15"><span class='ocrx_word' id='word_1_375' title='bbox 93 3024 186 3074; x_wconf 86' lang='lat' dir='ltr'>tanquam</span> <span class='ocrx_word' id='word_1_376' title='bbox 198 3035 209 3063; x_wconf 92' lang='grc' dir='ltr'>ε</span> <span class='ocrx_word' id='word_1_377' title='bbox 221 3020 311 3072; x_wconf 87' lang='lat' dir='ltr'>vellere,</span> <span class='ocrx_word' id='word_1_378' title='bbox 333 3033 369 3075; x_wconf 89' lang='lat' dir='ltr'>per</span> <span class='ocrx_word' id='word_1_379' title='bbox 384 3019 472 3061; x_wconf 85' lang='lat' dir='ltr'>eiusdem</span> <span class='ocrx_word' id='word_1_380' title='bbox 489 3018 582 3062; x_wconf 89' lang='lat' dir='ltr'>virtutem</span> <span class='ocrx_word' id='word_1_381' title='bbox 598 3018 751 3061; x_wconf 88' lang='lat' dir='ltr'>immortalitatis</span> <span class='ocrx_word' id='word_1_382' title='bbox 766 3017 824 3059; x_wconf 92' lang='lat' dir='ltr'>nobis</span> <span class='ocrx_word' id='word_1_383' title='bbox 839 3031 875 3058; x_wconf 88' lang='lat' dir='ltr'>ve-</span> 
     </span>
    </p>
   </div>
   <div class='ocr_carea' id='block_1_5' title="bbox 115 3106 736 3213">
    <p class='ocr_par' dir='ltr' id='par_1_18' title="bbox 115 3106 736 3213">
     <span class='ocr_line' id='line_1_42' title="bbox 115 3106 412 3155; baseline 0.003 -14"><span class='ocrx_word' id='word_1_384' title='bbox 115 3106 133 3141; x_wconf 74' lang='grc'>4.</span> <span class='ocrx_word' id='word_1_385' title='bbox 146 3108 166 3145; x_wconf 81' lang='grc' dir='ltr'>τὸ</span> <span class='ocrx_word' id='word_1_386' title='bbox 178 3107 286 3155; x_wconf 78' lang='grc' dir='ltr'><strong>α’μφιειιύειν</strong></span> <span class='ocrx_word' id='word_1_387' title='bbox 297 3111 333 3143; x_wconf 82' lang='lat' dir='ltr'>cod.</span> <span class='ocrx_word' id='word_1_388' title='bbox 345 3110 412 3151; x_wconf 71' lang='lat' dir='ltr'>uberte.</span> 
     </span>
     <span class='ocr_line' id='line_1_43' title="bbox 129 3163 736 3213; baseline 0.005 -20"><span class='ocrx_word' id='word_1_389' title='bbox 129 3163 189 3204; x_wconf 73' lang='lat' dir='ltr'>Corpus</span> <span class='ocrx_word' id='word_1_390' title='bbox 198 3165 291 3197; x_wconf 79' lang='lat' dir='ltr'>Haereeeol.</span> <span class='ocrx_word' id='word_1_391' title='bbox 299 3164 319 3196; x_wconf 88' lang='grc' dir='ltr'>Π.</span> <span class='ocrx_word' id='word_1_392' title='bbox 329 3166 342 3196; x_wconf 80' lang='grc'>3.</span> <span class='ocrx_word' id='word_1_393' title='bbox 709 3171 736 3213; x_wconf 74' lang='lat'>28</span> 
     </span>
    </p>
   </div>
   <div class='ocr_carea' id='block_1_6' title="bbox 0 0 1013 3392">
    <p class='ocr_par' dir='ltr' id='par_1_19' title="bbox 0 0 1013 3392">
     <span class='ocr_line' id='line_1_44' title="bbox 0 0 1013 3392; baseline 0 0"><span class='ocrx_word' id='word_1_394' title='bbox 0 0 1013 3392; x_wconf 95' lang='lat' dir='ltr'> </span> 
     </span>
    </p>
   </div>
  </div>
 </body>
</html>
