1988 3392
264 248 357 282 rnuann
368 248 412 281 nra.
422 249 452 282 nr.
463 248 518 283 rom.
529 249 542 281 r.
550 247 622 281 nana.
630 246 711 279 nxxvr.
838 236 881 277 297

96 329 202 389 pellatione
212 329 315 371 contusus.
339 326 393 370 Nam
402 327 494 370 divinitas
506 342 570 384 neque
582 326 650 370 efferri
660 340 706 368 sese
718 325 811 382 postulat,
824 324 880 381 quasi

96 412 136 442 nou
149 397 187 448 sit,
209 410 274 453 neque
290 397 430 439 sublimitatem
448 396 543 452 requirit,
566 396 614 438 lieet
631 395 656 437 ab
672 393 749 450 ignaris
764 394 881 449 quibusdam

96 464 229 525 praedicando
244 480 284 507 raon
296 465 409 517 attollatur,
433 478 497 520 neque
511 465 568 507 ullius
580 464 665 506 bominis
678 462 839 520 pronuntiatione
852 462 881 503 di·
901 512 904 516 ⁸

96 534 185 578 vinitatis
200 533 311 576 substantia
327 540 413 575 constat.
443 531 491 575 Non
505 533 557 574 enim
569 533 669 574 bominum
684 539 823 573 ceterorumve
836 544 881 586 pro·

96 604 144 646 latio
159 593 240 658 gloriari
251 600 324 658 poterit
335 602 417 654 deese,
440 601 494 643 velut
507 601 615 657 indigenti,
635 601 719 657 gloriam
733 600 834 655 decusque
846 599 882 640 tri-

96 671 176 724 baisse,
198 677 233 712 aut
251 671 314 713 eidem
335 670 465 728 omnipotenti
478 671 618 727 adorandoque
632 671 669 712 deo
682 667 795 712 ornamenti
808 667 881 723 aliquid

97 739 201 792 attulisse3
225 753 283 795 quem
300 740 378 795 quidem
397 740 455 780 deum
474 747 494 780 et
510 746 621 782 creatorem
642 739 805 793 conditoremque
825 751 882 778 suum

97 807 195 864 agnoscit.
225 806 273 849 Non
283 807 344 859 enim,
361 807 444 864 opinor,
461 814 499 848 tam
511 807 610 862 exquisito
622 820 644 848 se
656 807 762 863 splendore
773 806 882 863 praeditam

98 876 212 928 existimat,
228 883 250 917 ut
263 877 323 918 etiam
337 877 460 918 conditorem
473 890 642 923 suumexornare
654 874 725 932 possit.
755 875 837 930 Alioqui
850 889 883 915 se-

97 944 200 1001 metipsam
218 945 338 986 adorandam
354 958 400 986 esse
411 945 514 996 crederet,
537 959 576 985 non
590 959 634 985 eom
647 957 705 999 quem
717 944 787 985 adorat
798 957 883 985 venera-

97 1021 161 1055 retur.
192 1010 260 1067 Quare
271 1014 345 1054 lrustra
356 1014 453 1054 adversus
464 1027 533 1054 omnes
545 1020 585 1064 tua,
602 1012 680 1064 coleti,
697 1013 798 1053 contendit
809 1010 891 1052 oratio(

156 1081 210 1122 Aelii
221 1078 286 1136 Caput
298 1079 391 1124 XXVll.
424 1078 445 1123 Si
464 1095 507 1122 eum
523 1095 548 1122 eo
563 1081 616 1123 omni
630 1081 681 1137 quod
697 1080 785 1137 genitum
800 1087 831 1121 est
847 1079 884 1121 im-

98 1150 170 1208 plicata
186 1157 206 1192 et
223 1150 328 1193 coniuncta
344 1165 426 1193 caussae
436 1150 491 1193 notio
503 1158 545 1202 est,
568 1151 658 1206 ingenita
669 1165 718 1193 vero
730 1158 800 1193 natura
813 1165 884 1192 caussa

98 1226 166 1271 caret,
182 1234 226 1261 eum
238 1220 348 1276 ingenitum
359 1219 454 1273 dicimus,
470 1235 509 1262 non
521 1234 612 1263 caussam
628 1220 727 1276 aliquam,
744 1220 778 1261 sed
792 1220 884 1261 substan-

98 1289 145 1331 tiam
161 1289 299 1345 exprimimus.

157 1354 239 1400 Conlut.
258 1356 351 1401 XXVII.
390 1355 449 1413 Quod
472 1372 515 1399 cum
537 1357 590 1399 omni
610 1357 678 1413 genito
698 1357 817 1415 implicatam
837 1371 883 1400 esse

98 1440 182 1469 caussae
194 1427 295 1469 notionem
307 1427 394 1479 asseris,
416 1426 542 1469 verissimum
557 1427 635 1483 quidem
651 1434 693 1479 est,
716 1428 804 1469 sednon
821 1428 882 1480 istud,

99 1495 154 1552 quasi
165 1508 177 1537 a
188 1502 207 1537 te
219 1495 358 1549 didicerimus,
380 1494 505 1552 prolitemur.
535 1494 580 1537 lloc
594 1496 645 1537 enim
659 1510 707 1537 vera
719 1496 762 1553 ipsa
775 1497 825 1538 tttes
835 1496 884 1537 iam-

99 1565 171 1605 dudum
188 1572 329 1620 praesenserat
344 1571 364 1605 et
382 1566 472 1620 professa
491 1564 556 1605 luerat
566 1578 590 1605 ac
601 1565 707 1616 docuerat,
730 1565 787 1606 deum
799 1579 884 1606 caussae

98 1646 144 1675 esse
161 1632 226 1674 omnis
243 1639 358 1690 expertem,
380 1645 417 1673 aee
437 1632 475 1674 ulla
492 1646 515 1673 re
531 1632 664 1689 permixtum,
687 1647 724 1674 nec
740 1633 765 1674 ad
780 1633 838 1674 ullius
854 1632 884 1674 rei

58 1724 60 1727 ⁴
98 1701 236 1757 aequalitatem
249 1715 307 1758 posse
318 1701 401 1742 demitti.
423 1699 475 1742 Nam
485 1709 591 1757 propterea
602 1702 650 1743 nibil
661 1702 782 1743 adorandum
793 1710 884 1758 putamus

99 1770 150 1826 quod
167 1769 233 1812 divina
247 1770 291 1827 ipsa
303 1777 375 1811 natura
387 1770 414 1811 sil
428 1769 519 1811 inferius.
551 1767 630 1827 Quippe
646 1785 690 1812 cum
707 1771 725 1812 ei
741 1771 778 1812 soli
791 1771 823 1826 qni
837 1771 885 1812 nulli

99 1838 201 1880 subiectus
217 1845 249 1880 est
265 1839 291 1880 sit
307 1838 340 1880 ille
354 1838 418 1880 cultus
431 1838 565 1890 adhibendus,
586 1839 638 1895 patri
653 1840 745 1882 videlicet
759 1839 849 1896 ingenito
865 1847 886 1881 et
955 1847 957 1850 '

99 1906 154 1960 lilio,
170 1907 203 1963 qui
215 1907 293 1963 abipso
305 1907 385 1963 genitus
398 1915 439 1959 est,
462 1914 482 1948 et
492 1907 569 1963 spiritui
582 1915 663 1960 saneto,
685 1909 718 1964 qui
729 1908 753 1950 ab
767 1909 836 1950 eodem
850 1923 886 1965 per

100 1976 223 2032 unigenitum
235 1977 342 2033 productus
352 1983 390 2017 est.
421 1975 587 2031 Quandoquidem
598 1977 646 2018 nibil
656 1976 677 2018 in
688 1976 776 2018 trinitate
786 1984 882 2029 creatum,

99 2115 140 2157 bilo
152 2114 282 2171 productum,
298 2113 353 2155 velut
364 2119 431 2154 cetera
443 2126 493 2168 quac
507 2127 597 2155 caussam
609 2113 694 2169 aliquam
706 2115 777 2156 sortita
791 2129 885 2156 caussae-

99 2198 137 2240 que
153 2183 242 2225 subieeta
257 2189 311 2224 sunt.
343 2180 444 2236 Quocirca
458 2196 501 2223 cum
512 2182 609 2224 eiusmodi
620 2196 710 2224 caussam
717 2183 794 2232 ,nullam
806 2183 885 2225 trinitas

99 2252 182 2304 babeat,
204 2250 331 2307 semetipsam
343 2251 405 2292 solam
416 2251 459 2293 sine
473 2251 513 2292 ullo
523 2264 592 2292 errore
604 2252 723 2293 adorandam
736 2251 814 2304 docuit3
836 2267 885 2308 qno-

100 2321 151 2364 niam
167 2320 210 2363 sola
227 2333 310 2362 caussae
327 2319 391 2362 omnis
407 2327 438 2361 est
455 2333 541 2375 expers,
564 2319 643 2376 reliqua
656 2334 705 2362 vero
721 2321 787 2362 onmia
803 2328 886 2363 acerta

99 2403 171 2433 caussa
188 2388 349 2446 proficiscuntur.
381 2387 437 2430 llaec
450 2389 505 2439 euim
521 2390 573 2431 laeta
588 2396 733 2445 procreataque
750 2397 807 2442 saint,
829 2397 886 2447 pater

99 2460 214 2509 increatus,
236 2457 297 2499 lilium
315 2458 390 2500 babens
404 2471 448 2500 ase
461 2458 561 2513 genitum,
582 2472 622 2499 non
638 2465 738 2510 creatum,
761 2466 781 2500 et
795 2467 884 2501 sanctum

99 2528 189 2586 spiritum
200 2540 242 2568 ase
251 2528 400 2583 procedentem,
413 2542 452 2568 non
465 2528 544 2569 laetum.
576 2524 634 2581 Quae
643 2541 686 2568 eum
696 2528 723 2568 ita
734 2541 779 2569 sese
790 2528 884 2581 habeant,

100 2611 164 2654 neque
175 2596 255 2638 allectio
267 2596 306 2637 ulla
320 2596 340 2637 in
353 2596 475 2638 adorandum
489 2596 550 2637 lilium
563 2595 596 2638 vel
609 2595 699 2651 spiritum
712 2603 802 2638 sanetum
812 2599 885 2639 redun-

100 2668 250 2718 detacaussa,
273 2664 350 2707 etiamsi
363 2665 474 2721 genitorem
490 2663 627 2706 liliusbabeat
643 2672 731 2721 patrem,
753 2680 886 2722 nequecrea-

100 2744 132 2779 tae
143 2742 224 2778 ceterae
236 2748 269 2776 res
279 2733 390 2775 allectionis
402 2741 497 2790 expertes
510 2741 569 2791 sunt,
586 2747 635 2786 quae
646 2747 673 2775 ex
685 2749 768 2776 caussae
779 2736 885 2778 sortitione

101 2805 173 2856 oritur,
190 2818 234 2846 cum
246 2804 286 2845 sint
296 2817 307 2844 a
319 2810 386 2859 patre,
403 2802 444 2844 lilio
455 2810 475 2845 et
487 2802 558 2860 spiritu
567 2809 638 2844 sancto
649 2811 773 2859 procreatae.
803 2804 832 2846 At
841 2805 885 2847 uni-

99 2874 179 2930 genitus
191 2872 239 2915 nibil
251 2887 278 2915 ex
290 2871 496 2914 istiusrnodicaussae
507 2871 635 2914 attributione
649 2872 735 2928 patitur,
752 2887 816 2929 neque
828 2874 886 2929 spiri-

100 2950 132 2984 tus
144 2950 239 2995 sanctus,
255 2941 417 2997 quemadmodum
431 2955 495 2995 neque
508 2949 565 2997 pater
575 2940 630 2997 ipse,
651 2950 756 2997 propterea
770 2944 821 2997 quod
833 2943 886 2985 lilius

101 3011 168 3068 genita
180 3011 259 3053 soboles
271 3019 314 3063 est,
336 3025 376 3051 non
385 3017 485 3051 ereatura.
517 3007 584 3064 Quare
601 3009 673 3051 nullam
686 3024 712 3051 ex
727 3024 751 3051 eo
765 3012 817 3068 quod
830 3012 886 3068 geni-

101 3114 175 3139 eaussam
183 3102 265 3149 passionis
273 3102 354 3139 sortietur
363 3101 415 3146 filins)
424 3105 439 3135 el
447 3103 530 3137 Petuntur.
553 3103 597 3135 labri
608 3103 657 3144 vulpe
669 3087 720 3138 uitio.
