1988 3392
249 215 341 250 ruuuau
353 215 432 250 mour.
445 215 501 250 rom.
508 216 521 249 1.
532 213 601 248 naun.
610 212 676 247 dxxi.
798 253 804 262 ἢ
830 205 858 247 39

72 294 130 355 quam
147 296 197 352 pulsi
215 296 316 352 fugatique
332 293 442 338 Christiani
457 308 526 337 omnes
542 294 659 346 videantur,
683 292 772 335 nonnulli
791 300 857 335 lamen

71 365 134 409 adhue
150 372 265 422 supersunt.
296 362 369 421 Neque
385 363 438 406 euim
455 365 500 407 lidei
516 364 562 406 lons
578 376 672 405 arescere
687 362 766 419 penitus
781 369 855 419 potest.

72 433 172 490 Quoeirea
187 434 242 476 multi
261 447 288 476 ex
298 433 397 476 Andiauis
408 431 502 486 Gerenia,
524 448 548 475 ae
561 430 670 490 provinciis
684 430 758 473 uostris
770 431 856 486 egressi,

71 510 91 546 et
104 502 128 544 ad
137 500 245 559 Euphratis
255 502 349 558 regiones
359 502 403 545 illas
417 502 512 558 proiecti,
535 508 626 561 quartum
638 500 676 543 iam
687 515 760 543 aunum
771 501 811 542 illie
823 500 857 542 hu·

70 571 140 615 hitant.
171 571 203 613 Ad
215 571 265 613 haee
276 585 287 614 e
300 570 370 613 Tauro
383 578 449 613 moute
465 585 487 612 ao
498 569 614 613 Palaestina
624 576 645 611 et
655 569 731 612 Arabia
741 571 857 611 eorumdem

71 640 207 683 Audiauurum
220 640 341 682 monasteria
355 640 432 682 sublata
446 647 500 682 suut.
532 637 584 682 Olim
598 639 669 696 quippe
681 652 803 696 magnopere
819 638 857 680 dil-

71 708 109 751 lusi
125 709 268 766 propagatione
285 709 371 751 fueraut.
402 707 468 750 Hodie
482 722 532 751 vero
548 716 587 750 tarr}
600 709 701 750 hominum
717 721 774 763 quam
787 721 857 749 mona-

70 777 175 820 steriorum
192 777 312 833 paucissimo
328 791 412 819 numero
431 783 489 829 suut;
515 777 565 818 adeo
583 784 605 819 ut
623 777 699 818 duobus
715 777 813 818 duntaxat
835 777 857 817 iu

70 845 126 903 pagis
140 845 260 887 domieilium
270 845 359 887 'habeant
375 844 395 886 in
406 859 430 886 ea
445 858 503 900 quam
516 844 558 887 dixi
575 845 688 900 provincia,
709 845 747 887 hoe
759 853 789 887 est
799 852 858 887 exte-

69 914 117 956 riori
129 911 231 956 Chaloidis
246 913 316 965 limite,
340 914 390 955 ultra
406 911 527 955 Damascum
543 920 564 954 et
579 911 761 968 Mesopotamiam
781 912 815 955 uhi
831 912 857 954 ad

70 982 107 1024 hoe
123 989 199 1039 tempus
216 982 326 1039 perexigua
341 981 419 1024 illorum
435 981 539 1023 multitudo
555 981 617 1036 degit.

127 1048 168 1092 Sed
184 1051 209 1092 de
226 1051 256 1092 his
273 1051 378 1092 haetenus.
409 1048 470 1092 Nune
485 1051 510 1092 ad
526 1049 576 1092 alias
589 1056 727 1102 transeamus3
751 1064 776 1091 ne
787 1050 833 1105 quid
843 1064 857 1092 a

69 1118 126 1162 nohis
142 1119 312 1176 praetermitlalur
328 1119 378 1175 quod
394 1118 514 1161 divisionem
529 1118 615 1174 aliquam
631 1133 655 1161 ae
673 1119 729 1161 velut
745 1118 856 1161 seeliouem

69 1187 178 1240 eeclesiae,
198 1187 242 1231 sive
262 1187 364 1231 dissidium
385 1202 408 1229 ae
429 1186 538 1230 divortium
556 1187 652 1230 attulerit.
684 1186 855 1243 Quamviseuim‚

69 1257 119 1313 quod
135 1256 159 1298 ad
174 1256 231 1298 tidem
246 1263 334 1312 speetu,
355 1271 378 1299 ao
389 1270 445 1299 more
456 1256 500 1313 ipso
517 1256 595 1312 rituque
609 1271 650 1299 uon
662 1257 767 1298 admodum
780 1257 856 1298 disere-

69 1332 127 1382 pent‚
149 1324 198 1366 nihil
213 1339 250 1366 uos
267 1331 345 1378 tamen,
367 1325 418 1380 quod
433 1339 511 1381 qnoque
528 1325 587 1367 modo
604 1325 629 1366 ah
645 1325 731 1368 eeclesia
747 1324 854 1377 divulsum,

68 1400 127 1449 atque
143 1393 196 1435 iuter
212 1393 310 1436 factiones
326 1393 437 1436 contrarias
451 1393 573 1436 recensitum
590 1393 661 1447 luerit,
683 1408 719 1450 pro
731 1393 783 1437 virili
799 1400 856 1450 parte

68 1459 257 1519 praetermiltemus.
432 1467 434 1469 ’

184 1622 369 1674 CONTRA
400 1622 740 1685 Pfluulttluuus

214 1711 216 1715 ’
234 1719 290 1766 quae
309 1708 344 1753 est
361 1703 462 1753 haeresis
479 1703 529 1764 LL,
546 1703 584 1754 vel
601 1703 689 1752 LXXI.

123 1802 164 1846 Per
173 1804 225 1846 idem
237 1812 315 1862 tempus
326 1803 432 1856 Photinus,
449 1818 509 1860 aquo
519 1802 633 1847 Photiuiani
647 1804 771 1862 prodierunt,
788 1819 854 1847 erner-
876 1819 917 1864 Gap.
924 1820 939 1854 1,

66 1886 101 1915 sus
113 1872 223 1915 catholicae
233 1872 330 1915 eeclesiae
340 1874 439 1929 quondam
449 1873 562 1929 episeopus,
572 1873 605 1928 qui
615 1874 666 1915 haud
677 1874 772 1915 medioeri
785 1875 852 1916 lurore

66 1941 154 1997 percitus
170 1941 285 1997 superiores
300 1955 370 1983 omues
382 1942 461 1983 insania
474 1943 588 1997 superavit,
610 1944 719 1998 eademque
733 1957 777 1984 euru
790 1941 853 1984 Paulo

66 2007 209 2060 Samosateuo,
225 2009 265 2050 imo
275 2010 375 2052 atroeiora
385 2010 489 2066 quaedam,
506 2010 530 2051 de
541 2009 573 2051 dei
585 2010 624 2052 lilio
636 2017 702 2052 urente
715 2011 815 2067 uorreeph,
832 2011 853 2053 iu

66 2091 124 2133 quem
135 2077 204 2134 plenos
214 2077 347 2120 eorrtnmeliue
358 2091 474 2129 sermones,
495 2091 532 2119 neo
544 2078 582 2119 ulla
594 2078 694 2120 soliditate
707 2080 795 2121 lirenates
805 2093 853 2121 evo-

66 2145 123 2187 muit.
155 2143 193 2186 Hie
210 2145 304 2201 prodieus
316 2144 390 2189 Sirmio
403 2144 523 2188 Constantio
536 2145 646 2201 imperante
661 2146 733 2188 infelix
749 2147 852 2189 doetrinae

66 2228 115 2255 suae
127 2213 194 2255 lolium
207 2213 227 2255 iu
241 2214 289 2255 orhe
302 2214 452 2267 disseminavit,
473 2222 493 2256 et
509 2214 533 2255 ad
548 2214 597 2256 haee
606 2217 668 2269 nsque
680 2222 769 2271 tempora
781 2230 851 2272 snper·

67 2281 111 2333 luit,
127 2295 172 2323 eum
183 2281 203 2322 iu
214 2281 331 2325 Sardiueusi
339 2283 449 2325 oeoideutis
458 2283 537 2339 synodo
547 2283 573 2324 oh
584 2284 709 2325 execrandas
719 2284 852 2341 blasphemias

67 2350 168 2406 depositus
184 2358 246 2393 esset.

124 2485 163 2528 llio
175 2484 277 2529 Christum
287 2502 298 2529 a
309 2487 406 2544 principio
419 2494 478 2542 negat
491 2487 596 2539 extitisse,
612 2487 647 2529 sed
659 2488 698 2529 iam
710 2496 750 2529 tum
762 2501 774 2530 a
784 2486 853 2531 Maria

66 2554 144 2608 virgine
161 2554 239 2597 initium
259 2556 374 2612 accepisse,
395 2569 419 2597 ao
431 2563 531 2597 recentem
543 2569 599 2608 esse3
621 2570 649 2597 ex
661 2570 700 2611 quo
711 2556 805 2612 spiritns,
821 2558 852 2598 iu·

66 2623 119 2676 quit,
140 2629 221 2665 sanetus
237 2623 257 2664 iu
275 2623 328 2665 illum
346 2623 461 2674 deseendit,
483 2631 525 2664 ete
540 2623 611 2678 spiritu
628 2631 697 2665 saneto
714 2626 794 2679 genitus
811 2633 850 2667 est.

67 2687 132 2744 Quem
142 2691 219 2745 quidem
229 2691 320 2746 spiritum
330 2699 421 2733 sanetum
432 2689 509 2733 Christi
520 2705 566 2733 esse
579 2698 641 2746 putat,
655 2692 722 2734 audax
731 2694 852 2735 aruhiteetus
918 2711 920 2713 ·

66 2826 102 2858 rura
110 2827 182 2868 retinent,
191 2829 276 2868 praeeunte
284 2828 367 2868 Ceruario,
377 2828 405 2870 qui
413 2836 449 2861 uer·
471 2826 544 2870 gendum
554 2832 609 2860 anilem
620 2827 759 2863 Koumurrloof‘
770 2830 852 2864 Pedanius.

66 2873 85 2903 lil
96 2884 106 2903 a
118 2872 168 2904 nohis
179 2884 214 2905 nou
227 2871 336 2916 relinquetur.
471 2875 541 2906 Disliuxr'
551 2876 614 2907 interm
624 2879 659 2915 pasl
668 2873 727 2917 καιρὸς
738 2868 765 2917 ἦν.

89 2917 107 2955 *)
119 2919 137 2951 lu
151 2918 183 2959 fiae
197 2920 254 2959 eapitis
270 2921 287 2951 iu
301 2920 346 2951 eona.
359 2928 396 2951 uass.
407 2922 450 2951 ntro·
494 2922 511 2952 2.
523 2920 568 2951 Litai
580 2921 636 2952 hahent
648 2920 783 2955 Κωνσταντίνου.

66 2972 95 3003 que
106 2964 163 3005 tupiter
174 2964 248 2996 additum
259 2963 312 3003 Tshm
323 2963 353 2998 τοῦ
365 2964 405 3008 περὶ
416 2964 449 2999 roto
495 2965 512 2999 ὃ.
525 2961 576 2999 αὐτὸν
587 2976 619 2999 uon
630 2967 675 2998 habel
687 2968 721 2998 eod.
733 2966 799 3009 Rhenip.

67 3004 152 3042 αῠδιανῶν
165 3007 265 3054 σχίσματος.
496 3009 513 3043 ll.
528 3012 600 3044 Rescribe
609 3008 663 3054 αὐτὴν
674 3021 710 3044 eum
722 3014 810 3055 Ceruario,
825 3017 853 3056 qui

90 3053 151 3087 Cael.
164 3073 184 3080 -
206 3054 397 3095 1.,‚u1endosusloeus.
415 3055 451 3088 Le·
473 3055 589 3100 vertilipsum.
816 3073 818 3075 ·
