1988 3392
225 211 320 245 nauanu
330 213 375 247 niu.
383 213 414 249 ur.
426 213 482 248 rom.
492 214 506 247 a.
520 212 588 246 nanu.
599 212 681 246 nxxrv.
804 204 845 246 149

56 292 136 344 eilinm,
158 292 292 334 sacerdotium
305 300 395 335 sanetum
411 292 493 351 spiritus
508 292 660 349 regenerantis,
683 305 706 334 ae
718 292 756 334 deo
768 292 846 335 instan-

54 361 118 403 rantis
130 360 197 403 omnia
209 360 301 416 largitor.
333 363 414 403 Verbum
424 365 473 403 euim
483 376 529 402 earo
542 363 617 416 fartum
629 368 669 410 est,
691 369 712 401 et
721 363 817 402 dubitauit
824 365 844 403 in
852 370 905 398 Iouna·
912 370 926 406 1,
935 371 948 398 ⁵.

55 431 123 479 uobis5
144 437 164 470 et
175 432 256 470 vadamus
270 432 354 483 glorium
372 433 425 480 eius,
447 437 536 484 tauquam
549 432 634 483 gloriam
649 433 769 483 rinzgem'u'a
778 438 843 483 patre.

57 496 84 541 Ut
94 498 147 541 enim
158 498 224 555 pluvia
235 512 280 540 eum
292 498 397 541 arboribus
413 498 541 552 coalescens,
557 513 581 541 ao
596 497 703 555 stirpibus,
721 512 793 555 eorpus
804 495 845 541 effi·

54 566 92 622 ait,
115 574 136 610 et
148 581 306 626 unumquemque
324 568 409 612 lrnetnm
426 568 451 611 ad
463 568 506 611 eius
517 568 569 611 nude
582 575 639 611 ortus
652 574 684 610 est
695 566 845 610 similitudinem

54 637 155 696 producit,
177 644 199 680 nt
214 638 266 681 etin
281 638 333 682 oliva
346 638 425 682 adeius
440 647 530 682 naturam
547 645 567 682 et
581 639 712 682 substantiam
730 638 843 681 adiunctum

53 708 126 766 pingue
136 709 201 751 oleum
212 708 299 762 existat,
321 708 341 751 in
353 711 394 752 vite
404 708 519 752 suavissimi
532 709 552 751 in
564 708 605 751 viui
617 709 733 765 qualitatem
745 708 844 751 eolorem-

54 793 92 834 que
102 786 204 832 transeat,
225 779 246 821 in
257 779 306 822 lions
319 780 391 821 arbore
403 777 518 821 dulcissimo
529 779 578 820 lions
590 792 661 835 sapore
672 786 807 835 temperetur,
824 785 845 820 et

53 848 73 889 in
87 847 175 903 quolibet
190 848 267 890 semine
283 855 374 890 naturam
390 848 452 905 ipsius
468 848 492 890 ad
506 853 642 889 consentanea
656 848 752 904 ouinsqne
767 848 844 890 formae

53 916 177 958 incrementa
190 917 296 972 perducat,
312 919 340 958 ita
355 917 443 965 Verbum,
460 915 544 972 opinor,
560 915 591 956 dei
605 916 625 957 in
637 918 703 956 Murra
715 918 843 972 rarosaotum
852 927 906 969 lnam.

52 994 92 1035 est,
114 991 135 1027 et
147 984 167 1027 iu
180 985 274 1027 Atraami
286 986 348 1041 stirpe
361 984 420 1026 bomo
431 999 459 1026 ex
470 983 563 1041 promissi
582 983 619 1025 lide
631 991 723 1041 repertus
739 992 778 1026 est.
809 989 842 1027 Iu·
862 963 907 998 mm

53 1057 207 1105 aanzbzusenim,
230 1054 306 1110 inqnit,
326 1056 429 1103 Messium,
451 1068 505 1107 quem
520 1055 600 1107 serqrsit
610 1055 694 1105 Moyses.
724 1051 842 1096 ldemveno

52 1121 150 1180 Moyses,
171 1127 288 1173 nascendus,
309 1123 384 1180 inquit,
407 1131 429 1164 ut
436 1124 504 1176 plomb
519 1124 614 1176 eloquium
625 1136 697 1171 meum,
721 1131 742 1164 et
752 1131 893 1178 tuuquaruneut.
900 1135 924 1173 aa,
932 1136 946 1165 a.

51 1201 120 1245 guttae
130 1195 226 1233 etu'llautea
237 1196 257 1233 in
268 1202 351 1233 terrum:
368 1192 413 1244 vel,
430 1193 538 1231 Descendut
546 1194 599 1231 siout
609 1205 643 1230 ros
652 1194 672 1231 iu
683 1193 751 1232 uellus.
782 1189 841 1233 Lana
853 1204 912 1232 nsum.

52 1261 119 1316 itaque
131 1274 197 1302 rorem
211 1260 314 1316 exeipiens
327 1262 387 1301 fetum
405 1267 465 1314 anget
477 1258 568 1300 velleris.
599 1257 666 1299 Terra
678 1259 732 1300 velut
744 1261 842 1315 quendam
864 1239 887 1275 ⁷¹⁵
895 1239 909 1266 θ’

52 1328 95 1385 spei
109 1329 204 1370 cultorem
217 1336 237 1369 et
247 1328 354 1383 agricolam
365 1328 451 1383 pluviam
463 1327 567 1382 exeipiens
577 1327 663 1368 fructum
674 1327 697 1367 ad
708 1328 842 1369 maturitatem

52 1396 154 1451 perducit,
170 1410 233 1451 eaque
247 1397 328 1450 perlusa
339 1410 366 1436 ex
377 1395 461 1452 imperio
472 1395 546 1435 domini
559 1395 660 1436 naturales
672 1397 740 1449 fruges
751 1403 842 1451 prompte

52 1477 76 1504 ae
87 1463 173 1504 libenter
184 1463 267 1512 emittit,
291 1470 311 1503 et
322 1463 346 1503 ab
360 1462 430 1503 eodem
447 1476 518 1503 rursus
530 1461 640 1517 aecipiendi
656 1462 727 1503 maiori
742 1463 842 1504 desiderio

51 1537 139 1573 tenetur.
170 1528 205 1573 Sio
221 1537 241 1572 et
254 1528 321 1572 Maria
338 1530 395 1585 virgo
411 1544 455 1571 eum
469 1529 497 1571 ita
509 1529 657 1585 respondisset,
682 1533 745 1580 Unde,
767 1530 937 1586 inquietatum.

52 1614 165 1653 cognoscam
176 1602 225 1641 mibi
235 1602 287 1641 abiud
297 1599 421 1655 affuturum?
435 1598 509 1650 audiit,
526 1600 612 1652 Spaiitus
624 1600 697 1640 domiui
706 1601 726 1640 iu
737 1607 756 1641 te
765 1601 843 1640 desueu-

51 1670 94 1719 det,
110 1676 131 1709 et
140 1672 202 1710 vertras
211 1670 303 1710 altissimi
312 1669 433 1709 obumbrabit
444 1675 473 1717 te,
496 1670 575 1722 adeoque
588 1675 608 1708 et
618 1670 669 1722 quod
681 1676 772 1709 nuscetur
787 1684 813 1709 eu
824 1676 842 1708 te

51 1746 138 1780 saucium
149 1741 198 1788 erit,
222 1739 304 1793 etfibias
316 1741 408 1780 alta‘ssa'rni
418 1739 524 1779 uocabitur.
557 1734 650 1780 Cbristns
662 1737 682 1779 in
696 1739 767 1795 angelo
778 1738 842 1796 loqni-

52 1816 95 1862 tnr,
118 1814 138 1851 et
151 1808 214 1851 insui
228 1808 291 1865 ipsius
304 1807 423 1850 formatione
436 1806 564 1864 semetipsum
578 1807 670 1851 dominns
682 1809 767 1865 effingit,
789 1813 843 1851 serui
857 1821 926 1870 qunipq.

49 1880 230 1934 lbrmuniubdueus.
264 1876 358 1921 Ceterum
371 1875 436 1919 Maria
449 1877 533 1919 verbum
545 1877 576 1919 dei
588 1879 611 1919 ad
623 1878 773 1932 generationem
785 1879 840 1922 velut
865 1858 902 1896 μ’

53 1955 107 1991 terra
124 1948 211 2004 plurium
224 1947 290 1989 haurit
302 1954 322 1987 et
334 1946 423 1988 attrabit.
455 1945 511 1988 Deus
523 1961 572 1988 vero
587 1955 678 1989 sanetum
694 1962 740 1991 sese
757 1949 841 1991 lrnetum

51 2017 71 2059 iu
88 2017 167 2058 mortali
184 2023 255 2057 natura
270 2017 393 2072 oapessenda
410 2016 541 2057 demonstrat.
573 2015 628 2072 Ergo
645 2017 676 2058 bie
691 2032 718 2059 ex
729 2018 762 2059 illa
776 2025 842 2059 terrae

51 2087 116 2129 instar
132 2100 156 2128 ao
174 2084 255 2126 velleris
271 2084 382 2126 attrahente
400 2084 501 2140 proiectus
520 2091 562 2136 est,
586 2099 647 2125 verae
666 2086 781 2141 solidaeque
799 2086 842 2142 spei

53 2156 139 2208 fruetus,
160 2161 181 2196 et
194 2167 206 2195 a
219 2154 294 2195 sanetis
309 2159 435 2209 expectatus.
466 2151 637 2208 Quemadmodum
648 2151 766 2196 Elisabetba
781 2155 840 2208 dixit,

51 2227 154 2265 Benedicta
169 2231 190 2263 tu
207 2226 258 2263 iuter
271 2224 361 2263 mulieres
365 2252 371 2271 ,
396 2229 415 2262 et
427 2223 536 2262 benedictus
545 2224 624 2276 fruetus
637 2226 710 2264 uentris
726 2227 761 2264 tui.
793 2223 838 2265 bloe
846 2236 885 2265 tue.
892 2237 906 2273 1,
915 2238 938 2267 aa.

52 2300 118 2334 autem
135 2304 193 2334 omne
211 2305 238 2332 ex
250 2290 334 2332 bumana
349 2290 462 2332 eonditione
475 2304 499 2331 ae
509 2298 581 2332 natura
595 2292 616 2333 iu
626 2305 672 2332 sese
684 2292 785 2333 transtulit
795 2307 842 2335 ver-

53 2361 99 2404 bum
110 2360 171 2413 illud,
187 2360 239 2415 qnod
251 2373 325 2416 expers
336 2359 409 2414 alioqui
422 2359 521 2415 passionis
532 2361 608 2416 perpeti
618 2360 689 2402 voluit.
719 2351 757 2402 Hir
767 2370 798 2402 est
803 2376 841 2416 pa·
849 2374 946 2414 mameae

51 2434 82 2471 aab
95 2431 205 2478 ildemirus,
227 2431 298 2483 quide
311 2430 363 2469 coelo
378 2430 485 2477 deseendit,
508 2441 531 2470 ae
547 2429 609 2471 vitam
624 2429 727 2486 impertiit.
758 2429 797 2472 llie
810 2438 841 2472 est

51 2512 113 2540 verae
133 2499 209 2539 fruetus
229 2497 299 2548 oleae,
323 2496 422 2538 unctionis
440 2503 460 2537 et
475 2497 624 2552 compositionis
642 2499 707 2540 oleum
724 2499 772 2541 illnd
788 2500 927 2558 quodmoaaq,

51 2564 138 2623 Moyses
149 2565 215 2621 speeie
227 2566 310 2620 quadam
326 2563 459 2606 adumbravit.
489 2563 545 2607 ldem
557 2580 602 2607 uera
616 2569 661 2606 ortua
675 2575 715 2616 est,
737 2581 795 2623 quam
807 2547 944 2609 εο-Ῑ(’”””’Ῑ”’1

51 2635 83 2677 lus
96 2632 223 2690 patereolit‚
246 2632 279 2687 qui
294 2632 382 2674 laetitiae
398 2632 456 2674 nobis
472 2647 530 2675 uvam
548 2634 661 2689 progenuit.
692 2634 732 2678 llio
749 2643 780 2677 est
790 2650 841 2690 aqua
864 2651 918 2680 ruane.

52 2704 151 2751 illarum,
175 2715 232 2754 quam
240 2703 307 2740 sitiens
320 2702 375 2740 bomo
389 2714 432 2740 ozam
443 2701 524 2750 butema,
546 2706 751 2756 aousitietamplius,
775 2707 840 2744 sedin
866 2686 912 2721 ω’

51 2771 93 2809 eius
109 2777 175 2809 renue
188 2775 288 2820 permanet
301 2769 373 2807 saliens
383 2770 404 2808 iu
415 2771 473 2809 uitam
487 2777 591 2810 aeternam.
616 2770 656 2811 >Ab
670 2771 708 2812 boe
725 2771 772 2814 novi
787 2771 840 2826 agri-

76 2880 103 2915 18.
115 2877 163 2916 dumi
173 2880 214 2915 θεοῦ
224 2878 275 2925 λόγος
282 2883 318 2923 post
324 2876 434 2916 ἀποδείκνυσι
479 2882 508 2916 22.
519 2879 537 2918 ἓν
549 2885 606 2916 dator.

52 2928 127 2961 additum
137 2928 194 2969 teqitur
204 2929 222 2961 in
233 2929 290 2961 daem.
480 2927 509 2962 aa
521 2925 531 2964 ὁ
542 2938 574 2962 raon
584 2929 631 2963 babet
641 2932 699 2964 Aaou.

76 2972 103 3006 19.
116 2967 171 3011 οὕτως
182 2975 239 3006 Aaou.
480 2971 508 3006 Ἃ.
527 2973 577 3017 μόνος
593 2974 624 3009 καὶ
641 2972 651 3010 ὁ
664 2975 721 3019 πατὴρ
739 2977 764 3009 ed.
778 2977 841 3019 Petam,

75 3018 104 3052 20.
117 3015 172 3058 πόκος
180 3020 237 3053 Aaou.
458 3021 513 3055 irritis
525 3021 569 3054 tibris
580 3029 631 3055 maun
643 3024 718 3056 exaratis.

75 3065 102 3100 ¹21.
114 3061 128 3109 τῖ
138 3065 172 3101 τῶν
183 3062 237 3112 u‘qlur
248 3064 340 3111 προςδοκία
351 3066 407 3100 laco.
483 3066 511 3101 25.
523 3065 621 3114 γεννήσασα
629 3073 719 3114 suspicatus
728 3073 751 3106 est
759 3071 840 3112 Petreius,
