1988 3392
148 213 191 256 286
438 223 644 257 ειαοαιιιιινιιιαιι
693 221 695 223 ·

148 298 221 359 τριάδα
238 300 317 344 ὅπάθει
332 299 465 356 ὑποκείμενα,
487 303 506 344 εί
521 300 548 356 μῆ
563 319 582 345 τι
595 300 620 345 άν
631 304 716 358 ἃωροῖτο
729 299 835 357 όάπαθῆς
846 304 868 348 τό
880 303 932 349 άπα-

150 369 186 419 θὲς
196 367 230 411 ῦιά
240 373 276 424 τῆς
287 368 415 425 ἀφθαρσίας,
436 368 468 419 οἷς
477 369 569 426 βούλεται
579 369 629 414 κατά
641 368 719 427 δωρεάν
731 372 851 427 χαρίσασθαι
863 370 932 426 άφθό·

149 454 194 487 νιος.
218 437 262 481 Οῦκ
271 440 337 494 ἔχουσι
347 438 369 480 δὲ
379 437 401 481 τά
412 437 521 495 άφθαρτον
530 441 551 491 ἐξ
560 437 670 494 άσωμάτου
680 438 767 492 φάσεως,
782 437 822 484 ἄλλ’
833 441 853 491 ἐξ
863 438 932 494 άφθο-

148 508 193 556 νίας
204 512 240 550 τοῦ
254 505 336 563 άγαθοῦ
350 509 385 549 καί
400 507 497 558 ἀπαθοῦς
511 513 568 551 θεοῦ.
599 509 640 550 Καὶ
655 506 692 565 γάρ
710 507 756 552 οῦτε
771 507 794 551 το“
806 515 882 552 παθεῖν
897 509 932 553 τόν

149 580 247 632 μονογενῆ
263 577 285 618 ἐν
296 577 355 633 σαρκὶ
366 573 436 627 πάθος
449 583 581 633 περιποιεῖται
592 581 617 635 τῆ
629 574 693 620 αὐτοῦ
708 576 800 632 θεότητι,
822 579 857 620 καί
866 580 898 621 τοί
910 596 932 636 γε

150 645 170 694 ἐξ
181 642 279 698 οίληθινῆς
294 642 400 701 ὁμολογίας
413 645 555 700 πιστευόμενον
570 642 612 689 άπά
624 650 660 700 τῆς
674 642 775 700 άληθινῆς
787 648 881 699 πίστεως,
902 645 933 691 ὅτι

149 713 251 755 πέπονθεν
266 710 278 755 ό
290 711 374 766 άπαθῆς
386 713 437 756 θεόν
454 712 482 756 σ’ίν
498 713 562 771 λόγος.
586 712 667 769 Ἔμεινε
678 714 700 757 δὲ
713 716 734 758 ἓν
743 712 835 773 άπαθείμ
850 712 933 765 όαάτός

150 779 177 835 μῆ
187 782 269 837 τραπείς
278 779 314 836 τῆν
324 780 398 835 φάσιν,
422 781 470 837 μήτε
479 781 618 837 ἠλλοιωμένος.
648 781 687 826 Διό
703 785 765 836 σοφία
776 781 815 835 σίν,
834 783 869 826 καί
882 782 933 834 θεός

150 847 234 904 άπαθῆς
245 848 284 903 σίν,
305 851 340 892 καὶ
353 850 411 900 είᾶαίς
429 849 460 894 ὅτι
475 848 508 893 διά
520 850 603 901 πάθους
617 850 673 904 στάζει
685 850 734 902 τοῦς
743 850 768 895 τά
777 849 836 906 πάθη
852 852 933 906 ἔχοντας

149 922 186 960 τοῦ
201 917 304 971 θανάτου,
326 919 351 962 οῦ
363 921 452 975 πρέσβυν
468 918 591 971 άπὲσιειλεν,
612 918 651 962 οῦκ
667 917 761 977 άγγελον,
782 918 829 963 οῦτε
845 920 890 963 θὲιι
905 916 933 970 νίς

150 984 197 1036 τοῦς
206 986 246 1043 πρό
257 980 322 1029 αὐτοῦ
334 987 451 1044 προφήτας,
472 985 513 1031 ἀλλ’
525 985 585 1037 αῦτός
594 987 665 1044 κῦριος
673 983 736 1043 ῆλθε,
758 990 792 1032 καὶ
803 986 826 1032 τά
838 987 933 1044 παθητόν

149 1053 216 1109 λαβών
226 1057 248 1099 ἐν
259 1056 323 1113 ἑαυτῷ
336 1056 438 1111 ἀληθινῶς
449 1058 550 1108 πέπονθε,
565 1060 600 1110 τῆς
611 1056 708 1112 θεότητος
719 1057 784 1101 αὐτοῦ
792 1054 890 1107 άπαθοῦς
899 1073 932 1112 με·

150 1121 231 1179 νοῦσης.
263 1121 294 1166 Οῦ
305 1123 343 1181 γάρ
354 1122 369 1178 ῆ
379 1126 475 1181 ἕνσαρκος
486 1128 587 1181 παρουσία
603 1123 691 1180 ἤμβλυνε
703 1125 739 1181 τῆν
750 1125 838 1180 δύναμιν
851 1130 886 1181 τῆς
897 1126 933 1169 αῦ-

151 1197 188 1235 τοῦ
199 1191 300 1247 θεότητος.
330 1190 451 1249 Εῦρίσκεται
459 1191 498 1249 γάρ
509 1194 530 1235 ἓν
539 1197 564 1251 τῆ
575 1192 639 1236 αῦτοῦ
649 1193 731 1247 θεότητι
738 1193 763 1237 τά
773 1199 810 1237 τοῦ
818 1199 869 1237 θεοῦ
880 1196 932 1250 ἔνερ-

151 1264 202 1318 γῶν,
223 1262 258 1304 καί
274 1259 302 1317 μῆ
317 1259 357 1305 άπά
373 1259 447 1317 σαρκός
463 1259 627 1316 άποκλειόμενος,
648 1260 715 1321 άνίμῳ
725 1263 761 1317 μὲν
771 1264 878 1318 ἐπιτιμῶν,
898 1263 933 1306 καί

153 1329 250 1381 κλύδωνι,
270 1331 305 1373 καί
315 1329 417 1389 θαλάσση,
438 1329 531 1386 Λάζαρον
543 1329 673 1389 ῦὲαόθεντίγι
686 1333 727 1389 ίῦίμ
738 1336 814 1383 καλῶν,
835 1332 870 1374 καὶ
885 1329 934 1373 άλλα

108 1403 110 1407 “
152 1400 213 1455 μυρία
227 1399 261 1441 καὶ
274 1399 364 1442 ἐπέκεινα
380 1398 455 1442 τοῦτον
470 1402 544 1442 ποιῶν·
565 1397 588 1449 ’ός
601 1399 636 1442 καὶ
646 1398 751 1456 συνεχάρει
764 1399 801 1455 μὲν
813 1397 838 1442 τά
849 1398 900 1443 κατὰ
909 1397 932 1443 τό

152 1465 348 1526 εῦλογοντῆσαρκὶ,
370 1465 397 1517 οἷς
407 1469 442 1510 καὶ
453 1466 541 1525 διαβόλῳ
551 1467 658 1524 πειράζειν,
679 1469 714 1510 καί
728 1467 847 1525 ἀνθρώποις
856 1471 930 1521 παίειν,

152 1537 188 1579 καὶ
197 1542 240 1586 τοῖς
249 1534 409 1591 συλλαμβάνουσι
417 1534 440 1578 τό
451 1533 546 1588 άλίσκειν,
566 1538 600 1579 ’ίνα
611 1537 632 1579 ἒν
642 1540 670 1595 τῷ
678 1540 765 1595 παθητῷ
776 1534 788 1579 ό
800 1533 885 1591 άπαθῆς
895 1535 933 1579 πά-

153 1611 195 1664 θη,
215 1603 299 1660 άπαθῆς
315 1605 375 1659 μένον
389 1606 411 1648 ἓν
423 1609 447 1664 τῆ
462 1606 504 1663 ι’δίιγι
516 1602 598 1659 θεότητι
613 1603 651 1657 ιῦν,
673 1604 711 1648 οὐκ
723 1603 824 1662 άλλόιριος
835 1610 872 1648 τοῦ
882 1603 934 1648 άπα-

153 1678 207 1723 θοῦς
217 1677 275 1725 θεοῦ,
287 1674 382 1723 ἑκουσίως
393 1673 414 1716 ῦὲ
425 1678 489 1716 ποιῶν
498 1671 522 1715 τά
531 1672 596 1715 πάντα
606 1671 658 1716 κατά
667 1671 690 1716 τό
701 1675 811 1728 ἔκπληκτον
821 1671 885 1716 αὐτοῦ
897 1691 934 1727 μν-

154 1740 244 1799 στῆριον·
266 1739 294 1791 ῦς
307 1741 341 1784 καί
354 1739 440 1798 άπατῆρ
457 1739 507 1791 θεάς
518 1739 556 1784 σῦν
569 1738 624 1800 αὐτῷ
640 1746 669 1800 τῷ
679 1743 825 1799 μονογενεῖκαί
836 1746 864 1801 τῷ
874 1739 934 1785 πνεό-

153 1828 198 1866 ματι
209 1810 273 1853 αὐτοῦ
283 1815 311 1868 τῷ
322 1808 382 1869 άγίρι,
403 1810 460 1867 τριάς
469 1805 520 1854 οῦσα
530 1809 561 1852 άεί
571 1811 632 1853 τέλεια
643 1812 677 1854 καί
688 1810 780 1866 άπαθῆς,
802 1813 837 1866 μία
852 1809 933 1866 θεότης,

153 1880 237 1937 περιέχει
247 1877 271 1922 τά
279 1878 356 1933 πάντα,
372 1876 400 1930 εἷς
409 1877 469 1932 θεός,
485 1880 520 1934 μία
530 1876 635 1936 κυριότης,
650 1884 686 1924 τοῦ
697 1879 760 1925 αὐτοῦ
771 1885 823 1924 θεοῦ
833 1881 932 1939 περιέχον-

153 1966 187 2000 τος
200 1947 225 1992 τά
240 1947 281 1992 ὅλα.

212 2392 253 2435 Καὶ
264 2388 289 2436 οῦ
301 2389 334 2436 διά
344 2389 367 2435 τό
378 2389 473 2448 περιέχειν
481 2387 505 2434 τά
516 2386 582 2435 πάντα
593 2388 656 2434 πάθει
666 2386 784 2442 ῦποπίπτει,
804 2394 845 2434 νῦν
855 2388 934 2448 ἐμπερι-

154 2462 252 2518 εχομένων
262 2459 302 2505 ind
315 2460 383 2512 πάθος
393 2459 513 2505 πιπτόντων.
539 2458 609 2510 Ἐντός
619 2458 657 2517 γάρ
667 2459 749 2503 πάντων
761 2460 812 2512 ἐστὶ,
826 2460 867 2502 ’καί
878 2457 935 2510 ἐκτός

154 2536 194 2574 τῶν
206 2529 257 2574 ὅλοιν
273 2529 355 2575 πάντων
364 2529 423 2582 θεάς,
444 2528 518 2585 άμιγῆς
532 2527 583 2586 πρός
594 2527 619 2571 τά
634 2527 705 2571 πάντα.
728 2527 794 2571 Ὅθεν
804 2527 852 2572 οῦδὲ
866 2526 900 2571 διά
911 2526 934 2571 τό

155 2598 206 2643 εἶναι
216 2598 291 2655 πάντη,
307 2598 355 2643 οῦδὲ
363 2597 397 2643 διά
407 2597 429 2643 τό
440 2596 497 2648 ἐκτός
506 2595 556 2641 εἶναι
565 2596 653 2650 πάντων,
668 2596 716 2641 οὐδὲ
726 2596 760 2641 διά
770 2596 793 2641 τό
806 2597 901 2654 περιέχειν
909 2594 934 2639 τά

71 2689 107 2719 pag.
115 2681 147 2711 κεν.
157 2667 234 2721 πάντα,
254 2669 302 2712 οὐδὲ
313 2668 347 2712 διά
358 2667 381 2712 τό
393 2669 414 2712 ἐν
425 2665 479 2725 αὐτῷ
488 2664 513 2709 τά
526 2663 592 2710 πάντα
604 2671 715 2719 κινεῖσθαι,
736 2664 807 2716 πάθος
819 2668 896 2717 είςοίσει
907 2669 935 2724 τῷ

155 2736 234 2781 άπαθεῖ
242 2741 291 2797 θεῷ.
313 2737 391 2794 Ὥςπερ
403 2735 450 2780 οῦδὲ
462 2734 495 2779 διά
507 2735 529 2779 τό
540 2737 678 2792 γεγεννηκέναι
689 2734 723 2779 τόν
734 2739 840 2793 μονογενῆ,
858 2734 935 2778 10οῦδὲ

155 2806 190 2851 τόν
200 2811 298 2864 μονογενῆ
309 2810 460 2863 Ῑῐγεγενῆσθαι,
476 2803 524 2847 οῦδὲ
533 2803 568 2848 διά
577 2803 600 2848 τό
610 2804 668 2862 ῦγιον
678 2802 741 2848 αὐτοῦ
753 2809 831 2858 πνεῦμα
841 2804 860 2854 ἐξ
872 2803 935 2847 αὐτοῦ

156 2874 290 2928 ἀπεστάλθαι,
312 2873 381 2925 πάθος
396 2876 473 2925 είςοίσει
487 2878 511 2933 τῆ
527 2870 573 2931 άγίγ
589 2872 661 2931 τριάδι.
693 2872 744 2917 Οότε
755 2871 792 2930 γάρ
806 2870 900 2928 παθητόν
911 2870 934 2916 τό

178 2993 194 3028 8.
205 2992 254 3038 πάθη
266 2994 312 3026 codd.
323 3001 361 3024 mss.
373 2995 387 3025 ιλ
398 2993 423 3025 ιιί.
433 2992 486 3033 princ.
582 2989 607 3023 10.
620 2991 723 3024 scribendum
735 2985 776 3025 οῦδὲ
786 2987 816 3025 διά
826 2988 845 3025 τό
858 3001 894 3034 μοι.

178 3039 195 3074 9.
213 3037 238 3074 ἔτι
253 3040 299 3072 codd
311 3047 359 3079 οισι,
376 3037 474 3081 etamplius
490 3037 536 3069 vertit
581 3035 936 3081 11.γεηεννῆσθαιιιῐ.Ριλαο.σολοιιαιμελ.

157 3087 243 3120 Carnarius
253 3093 318 3127 ηυοηυε.
341 3084 385 3117 Eam
395 3085 452 3118 λαοικλ
463 3081 503 3117 ἔστι.
