<?xml version="1.0" encoding="UTF-8"?>
<!DOCTYPE html PUBLIC "-//W3C//DTD XHTML 1.0 Transitional//EN"
    "http://www.w3.org/TR/xhtml1/DTD/xhtml1-transitional.dtd">
<html xmlns="http://www.w3.org/1999/xhtml" xml:lang="en" lang="en">
 <head>
  <title>
</title>
<meta http-equiv="Content-Type" content="text/html;charset=utf-8" />
  <meta name='ocr-system' content='tesseract 3.04.00' />
  <meta name='ocr-capabilities' content='ocr_page ocr_carea ocr_par ocr_line ocrx_word'/>
</head>
<body>
  <div class='ocr_page' id='page_1' title='image "./MN41650ucmf_1/MN41650ucmf_1_0788.png"; bbox 0 0 1988 3392; ppageno 0'>
   <div class='ocr_carea' id='block_1_1' title="bbox 131 235 606 279">
    <p class='ocr_par' dir='ltr' id='par_1_1' title="bbox 131 235 606 279">
     <span class='ocr_line' id='line_1_1' title="bbox 131 235 606 279; baseline 0.006 -3"><span class='ocrx_word' id='word_1_1' title='bbox 131 235 173 278; x_wconf 78' lang='lat' dir='ltr'><strong>75ss</strong></span> <span class='ocrx_word' id='word_1_2' title='bbox 432 244 507 279; x_wconf 82' lang='lat' dir='ltr'><strong>rnuux</strong></span> <span class='ocrx_word' id='word_1_3' title='bbox 519 245 606 279; x_wconf 75' lang='lat' dir='ltr'><strong>neuun.</strong></span> 
     </span>
    </p>
   </div>
   <div class='ocr_carea' id='block_1_2' title="bbox 77 323 927 3176">
    <p class='ocr_par' dir='ltr' id='par_1_2' title="bbox 77 323 927 3176">
     <span class='ocr_line' id='line_1_2' title="bbox 153 323 912 370; baseline 0.001 -13"><span class='ocrx_word' id='word_1_4' title='bbox 153 323 253 357; x_wconf 83' lang='lat' dir='ltr'><strong>memoratio</strong></span> <span class='ocrx_word' id='word_1_5' title='bbox 267 330 379 365; x_wconf 83' lang='lat' dir='ltr'><strong>mortuorum,</strong></span> <span class='ocrx_word' id='word_1_6' title='bbox 398 323 481 358; x_wconf 87' lang='lat' dir='ltr'><strong>iustorum</strong></span> <span class='ocrx_word' id='word_1_7' title='bbox 492 332 510 358; x_wconf 89' lang='lat' dir='ltr'><strong>et</strong></span> <span class='ocrx_word' id='word_1_8' title='bbox 555 324 622 358; x_wconf 83' lang='lat' dir='ltr'><strong>hraicae</strong></span> <span class='ocrx_word' id='word_1_9' title='bbox 637 324 705 369; x_wconf 80' lang='lat' dir='ltr'><strong>linguae</strong></span> <span class='ocrx_word' id='word_1_10' title='bbox 714 331 754 358; x_wconf 89' lang='lat' dir='ltr'><strong>sunt</strong></span> <span class='ocrx_word' id='word_1_11' title='bbox 762 324 859 370; x_wconf 80' lang='lat' dir='ltr'><strong>peritissimi</strong></span> <span class='ocrx_word' id='word_1_12' title='bbox 871 325 912 362; x_wconf 77' lang='lat' dir='ltr'><strong>ibid,</strong></span> 
     </span>
     <span class='ocr_line' id='line_1_3' title="bbox 153 378 912 427; baseline 0.005 -14"><span class='ocrx_word' id='word_1_13' title='bbox 153 378 261 424; x_wconf 80' lang='lat' dir='ltr'><strong>peccatorum</strong></span> <span class='ocrx_word' id='word_1_14' title='bbox 272 380 314 415; x_wconf 83' lang='lat' dir='ltr'><strong>ibid.</strong></span> <span class='ocrx_word' id='word_1_15' title='bbox 556 401 578 408; x_wconf 94' lang='lat'><em>-</em></span> <span class='ocrx_word' id='word_1_16' title='bbox 588 381 647 427; x_wconf 89' lang='lat' dir='ltr'><strong>quibus</strong></span> <span class='ocrx_word' id='word_1_17' title='bbox 656 381 673 414; x_wconf 89' lang='lat' dir='ltr'><strong>in</strong></span> <span class='ocrx_word' id='word_1_18' title='bbox 684 381 726 415; x_wconf 81' lang='lat' dir='ltr'><strong>locis</strong></span> <span class='ocrx_word' id='word_1_19' title='bbox 737 382 780 416; x_wconf 84' lang='lat' dir='ltr'><strong>haec</strong></span> <span class='ocrx_word' id='word_1_20' title='bbox 788 387 835 415; x_wconf 85' lang='lat' dir='ltr'><strong>secta</strong></span> <span class='ocrx_word' id='word_1_21' title='bbox 841 380 912 426; x_wconf 84' lang='lat' dir='ltr'><strong>viguerit</strong></span> 
     </span>
     <span class='ocr_line' id='line_1_4' title="bbox 77 436 912 488; baseline 0.004 -19"><span class='ocrx_word' id='word_1_22' title='bbox 77 482 79 488; x_wconf 26' lang='lat' dir='ltr'><strong>y</strong></span> <span class='ocrx_word' id='word_1_23' title='bbox 131 436 203 470; x_wconf 80' lang='lat' dir='ltr'><strong>Mortuis</strong></span> <span class='ocrx_word' id='word_1_24' title='bbox 212 436 295 471; x_wconf 78' lang='lat' dir='ltr'>fenestras</span> <span class='ocrx_word' id='word_1_25' title='bbox 304 438 394 472; x_wconf 79' lang='lat' dir='ltr'>occludere</span> <span class='ocrx_word' id='word_1_26' title='bbox 401 437 442 482; x_wconf 90' lang='lat' dir='ltr'><strong>quid</strong></span> <span class='ocrx_word' id='word_1_27' title='bbox 449 437 472 472; x_wconf 91' lang='lat' dir='ltr'><strong>sit</strong></span> <span class='ocrx_word' id='word_1_28' title='bbox 481 440 509 472; x_wconf 85' lang='grc'><strong>27.</strong></span> <span class='ocrx_word' id='word_1_29' title='bbox 545 442 594 472; x_wconf 72' lang='grc'><strong>123.</strong></span> <span class='ocrx_word' id='word_1_30' title='bbox 603 457 626 464; x_wconf 91' lang='grc'>-</span> <span class='ocrx_word' id='word_1_31' title='bbox 648 438 681 483; x_wconf 90' lang='lat' dir='ltr'><strong>ipsi</strong></span> <span class='ocrx_word' id='word_1_32' title='bbox 690 438 773 473; x_wconf 77' lang='lat' dir='ltr'><strong>Nazaraei</strong></span> <span class='ocrx_word' id='word_1_33' title='bbox 781 437 847 471; x_wconf 81' lang='lat' dir='ltr'><strong>Indaeis</strong></span> <span class='ocrx_word' id='word_1_34' title='bbox 857 438 912 472; x_wconf 87' lang='lat' dir='ltr'><strong>inimi-</strong></span> 
     </span>
     <span class='ocr_line' id='line_1_5' title="bbox 131 493 912 540; baseline 0.004 -14"><span class='ocrx_word' id='word_1_35' title='bbox 131 493 236 527; x_wconf 89' lang='lat' dir='ltr'><strong>Mcrtnorum</strong></span> <span class='ocrx_word' id='word_1_36' title='bbox 251 506 289 527; x_wconf 87' lang='lat' dir='ltr'><strong>eura</strong></span> <span class='ocrx_word' id='word_1_37' title='bbox 300 506 343 539; x_wconf 85' lang='lat' dir='ltr'><strong>qnae</strong></span> <span class='ocrx_word' id='word_1_38' title='bbox 354 495 416 528; x_wconf 88' lang='lat' dir='ltr'><strong>debeat</strong></span> <span class='ocrx_word' id='word_1_39' title='bbox 430 506 475 536; x_wconf 77' lang='lat' dir='ltr'><strong>esse,</strong></span> <span class='ocrx_word' id='word_1_40' title='bbox 492 501 511 527; x_wconf 92' lang='lat' dir='ltr'><strong>et</strong></span> <span class='ocrx_word' id='word_1_41' title='bbox 557 496 618 529; x_wconf 88' lang='lat' dir='ltr'><strong>cissimi</strong></span> <span class='ocrx_word' id='word_1_42' title='bbox 636 498 675 529; x_wconf 82' lang='grc'><strong>124.</strong></span> <span class='ocrx_word' id='word_1_43' title='bbox 692 514 716 521; x_wconf 87' lang='lat'>-</span> <span class='ocrx_word' id='word_1_44' title='bbox 743 495 807 528; x_wconf 87' lang='lat' dir='ltr'><strong>habent</strong></span> <span class='ocrx_word' id='word_1_45' title='bbox 822 504 875 540; x_wconf 86' lang='lat' dir='ltr'><strong>penes</strong></span> <span class='ocrx_word' id='word_1_46' title='bbox 894 508 912 530; x_wconf 88' lang='lat' dir='ltr'><strong>se</strong></span> 
     </span>
     <span class='ocr_line' id='line_1_6' title="bbox 153 543 912 596; baseline 0 -12"><span class='ocrx_word' id='word_1_47' title='bbox 153 562 196 594; x_wconf 86' lang='lat' dir='ltr'><strong>qnae</strong></span> <span class='ocrx_word' id='word_1_48' title='bbox 208 550 289 583; x_wconf 82' lang='lat' dir='ltr'><strong>fueritin</strong></span> <span class='ocrx_word' id='word_1_49' title='bbox 301 551 371 584; x_wconf 84' lang='lat' dir='ltr'><strong>ecclesia</strong></span> <span class='ocrx_word' id='word_1_50' title='bbox 384 553 434 584; x_wconf 80' lang='grc'><strong>1106.</strong></span> <span class='ocrx_word' id='word_1_51' title='bbox 524 543 525 546; x_wconf 24' lang='lat'>¹</span> <span class='ocrx_word' id='word_1_52' title='bbox 556 553 639 586; x_wconf 75' lang='lat' dir='ltr'><strong>Matthaei</strong></span> <span class='ocrx_word' id='word_1_53' title='bbox 654 551 759 596; x_wconf 80' lang='lat' dir='ltr'><strong>evangelium</strong></span> <span class='ocrx_word' id='word_1_54' title='bbox 770 550 854 585; x_wconf 88' lang='lat' dir='ltr'><strong>Hebraice</strong></span> <span class='ocrx_word' id='word_1_55' title='bbox 869 552 912 585; x_wconf 87' lang='lat' dir='ltr'><strong>scri-</strong></span> 
     </span>
     <span class='ocr_line' id='line_1_7' title="bbox 131 606 870 654; baseline 0 -14"><span class='ocrx_word' id='word_1_56' title='bbox 131 607 195 651; x_wconf 89' lang='lat' dir='ltr'><strong>Moysis</strong></span> <span class='ocrx_word' id='word_1_57' title='bbox 210 607 238 640; x_wconf 80' lang='lat' dir='ltr'><strong>lex</strong></span> <span class='ocrx_word' id='word_1_58' title='bbox 252 620 262 640; x_wconf 87' lang='lat' dir='ltr'><strong>a</strong></span> <span class='ocrx_word' id='word_1_59' title='bbox 278 607 311 640; x_wconf 89' lang='lat' dir='ltr'><strong>deo</strong></span> <span class='ocrx_word' id='word_1_60' title='bbox 325 607 406 654; x_wconf 79' lang='lat' dir='ltr'><strong>inspirata</strong></span> <span class='ocrx_word' id='word_1_61' title='bbox 421 614 439 641; x_wconf 90' lang='lat' dir='ltr'><strong>et</strong></span> <span class='ocrx_word' id='word_1_62' title='bbox 450 606 510 652; x_wconf 88' lang='lat' dir='ltr'><strong>spiritu</strong></span> <span class='ocrx_word' id='word_1_63' title='bbox 555 616 603 653; x_wconf 89' lang='lat' dir='ltr'><strong>ptum</strong></span> <span class='ocrx_word' id='word_1_64' title='bbox 616 609 666 641; x_wconf 88' lang='lat' dir='ltr'><strong>etiam</strong></span> <span class='ocrx_word' id='word_1_65' title='bbox 677 607 819 641; x_wconf 85' lang='lat' dir='ltr'><strong>absolutissimum</strong></span> <span class='ocrx_word' id='word_1_66' title='bbox 831 611 870 641; x_wconf 85' lang='grc'><strong>124.</strong></span> 
     </span>
     <span class='ocr_line' id='line_1_8' title="bbox 154 663 913 708; baseline 0 -12"><span class='ocrx_word' id='word_1_67' title='bbox 154 670 213 696; x_wconf 87' lang='lat' dir='ltr'><strong>sancto</strong></span> <span class='ocrx_word' id='word_1_68' title='bbox 225 663 265 696; x_wconf 83' lang='lat' dir='ltr'><strong>ibid.</strong></span> <span class='ocrx_word' id='word_1_69' title='bbox 278 670 296 696; x_wconf 89' lang='lat' dir='ltr'><strong>et</strong></span> <span class='ocrx_word' id='word_1_70' title='bbox 308 666 346 696; x_wconf 79' lang='grc'><strong>225.</strong></span> <span class='ocrx_word' id='word_1_71' title='bbox 447 676 449 680; x_wconf 93' lang='grc'><em>·</em></span> <span class='ocrx_word' id='word_1_72' title='bbox 533 666 658 699; x_wconf 82' lang='lat' dir='ltr'><strong>Nazaraeorum</strong></span> <span class='ocrx_word' id='word_1_73' title='bbox 669 664 752 707; x_wconf 88' lang='lat' dir='ltr'><strong>haeresis,</strong></span> <span class='ocrx_word' id='word_1_74' title='bbox 765 671 844 708; x_wconf 84' lang='lat' dir='ltr'><strong>quaeest</strong></span> <span class='ocrx_word' id='word_1_75' title='bbox 855 664 913 708; x_wconf 85' lang='lat' dir='ltr'><strong>quinta</strong></span> 
     </span>
     <span class='ocr_line' id='line_1_9' title="bbox 131 718 912 764; baseline 0.004 -13"><span class='ocrx_word' id='word_1_76' title='bbox 131 718 195 762; x_wconf 82' lang='lat' dir='ltr'><strong>Moysis</strong></span> <span class='ocrx_word' id='word_1_77' title='bbox 203 718 284 752; x_wconf 88' lang='lat' dir='ltr'><strong>miracula</strong></span> <span class='ocrx_word' id='word_1_78' title='bbox 293 719 311 751; x_wconf 86' lang='lat' dir='ltr'><strong>in</strong></span> <span class='ocrx_word' id='word_1_79' title='bbox 320 723 398 763; x_wconf 72' lang='lat' dir='ltr'><strong>Aegypto</strong></span> <span class='ocrx_word' id='word_1_80' title='bbox 408 719 429 752; x_wconf 86' lang='lat' dir='ltr'><strong>ab</strong></span> <span class='ocrx_word' id='word_1_81' title='bbox 440 730 461 751; x_wconf 93' lang='lat' dir='ltr'><strong>eo</strong></span> <span class='ocrx_word' id='word_1_82' title='bbox 471 731 510 762; x_wconf 86' lang='lat' dir='ltr'><strong>per·</strong></span> <span class='ocrx_word' id='word_1_83' title='bbox 554 721 657 754; x_wconf 87' lang='lat' dir='ltr'><strong>ludaeorum</strong></span> <span class='ocrx_word' id='word_1_84' title='bbox 671 723 698 753; x_wconf 78' lang='grc'><strong>38.</strong></span> <span class='ocrx_word' id='word_1_85' title='bbox 710 739 733 745; x_wconf 91' lang='lat'><strong>--</strong></span> <span class='ocrx_word' id='word_1_86' title='bbox 755 720 808 753; x_wconf 88' lang='lat' dir='ltr'><strong>iidem</strong></span> <span class='ocrx_word' id='word_1_87' title='bbox 822 719 912 764; x_wconf 86' lang='lat' dir='ltr'><strong>repudiant</strong></span> 
     </span>
     <span class='ocr_line' id='line_1_10' title="bbox 152 767 927 820; baseline 0.003 -13"><span class='ocrx_word' id='word_1_88' title='bbox 152 781 221 818; x_wconf 88' lang='lat' dir='ltr'><strong>petrata</strong></span> <span class='ocrx_word' id='word_1_89' title='bbox 232 777 271 807; x_wconf 79' lang='lat'><strong>599.</strong></span> <span class='ocrx_word' id='word_1_90' title='bbox 284 795 305 800; x_wconf 95' lang='lat'><em>-</em></span> <span class='ocrx_word' id='word_1_91' title='bbox 328 776 364 808; x_wconf 92' lang='lat' dir='ltr'><strong>eius</strong></span> <span class='ocrx_word' id='word_1_92' title='bbox 377 786 437 818; x_wconf 89' lang='lat' dir='ltr'><strong>corpus</strong></span> <span class='ocrx_word' id='word_1_93' title='bbox 447 775 469 807; x_wconf 89' lang='lat' dir='ltr'><strong>ab</strong></span> <span class='ocrx_word' id='word_1_94' title='bbox 478 786 509 807; x_wconf 90' lang='lat' dir='ltr'><strong>an·</strong></span> <span class='ocrx_word' id='word_1_95' title='bbox 557 777 689 810; x_wconf 70' lang='lat' dir='ltr'>pentateuchum</span> <span class='ocrx_word' id='word_1_96' title='bbox 699 775 740 808; x_wconf 87' lang='lat' dir='ltr'><strong>ibid.</strong></span> <span class='ocrx_word' id='word_1_97' title='bbox 752 795 773 801; x_wconf 89' lang='lat'>-</span> <span class='ocrx_word' id='word_1_98' title='bbox 790 788 801 808; x_wconf 89' lang='lat' dir='ltr'><strong>a</strong></span> <span class='ocrx_word' id='word_1_99' title='bbox 811 775 913 820; x_wconf 89' lang='lat' dir='ltr'><strong>reliquorum</strong></span> <span class='ocrx_word' id='word_1_100' title='bbox 924 767 927 775; x_wconf 56' lang='lat'><strong>¹</strong></span> 
     </span>
     <span class='ocr_line' id='line_1_11' title="bbox 124 830 913 874; baseline 0.001 -11"><span class='ocrx_word' id='word_1_101' title='bbox 124 843 126 845; x_wconf 94' lang='lat'>·</span> <span class='ocrx_word' id='word_1_102' title='bbox 154 830 195 873; x_wconf 83' lang='lat' dir='ltr'><strong>gelis</strong></span> <span class='ocrx_word' id='word_1_103' title='bbox 203 842 237 863; x_wconf 92' lang='lat' dir='ltr'><strong>non</strong></span> <span class='ocrx_word' id='word_1_104' title='bbox 244 831 265 863; x_wconf 92' lang='lat' dir='ltr'><strong>ab</strong></span> <span class='ocrx_word' id='word_1_105' title='bbox 272 831 368 864; x_wconf 87' lang='lat' dir='ltr'><strong>hominihus</strong></span> <span class='ocrx_word' id='word_1_106' title='bbox 377 830 461 874; x_wconf 90' lang='lat' dir='ltr'><strong>sepultum</strong></span> <span class='ocrx_word' id='word_1_107' title='bbox 471 833 511 863; x_wconf 79' lang='grc'><strong>600.</strong></span> <span class='ocrx_word' id='word_1_108' title='bbox 558 833 658 867; x_wconf 87' lang='lat' dir='ltr'><strong>ludaeorum</strong></span> <span class='ocrx_word' id='word_1_109' title='bbox 674 831 760 865; x_wconf 84' lang='lat' dir='ltr'><strong>sacrificiis</strong></span> <span class='ocrx_word' id='word_1_110' title='bbox 771 831 874 872; x_wconf 85' lang='lat' dir='ltr'><strong>abhorrent,</strong></span> <span class='ocrx_word' id='word_1_111' title='bbox 892 832 913 865; x_wconf 85' lang='lat' dir='ltr'><strong>ab</strong></span> 
     </span>
     <span class='ocr_line' id='line_1_12' title="bbox 131 886 913 932; baseline 0.004 -11"><span class='ocrx_word' id='word_1_112' title='bbox 131 887 196 932; x_wconf 84' lang='lat' dir='ltr'><strong>Moysis</strong></span> <span class='ocrx_word' id='word_1_113' title='bbox 212 899 264 932; x_wconf 83' lang='lat' dir='ltr'><strong>genus</strong></span> <span class='ocrx_word' id='word_1_114' title='bbox 279 888 300 921; x_wconf 84' lang='lat' dir='ltr'><strong>ab</strong></span> <span class='ocrx_word' id='word_1_115' title='bbox 312 888 408 922; x_wconf 78' lang='lat' dir='ltr'><strong>Abraharno</strong></span> <span class='ocrx_word' id='word_1_116' title='bbox 420 886 511 921; x_wconf 88' lang='lat' dir='ltr'><strong>deductum</strong></span> <span class='ocrx_word' id='word_1_117' title='bbox 557 902 586 924; x_wconf 82' lang='lat' dir='ltr'><strong>esu</strong></span> <span class='ocrx_word' id='word_1_118' title='bbox 604 889 678 923; x_wconf 83' lang='lat' dir='ltr'><strong>carnium</strong></span> <span class='ocrx_word' id='word_1_119' title='bbox 696 896 714 922; x_wconf 91' lang='lat' dir='ltr'><strong>et</strong></span> <span class='ocrx_word' id='word_1_120' title='bbox 731 900 786 923; x_wconf 86' lang='lat' dir='ltr'><strong>rerum</strong></span> <span class='ocrx_word' id='word_1_121' title='bbox 803 888 913 924; x_wconf 75' lang='lat' dir='ltr'><strong>animatorum</strong></span> 
     </span>
     <span class='ocr_line' id='line_1_13' title="bbox 156 946 697 980; baseline 0.006 -3"><span class='ocrx_word' id='word_1_122' title='bbox 156 947 194 978; x_wconf 82' lang='grc'><strong>150.</strong></span> <span class='ocrx_word' id='word_1_123' title='bbox 557 946 645 980; x_wconf 85' lang='lat' dir='ltr'><strong>abstinent</strong></span> <span class='ocrx_word' id='word_1_124' title='bbox 655 946 697 980; x_wconf 87' lang='lat' dir='ltr'><strong>ibid.</strong></span> 
     </span>
     <span class='ocr_line' id='line_1_14' title="bbox 132 1001 914 1049; baseline 0.003 -12"><span class='ocrx_word' id='word_1_125' title='bbox 132 1002 201 1047; x_wconf 82' lang='lat' dir='ltr'><strong>Moyses</strong></span> <span class='ocrx_word' id='word_1_126' title='bbox 213 1001 320 1047; x_wconf 81' lang='lat' dir='ltr'><strong>paedagogus</strong></span> <span class='ocrx_word' id='word_1_127' title='bbox 333 1001 433 1035; x_wconf 78' lang='lat' dir='ltr'><strong>ludaeorum</strong></span> <span class='ocrx_word' id='word_1_128' title='bbox 445 1004 473 1034; x_wconf 81' lang='lat'><strong>18.</strong></span> <span class='ocrx_word' id='word_1_129' title='bbox 535 1004 618 1039; x_wconf 80' lang='lat' dir='ltr'><strong>Nazareni</strong></span> <span class='ocrx_word' id='word_1_130' title='bbox 627 1003 679 1037; x_wconf 87' lang='lat' dir='ltr'><strong>iidem</strong></span> <span class='ocrx_word' id='word_1_131' title='bbox 695 1004 723 1049; x_wconf 88' lang='lat' dir='ltr'><strong>qui</strong></span> <span class='ocrx_word' id='word_1_132' title='bbox 735 1010 752 1037; x_wconf 88' lang='lat' dir='ltr'><strong>et</strong></span> <span class='ocrx_word' id='word_1_133' title='bbox 764 1002 854 1037; x_wconf 82' lang='lat' dir='ltr'><strong>Christiani</strong></span> <span class='ocrx_word' id='word_1_134' title='bbox 864 1002 892 1038; x_wconf 83' lang='lat' dir='ltr'><strong>alii</strong></span> <span class='ocrx_word' id='word_1_135' title='bbox 904 1017 914 1039; x_wconf 85' lang='lat' dir='ltr'><strong>a</strong></span> 
     </span>
     <span class='ocr_line' id='line_1_15' title="bbox 133 1060 779 1105; baseline 0.002 -12"><span class='ocrx_word' id='word_1_136' title='bbox 133 1060 202 1105; x_wconf 84' lang='lat' dir='ltr'><strong>Moyses</strong></span> <span class='ocrx_word' id='word_1_137' title='bbox 212 1070 250 1093; x_wconf 89' lang='lat' dir='ltr'><strong>curn</strong></span> <span class='ocrx_word' id='word_1_138' title='bbox 268 1071 320 1094; x_wconf 82' lang='lat' dir='ltr'><strong>uxore</strong></span> <span class='ocrx_word' id='word_1_139' title='bbox 330 1060 468 1094; x_wconf 82' lang='lat' dir='ltr'><strong>consuetudinem</strong></span> <span class='ocrx_word' id='word_1_140' title='bbox 479 1072 512 1094; x_wconf 93' lang='lat' dir='ltr'><strong>non</strong></span> <span class='ocrx_word' id='word_1_141' title='bbox 558 1063 681 1096; x_wconf 88' lang='lat' dir='ltr'><strong>Nazaraeorum</strong></span> <span class='ocrx_word' id='word_1_142' title='bbox 693 1068 739 1095; x_wconf 84' lang='lat' dir='ltr'><strong>secta</strong></span> <span class='ocrx_word' id='word_1_143' title='bbox 751 1063 779 1095; x_wconf 83' lang='lat'><strong>51.</strong></span> 
     </span>
     <span class='ocr_line' id='line_1_16' title="bbox 155 1116 915 1166; baseline 0.004 -15"><span class='ocrx_word' id='word_1_144' title='bbox 155 1116 224 1161; x_wconf 84' lang='lat' dir='ltr'><strong>habuit,</strong></span> <span class='ocrx_word' id='word_1_145' title='bbox 240 1117 392 1163; x_wconf 85' lang='lat' dir='ltr'><strong>postquamadeo</strong></span> <span class='ocrx_word' id='word_1_146' title='bbox 407 1125 476 1153; x_wconf 81' lang='lat' dir='ltr'><strong>vocatus</strong></span> <span class='ocrx_word' id='word_1_147' title='bbox 487 1126 513 1152; x_wconf 91' lang='lat' dir='ltr'><strong>est</strong></span> <span class='ocrx_word' id='word_1_148' title='bbox 535 1121 660 1155; x_wconf 80' lang='lat' dir='ltr'><strong>Nazaraeorum</strong></span> <span class='ocrx_word' id='word_1_149' title='bbox 668 1119 741 1154; x_wconf 85' lang='lat' dir='ltr'><strong>haeresis</strong></span> <span class='ocrx_word' id='word_1_150' title='bbox 751 1119 810 1154; x_wconf 84' lang='lat' dir='ltr'><strong>ordine</strong></span> <span class='ocrx_word' id='word_1_151' title='bbox 820 1128 915 1166; x_wconf 84' lang='lat' dir='ltr'><strong>nonapost</strong></span> 
     </span>
     <span class='ocr_line' id='line_1_17' title="bbox 87 1178 915 1225; baseline -0.001 -12"><span class='ocrx_word' id='word_1_152' title='bbox 87 1220 89 1225; x_wconf 73' lang='lat'>‚</span> <span class='ocrx_word' id='word_1_153' title='bbox 157 1179 207 1210; x_wconf 81' lang='grc'><strong>1048.</strong></span> <span class='ocrx_word' id='word_1_154' title='bbox 560 1178 703 1213; x_wconf 85' lang='lat' dir='ltr'><strong>Christianismum</strong></span> <span class='ocrx_word' id='word_1_155' title='bbox 715 1180 790 1211; x_wconf 74' lang='lat' dir='ltr'><strong>ttu-</strong></span> <span class='ocrx_word' id='word_1_156' title='bbox 813 1178 858 1212; x_wconf 88' lang='lat' dir='ltr'><strong>unde</strong></span> <span class='ocrx_word' id='word_1_157' title='bbox 874 1178 915 1213; x_wconf 89' lang='lat' dir='ltr'><strong>dicti</strong></span> 
     </span>
     <span class='ocr_line' id='line_1_18' title="bbox 133 1233 599 1281; baseline 0.004 -13"><span class='ocrx_word' id='word_1_158' title='bbox 133 1236 211 1281; x_wconf 86' lang='lat' dir='ltr'><strong>Moysem</strong></span> <span class='ocrx_word' id='word_1_159' title='bbox 223 1233 286 1268; x_wconf 80' lang='lat' dir='ltr'><strong>Arabes</strong></span> <span class='ocrx_word' id='word_1_160' title='bbox 298 1245 330 1279; x_wconf 90' lang='lat' dir='ltr'><strong>pro</strong></span> <span class='ocrx_word' id='word_1_161' title='bbox 342 1233 375 1268; x_wconf 90' lang='lat' dir='ltr'><strong>deo</strong></span> <span class='ocrx_word' id='word_1_162' title='bbox 387 1233 445 1268; x_wconf 90' lang='lat' dir='ltr'><strong>colunt</strong></span> <span class='ocrx_word' id='word_1_163' title='bbox 456 1237 496 1267; x_wconf 78' lang='lat'><strong>469.</strong></span> <span class='ocrx_word' id='word_1_164' title='bbox 560 1240 599 1270; x_wconf 87' lang='grc'><strong>117.</strong></span> 
     </span>
     <span class='ocr_line' id='line_1_19' title="bbox 133 1291 899 1338; baseline 0.001 -12"><span class='ocrx_word' id='word_1_165' title='bbox 133 1293 202 1337; x_wconf 84' lang='lat' dir='ltr'><strong>Moyses</strong></span> <span class='ocrx_word' id='word_1_166' title='bbox 219 1299 297 1324; x_wconf 85' lang='lat' dir='ltr'><strong>recenset</strong></span> <span class='ocrx_word' id='word_1_167' title='bbox 314 1291 395 1337; x_wconf 87' lang='lat' dir='ltr'><strong>populum</strong></span> <span class='ocrx_word' id='word_1_168' title='bbox 410 1292 428 1325; x_wconf 90' lang='lat' dir='ltr'><strong>in</strong></span> <span class='ocrx_word' id='word_1_169' title='bbox 445 1292 512 1326; x_wconf 88' lang='lat' dir='ltr'><strong>deserto</strong></span> <span class='ocrx_word' id='word_1_170' title='bbox 537 1294 632 1328; x_wconf 85' lang='lat' dir='ltr'><strong>Nembrotlr</strong></span> <span class='ocrx_word' id='word_1_171' title='bbox 644 1292 786 1338; x_wconf 77' lang='lat' dir='ltr'><strong>primusregnum</strong></span> <span class='ocrx_word' id='word_1_172' title='bbox 798 1296 899 1338; x_wconf 77' lang='lat' dir='ltr'><strong>occupati.</strong></span> 
     </span>
     <span class='ocr_line' id='line_1_20' title="bbox 157 1349 915 1395; baseline -0.003 -10"><span class='ocrx_word' id='word_1_173' title='bbox 157 1349 203 1382; x_wconf 79' lang='lat' dir='ltr'><strong>Sinai</strong></span> <span class='ocrx_word' id='word_1_174' title='bbox 215 1352 243 1381; x_wconf 83' lang='lat'><strong>11·</strong></span> <span class='ocrx_word' id='word_1_175' title='bbox 537 1351 606 1385; x_wconf 82' lang='lat' dir='ltr'><strong>Nicaeni</strong></span> <span class='ocrx_word' id='word_1_176' title='bbox 624 1349 690 1384; x_wconf 89' lang='lat' dir='ltr'><strong>concilii</strong></span> <span class='ocrx_word' id='word_1_177' title='bbox 707 1361 779 1383; x_wconf 85' lang='lat' dir='ltr'><strong>canones</strong></span> <span class='ocrx_word' id='word_1_178' title='bbox 795 1362 816 1384; x_wconf 83' lang='lat' dir='ltr'><strong>ac</strong></span> <span class='ocrx_word' id='word_1_179' title='bbox 829 1349 915 1395; x_wconf 85' lang='lat' dir='ltr'><strong>inprimis</strong></span> 
     </span>
     <span class='ocr_line' id='line_1_21' title="bbox 134 1406 724 1452; baseline 0.002 -13"><span class='ocrx_word' id='word_1_180' title='bbox 134 1407 203 1452; x_wconf 84' lang='lat' dir='ltr'><strong>Moyses</strong></span> <span class='ocrx_word' id='word_1_181' title='bbox 218 1418 241 1440; x_wconf 90' lang='lat' dir='ltr'><strong>ne</strong></span> <span class='ocrx_word' id='word_1_182' title='bbox 256 1407 320 1439; x_wconf 87' lang='lat' dir='ltr'><strong>otiosus</strong></span> <span class='ocrx_word' id='word_1_183' title='bbox 337 1413 391 1446; x_wconf 82' lang='lat' dir='ltr'><strong>esset,</strong></span> <span class='ocrx_word' id='word_1_184' title='bbox 408 1406 438 1439; x_wconf 88' lang='lat' dir='ltr'><strong>sed</strong></span> <span class='ocrx_word' id='word_1_185' title='bbox 455 1407 514 1440; x_wconf 84' lang='lat' dir='ltr'><strong>labore</strong></span> <span class='ocrx_word' id='word_1_186' title='bbox 559 1408 581 1441; x_wconf 92' lang='lat' dir='ltr'><strong>de</strong></span> <span class='ocrx_word' id='word_1_187' title='bbox 593 1408 674 1442; x_wconf 87' lang='lat' dir='ltr'><strong>Paschate</strong></span> <span class='ocrx_word' id='word_1_188' title='bbox 687 1409 724 1440; x_wconf 78' lang='lat' dir='ltr'><strong>tan.</strong></span> 
     </span>
     <span class='ocr_line' id='line_1_22' title="bbox 157 1458 915 1510; baseline 0.004 -14"><span class='ocrx_word' id='word_1_189' title='bbox 157 1475 187 1497; x_wconf 88' lang='lat' dir='ltr'><strong>suo</strong></span> <span class='ocrx_word' id='word_1_190' title='bbox 200 1464 272 1506; x_wconf 81' lang='lat' dir='ltr'><strong>vireret,</strong></span> <span class='ocrx_word' id='word_1_191' title='bbox 285 1463 338 1509; x_wconf 91' lang='lat' dir='ltr'><strong>opilio</strong></span> <span class='ocrx_word' id='word_1_192' title='bbox 349 1463 382 1496; x_wconf 85' lang='lat' dir='ltr'><strong>fnit</strong></span> <span class='ocrx_word' id='word_1_193' title='bbox 394 1466 445 1497; x_wconf 90' lang='grc'><strong>1071.</strong></span> <span class='ocrx_word' id='word_1_194' title='bbox 524 1458 658 1499; x_wconf 84' lang='lat' dir='ltr'><strong>¹Nicolaitarum</strong></span> <span class='ocrx_word' id='word_1_195' title='bbox 672 1464 746 1498; x_wconf 89' lang='lat' dir='ltr'><strong>haeresis</strong></span> <span class='ocrx_word' id='word_1_196' title='bbox 762 1464 821 1509; x_wconf 88' lang='lat' dir='ltr'><strong>quinta</strong></span> <span class='ocrx_word' id='word_1_197' title='bbox 835 1471 875 1510; x_wconf 90' lang='lat' dir='ltr'><strong>post</strong></span> <span class='ocrx_word' id='word_1_198' title='bbox 886 1476 915 1499; x_wconf 90' lang='lat' dir='ltr'><strong>or·</strong></span> 
     </span>
     <span class='ocr_line' id='line_1_23' title="bbox 134 1520 915 1566; baseline 0.003 -13"><span class='ocrx_word' id='word_1_199' title='bbox 134 1521 195 1554; x_wconf 86' lang='lat' dir='ltr'><strong>Mulier</strong></span> <span class='ocrx_word' id='word_1_200' title='bbox 206 1532 291 1565; x_wconf 86' lang='lat' dir='ltr'><strong>uunquam</strong></span> <span class='ocrx_word' id='word_1_201' title='bbox 306 1528 345 1564; x_wconf 89' lang='lat' dir='ltr'><strong>post</strong></span> <span class='ocrx_word' id='word_1_202' title='bbox 357 1521 415 1554; x_wconf 91' lang='lat' dir='ltr'><strong>orbem</strong></span> <span class='ocrx_word' id='word_1_203' title='bbox 427 1521 514 1554; x_wconf 90' lang='lat' dir='ltr'><strong>conditum</strong></span> <span class='ocrx_word' id='word_1_204' title='bbox 560 1529 595 1555; x_wconf 91' lang='lat' dir='ltr'><strong>tum</strong></span> <span class='ocrx_word' id='word_1_205' title='bbox 608 1521 713 1555; x_wconf 79' lang='lat' dir='ltr'><strong>Christianae</strong></span> <span class='ocrx_word' id='word_1_206' title='bbox 725 1520 765 1554; x_wconf 85' lang='lat' dir='ltr'><strong>fidei</strong></span> <span class='ocrx_word' id='word_1_207' title='bbox 777 1524 803 1554; x_wconf 82' lang='grc'><strong>76.</strong></span> <span class='ocrx_word' id='word_1_208' title='bbox 816 1540 838 1546; x_wconf 91' lang='lat'><em>-</em></span> <span class='ocrx_word' id='word_1_209' title='bbox 861 1533 915 1566; x_wconf 85' lang='lat' dir='ltr'><strong>aquo</strong></span> 
     </span>
     <span class='ocr_line' id='line_1_24' title="bbox 158 1577 916 1622; baseline -0.001 -11"><span class='ocrx_word' id='word_1_210' title='bbox 158 1577 254 1611; x_wconf 87' lang='lat' dir='ltr'><strong>sacerdotio</strong></span> <span class='ocrx_word' id='word_1_211' title='bbox 267 1577 325 1610; x_wconf 76' lang='lat' dir='ltr'><strong>iuncta</strong></span> <span class='ocrx_word' id='word_1_212' title='bbox 337 1579 387 1610; x_wconf 82' lang='grc'><strong>1059.</strong></span> <span class='ocrx_word' id='word_1_213' title='bbox 560 1578 657 1612; x_wconf 88' lang='lat' dir='ltr'><strong>introducta</strong></span> <span class='ocrx_word' id='word_1_214' title='bbox 668 1577 709 1610; x_wconf 88' lang='lat' dir='ltr'><strong>ibid.</strong></span> <span class='ocrx_word' id='word_1_215' title='bbox 722 1597 743 1603; x_wconf 88' lang='lat'>—</span> <span class='ocrx_word' id='word_1_216' title='bbox 767 1578 818 1622; x_wconf 82' lang='lat' dir='ltr'><strong>quam</strong></span> <span class='ocrx_word' id='word_1_217' title='bbox 831 1577 887 1610; x_wconf 88' lang='lat' dir='ltr'><strong>foedis</strong></span> <span class='ocrx_word' id='word_1_218' title='bbox 898 1584 916 1611; x_wconf 92' lang='lat' dir='ltr'><strong>et</strong></span> 
     </span>
     <span class='ocr_line' id='line_1_25' title="bbox 135 1633 916 1678; baseline -0.003 -10"><span class='ocrx_word' id='word_1_219' title='bbox 135 1634 197 1668; x_wconf 84' lang='lat' dir='ltr'><strong>Mulier</strong></span> <span class='ocrx_word' id='word_1_220' title='bbox 207 1646 236 1668; x_wconf 91' lang='lat' dir='ltr'><strong>cur</strong></span> <span class='ocrx_word' id='word_1_221' title='bbox 247 1634 346 1674; x_wconf 85' lang='lat' dir='ltr'><strong>aedificata,</strong></span> <span class='ocrx_word' id='word_1_222' title='bbox 365 1641 383 1667; x_wconf 86' lang='lat' dir='ltr'><strong>et</strong></span> <span class='ocrx_word' id='word_1_223' title='bbox 394 1646 429 1668; x_wconf 90' lang='lat' dir='ltr'><strong>uon</strong></span> <span class='ocrx_word' id='word_1_224' title='bbox 441 1635 515 1667; x_wconf 81' lang='lat' dir='ltr'><strong>formata</strong></span> <span class='ocrx_word' id='word_1_225' title='bbox 560 1634 625 1668; x_wconf 84' lang='lat' dir='ltr'><strong>lascivis</strong></span> <span class='ocrx_word' id='word_1_226' title='bbox 635 1634 732 1668; x_wconf 89' lang='lat' dir='ltr'><strong>libidinibus</strong></span> <span class='ocrx_word' id='word_1_227' title='bbox 742 1633 829 1678; x_wconf 86' lang='lat' dir='ltr'><strong>inquinata</strong></span> <span class='ocrx_word' id='word_1_228' title='bbox 840 1633 881 1667; x_wconf 86' lang='lat' dir='ltr'><strong>ibid.</strong></span> <span class='ocrx_word' id='word_1_229' title='bbox 894 1653 916 1660; x_wconf 89' lang='lat'>-</span> 
     </span>
     <span class='ocr_line' id='line_1_26' title="bbox 158 1689 916 1735; baseline 0 -12"><span class='ocrx_word' id='word_1_230' title='bbox 158 1691 221 1724; x_wconf 85' lang='lat' dir='ltr'><strong>dicitur</strong></span> <span class='ocrx_word' id='word_1_231' title='bbox 233 1692 284 1723; x_wconf 82' lang='lat'><strong>1051.</strong></span> <span class='ocrx_word' id='word_1_232' title='bbox 497 1690 499 1693; x_wconf 66' lang='grc'><strong>”</strong></span> <span class='ocrx_word' id='word_1_233' title='bbox 560 1690 634 1725; x_wconf 80' lang='lat' dir='ltr'><strong>auctoris</strong></span> <span class='ocrx_word' id='word_1_234' title='bbox 644 1691 679 1724; x_wconf 90' lang='lat' dir='ltr'><strong>eius</strong></span> <span class='ocrx_word' id='word_1_235' title='bbox 690 1702 723 1724; x_wconf 85' lang='lat' dir='ltr'><strong>vox</strong></span> <span class='ocrx_word' id='word_1_236' title='bbox 733 1690 834 1735; x_wconf 86' lang='lat' dir='ltr'><strong>nequissima</strong></span> <span class='ocrx_word' id='word_1_237' title='bbox 845 1689 886 1724; x_wconf 89' lang='lat' dir='ltr'><strong>ibid.</strong></span> <span class='ocrx_word' id='word_1_238' title='bbox 893 1709 916 1716; x_wconf 93' lang='lat'><em>-</em></span> 
     </span>
     <span class='ocr_line' id='line_1_27' title="bbox 135 1746 916 1787; baseline -0.001 -7"><span class='ocrx_word' id='word_1_239' title='bbox 135 1748 215 1781; x_wconf 77' lang='lat' dir='ltr'><strong>Mulieres</strong></span> <span class='ocrx_word' id='word_1_240' title='bbox 228 1748 282 1780; x_wconf 85' lang='lat' dir='ltr'><strong>malae</strong></span> <span class='ocrx_word' id='word_1_241' title='bbox 297 1754 315 1779; x_wconf 90' lang='lat' dir='ltr'><strong>ut</strong></span> <span class='ocrx_word' id='word_1_242' title='bbox 327 1747 412 1787; x_wconf 84' lang='lat' dir='ltr'><strong>cavendae</strong></span> <span class='ocrx_word' id='word_1_243' title='bbox 428 1749 479 1779; x_wconf 81' lang='grc'><strong>1005.</strong></span> <span class='ocrx_word' id='word_1_244' title='bbox 493 1765 513 1771; x_wconf 85' lang='grc'><strong>-</strong></span> <span class='ocrx_word' id='word_1_245' title='bbox 560 1748 581 1780; x_wconf 88' lang='lat' dir='ltr'><strong>ab</strong></span> <span class='ocrx_word' id='word_1_246' title='bbox 598 1759 619 1781; x_wconf 87' lang='lat' dir='ltr'><strong>eo</strong></span> <span class='ocrx_word' id='word_1_247' title='bbox 635 1746 714 1780; x_wconf 76' lang='lat' dir='ltr'><strong>Gnostici</strong></span> <span class='ocrx_word' id='word_1_248' title='bbox 729 1747 762 1780; x_wconf 86' lang='lat' dir='ltr'><strong>orti</strong></span> <span class='ocrx_word' id='word_1_249' title='bbox 777 1753 795 1780; x_wconf 84' lang='lat' dir='ltr'><strong>et</strong></span> <span class='ocrx_word' id='word_1_250' title='bbox 810 1746 916 1780; x_wconf 79' lang='lat' dir='ltr'><strong>Pbibionitue</strong></span> 
     </span>
     <span class='ocr_line' id='line_1_28' title="bbox 158 1802 916 1847; baseline -0.001 -11"><span class='ocrx_word' id='word_1_251' title='bbox 158 1803 212 1836; x_wconf 87' lang='lat' dir='ltr'><strong>omnis</strong></span> <span class='ocrx_word' id='word_1_252' title='bbox 227 1803 300 1837; x_wconf 84' lang='lat' dir='ltr'><strong>haeresis</strong></span> <span class='ocrx_word' id='word_1_253' title='bbox 312 1803 371 1835; x_wconf 86' lang='lat' dir='ltr'><strong>mulier</strong></span> <span class='ocrx_word' id='word_1_254' title='bbox 383 1803 427 1836; x_wconf 90' lang='lat' dir='ltr'><strong>mala</strong></span> <span class='ocrx_word' id='word_1_255' title='bbox 437 1802 479 1835; x_wconf 89' lang='lat' dir='ltr'><strong>ibid.</strong></span> <span class='ocrx_word' id='word_1_256' title='bbox 563 1806 590 1837; x_wconf 86' lang='grc'><strong>77.</strong></span> <span class='ocrx_word' id='word_1_257' title='bbox 602 1822 625 1829; x_wconf 92' lang='lat'><strong>-—</strong></span> <span class='ocrx_word' id='word_1_258' title='bbox 647 1810 735 1847; x_wconf 84' lang='lat' dir='ltr'><strong>praeterea</strong></span> <span class='ocrx_word' id='word_1_259' title='bbox 745 1802 846 1847; x_wconf 83' lang='lat' dir='ltr'><strong>prodierunt</strong></span> <span class='ocrx_word' id='word_1_260' title='bbox 855 1802 877 1836; x_wconf 88' lang='lat' dir='ltr'><strong>ab</strong></span> <span class='ocrx_word' id='word_1_261' title='bbox 886 1803 916 1836; x_wconf 91' lang='lat' dir='ltr'><strong>illo</strong></span> 
     </span>
     <span class='ocr_line' id='line_1_29' title="bbox 135 1849 926 1901; baseline -0.001 -9"><span class='ocrx_word' id='word_1_262' title='bbox 135 1860 214 1892; x_wconf 85' lang='lat' dir='ltr'><strong>Mulieres</strong></span> <span class='ocrx_word' id='word_1_263' title='bbox 233 1858 274 1891; x_wconf 88' lang='lat' dir='ltr'><strong>deus</strong></span> <span class='ocrx_word' id='word_1_264' title='bbox 293 1858 389 1892; x_wconf 79' lang='lat' dir='ltr'><strong>sacerdotes</strong></span> <span class='ocrx_word' id='word_1_265' title='bbox 406 1869 443 1891; x_wconf 88' lang='lat' dir='ltr'><strong>esse</strong></span> <span class='ocrx_word' id='word_1_266' title='bbox 460 1857 515 1891; x_wconf 86' lang='lat' dir='ltr'><strong>noluit</strong></span> <span class='ocrx_word' id='word_1_267' title='bbox 560 1859 641 1893; x_wconf 86' lang='lat' dir='ltr'><strong>haeretici</strong></span> <span class='ocrx_word' id='word_1_268' title='bbox 656 1859 748 1901; x_wconf 85' lang='lat' dir='ltr'><strong>militares,</strong></span> <span class='ocrx_word' id='word_1_269' title='bbox 766 1858 839 1892; x_wconf 86' lang='lat' dir='ltr'><strong>Levitici</strong></span> <span class='ocrx_word' id='word_1_270' title='bbox 855 1865 874 1892; x_wconf 92' lang='lat' dir='ltr'><strong>et</strong></span> <span class='ocrx_word' id='word_1_271' title='bbox 887 1849 926 1892; x_wconf 75' lang='lat' dir='ltr'><strong>atii‘</strong></span> 
     </span>
     <span class='ocr_line' id='line_1_30' title="bbox 160 1914 916 1960; baseline 0.001 -13"><span class='ocrx_word' id='word_1_272' title='bbox 160 1918 211 1948; x_wconf 80' lang='grc'><strong>1064.</strong></span> <span class='ocrx_word' id='word_1_273' title='bbox 560 1915 601 1949; x_wconf 90' lang='lat' dir='ltr'><strong>ibid.</strong></span> <span class='ocrx_word' id='word_1_274' title='bbox 613 1933 637 1940; x_wconf 93' lang='lat'><em>-</em></span> <span class='ocrx_word' id='word_1_275' title='bbox 654 1915 722 1960; x_wconf 87' lang='lat' dir='ltr'><strong>quidam</strong></span> <span class='ocrx_word' id='word_1_276' title='bbox 733 1914 916 1949; x_wconf 80' lang='lat' dir='ltr'><strong>PrunicamexNico-</strong></span> 
     </span>
     <span class='ocr_line' id='line_1_31' title="bbox 135 1962 916 2007; baseline -0.002 -0.076"><span class='ocrx_word' id='word_1_277' title='bbox 135 1973 196 2007; x_wconf 88' lang='lat' dir='ltr'><strong>Mundi</strong></span> <span class='ocrx_word' id='word_1_278' title='bbox 207 1972 294 2006; x_wconf 85' lang='lat' dir='ltr'><strong>exordium</strong></span> <span class='ocrx_word' id='word_1_279' title='bbox 305 1975 322 2005; x_wconf 82' lang='lat'><strong>4.</strong></span> <span class='ocrx_word' id='word_1_280' title='bbox 561 1972 605 2007; x_wconf 86' lang='lat' dir='ltr'><strong>laitis</strong></span> <span class='ocrx_word' id='word_1_281' title='bbox 621 1972 745 2007; x_wconf 82' lang='lat' dir='ltr'><strong>venerabantur</strong></span> <span class='ocrx_word' id='word_1_282' title='bbox 762 1962 789 2005; x_wconf 76' lang='grc'><strong>78.</strong></span> <span class='ocrx_word' id='word_1_283' title='bbox 800 1991 824 1998; x_wconf 93' lang='grc'>-</span> <span class='ocrx_word' id='word_1_284' title='bbox 847 1984 867 2005; x_wconf 83' lang='lat' dir='ltr'><strong>er</strong></span> <span class='ocrx_word' id='word_1_285' title='bbox 883 1971 916 2005; x_wconf 87' lang='lat' dir='ltr'><strong>illis</strong></span> 
     </span>
     <span class='ocr_line' id='line_1_32' title="bbox 136 2028 915 2074; baseline -0.004 -10"><span class='ocrx_word' id='word_1_286' title='bbox 136 2030 210 2064; x_wconf 91' lang='lat' dir='ltr'><strong>Mundus</strong></span> <span class='ocrx_word' id='word_1_287' title='bbox 223 2042 252 2064; x_wconf 86' lang='lat' dir='ltr'><strong>cur</strong></span> <span class='ocrx_word' id='word_1_288' title='bbox 263 2030 297 2063; x_wconf 82' lang='lat' dir='ltr'><strong>fuit</strong></span> <span class='ocrx_word' id='word_1_289' title='bbox 308 2042 318 2064; x_wconf 88' lang='lat' dir='ltr'><strong>a</strong></span> <span class='ocrx_word' id='word_1_290' title='bbox 330 2029 363 2063; x_wconf 88' lang='lat' dir='ltr'><strong>deu</strong></span> <span class='ocrx_word' id='word_1_291' title='bbox 376 2029 453 2063; x_wconf 85' lang='lat' dir='ltr'><strong>conditus</strong></span> <span class='ocrx_word' id='word_1_292' title='bbox 465 2031 504 2062; x_wconf 76' lang='lat'><strong>555.</strong></span> <span class='ocrx_word' id='word_1_293' title='bbox 561 2031 637 2066; x_wconf 78' lang='lat' dir='ltr'><strong>nonnulli</strong></span> <span class='ocrx_word' id='word_1_294' title='bbox 647 2030 746 2064; x_wconf 84' lang='lat' dir='ltr'><strong>[aldahaoth</strong></span> <span class='ocrx_word' id='word_1_295' title='bbox 759 2029 856 2064; x_wconf 84' lang='lat' dir='ltr'><strong>Barhelonis</strong></span> <span class='ocrx_word' id='word_1_296' title='bbox 868 2028 915 2074; x_wconf 88' lang='lat' dir='ltr'><strong>prio-</strong></span> 
     </span>
     <span class='ocr_line' id='line_1_33' title="bbox 136 2085 917 2131; baseline -0.001 -10"><span class='ocrx_word' id='word_1_297' title='bbox 136 2088 218 2121; x_wconf 91' lang='lat' dir='ltr'><strong>Mundum</strong></span> <span class='ocrx_word' id='word_1_298' title='bbox 228 2087 297 2121; x_wconf 87' lang='lat' dir='ltr'><strong>interire</strong></span> <span class='ocrx_word' id='word_1_299' title='bbox 309 2093 327 2120; x_wconf 92' lang='lat' dir='ltr'><strong>et</strong></span> <span class='ocrx_word' id='word_1_300' title='bbox 335 2086 396 2121; x_wconf 84' lang='lat' dir='ltr'><strong>mutari</strong></span> <span class='ocrx_word' id='word_1_301' title='bbox 405 2086 456 2128; x_wconf 79' lang='lat' dir='ltr'><strong>idem,</strong></span> <span class='ocrx_word' id='word_1_302' title='bbox 469 2085 516 2131; x_wconf 89' lang='lat' dir='ltr'><strong>quod</strong></span> <span class='ocrx_word' id='word_1_303' title='bbox 561 2100 597 2123; x_wconf 87' lang='lat' dir='ltr'><strong>rem</strong></span> <span class='ocrx_word' id='word_1_304' title='bbox 608 2094 649 2122; x_wconf 86' lang='lat' dir='ltr'><strong>natu</strong></span> <span class='ocrx_word' id='word_1_305' title='bbox 660 2086 712 2121; x_wconf 86' lang='lat' dir='ltr'><strong>filium</strong></span> <span class='ocrx_word' id='word_1_306' title='bbox 722 2086 801 2122; x_wconf 80' lang='lat' dir='ltr'><strong>colebant</strong></span> <span class='ocrx_word' id='word_1_307' title='bbox 811 2089 838 2121; x_wconf 82' lang='grc'><strong>78.</strong></span> <span class='ocrx_word' id='word_1_308' title='bbox 847 2107 868 2113; x_wconf 89' lang='grc'>-</span> <span class='ocrx_word' id='word_1_309' title='bbox 891 2085 917 2120; x_wconf 92' lang='lat' dir='ltr'><strong>in·</strong></span> 
     </span>
     <span class='ocr_line' id='line_1_34' title="bbox 160 2143 917 2193; baseline -0.001 -13"><span class='ocrx_word' id='word_1_310' title='bbox 160 2146 241 2191; x_wconf 86' lang='lat' dir='ltr'><strong>probatur</strong></span> <span class='ocrx_word' id='word_1_311' title='bbox 257 2145 366 2180; x_wconf 85' lang='lat' dir='ltr'><strong>similitudine</strong></span> <span class='ocrx_word' id='word_1_312' title='bbox 388 2143 464 2190; x_wconf 87' lang='lat' dir='ltr'><strong>corporis</strong></span> <span class='ocrx_word' id='word_1_313' title='bbox 481 2144 515 2178; x_wconf 93' lang='lat' dir='ltr'><strong>hu·</strong></span> <span class='ocrx_word' id='word_1_314' title='bbox 561 2154 601 2193; x_wconf 86' lang='lat' dir='ltr'><strong>epta</strong></span> <span class='ocrx_word' id='word_1_315' title='bbox 617 2146 685 2181; x_wconf 91' lang='lat' dir='ltr'><strong>illorum</strong></span> <span class='ocrx_word' id='word_1_316' title='bbox 701 2145 781 2191; x_wconf 83' lang='lat' dir='ltr'><strong>figmenta</strong></span> <span class='ocrx_word' id='word_1_317' title='bbox 799 2145 843 2180; x_wconf 86' lang='lat' dir='ltr'><strong>circa</strong></span> <span class='ocrx_word' id='word_1_318' title='bbox 859 2143 917 2179; x_wconf 84' lang='lat' dir='ltr'><strong>mundi</strong></span> 
     </span>
     <span class='ocr_line' id='line_1_35' title="bbox 159 2203 916 2251; baseline -0.001 -13"><span class='ocrx_word' id='word_1_319' title='bbox 159 2205 206 2239; x_wconf 88' lang='lat' dir='ltr'><strong>mani</strong></span> <span class='ocrx_word' id='word_1_320' title='bbox 216 2204 257 2238; x_wconf 91' lang='lat' dir='ltr'><strong>ibid.</strong></span> <span class='ocrx_word' id='word_1_321' title='bbox 562 2205 644 2251; x_wconf 79' lang='lat' dir='ltr'><strong>originem</strong></span> <span class='ocrx_word' id='word_1_322' title='bbox 660 2207 688 2238; x_wconf 84' lang='lat'><strong>80.</strong></span> <span class='ocrx_word' id='word_1_323' title='bbox 700 2224 722 2230; x_wconf 92' lang='lat'><em>-</em></span> <span class='ocrx_word' id='word_1_324' title='bbox 745 2206 831 2246; x_wconf 79' lang='lat' dir='ltr'><strong>Aeonem,</strong></span> <span class='ocrx_word' id='word_1_325' title='bbox 847 2210 866 2238; x_wconf 86' lang='lat' dir='ltr'><strong>et</strong></span> <span class='ocrx_word' id='word_1_326' title='bbox 877 2203 916 2238; x_wconf 85' lang='lat' dir='ltr'><strong>Ma-</strong></span> 
     </span>
     <span class='ocr_line' id='line_1_36' title="bbox 137 2260 917 2308; baseline -0.004 -11"><span class='ocrx_word' id='word_1_327' title='bbox 137 2264 176 2297; x_wconf 91' lang='lat' dir='ltr'><strong>Mus</strong></span> <span class='ocrx_word' id='word_1_328' title='bbox 187 2275 257 2298; x_wconf 87' lang='lat' dir='ltr'><strong>araneus</strong></span> <span class='ocrx_word' id='word_1_329' title='bbox 271 2263 323 2308; x_wconf 88' lang='lat' dir='ltr'><strong>qualis</strong></span> <span class='ocrx_word' id='word_1_330' title='bbox 335 2269 352 2296; x_wconf 91' lang='lat' dir='ltr'><strong>et</strong></span> <span class='ocrx_word' id='word_1_331' title='bbox 363 2261 408 2296; x_wconf 78' lang='lat' dir='ltr'><strong>cuins</strong></span> <span class='ocrx_word' id='word_1_332' title='bbox 419 2268 488 2295; x_wconf 87' lang='lat' dir='ltr'><strong>naturae</strong></span> <span class='ocrx_word' id='word_1_333' title='bbox 498 2268 517 2295; x_wconf 91' lang='lat' dir='ltr'><strong>ut</strong></span> <span class='ocrx_word' id='word_1_334' title='bbox 561 2263 627 2307; x_wconf 83' lang='lat' dir='ltr'><strong>tricem,</strong></span> <span class='ocrx_word' id='word_1_335' title='bbox 636 2269 655 2295; x_wconf 89' lang='lat' dir='ltr'><strong>et</strong></span> <span class='ocrx_word' id='word_1_336' title='bbox 661 2263 755 2296; x_wconf 84' lang='lat' dir='ltr'><strong>Daemones</strong></span> <span class='ocrx_word' id='word_1_337' title='bbox 761 2260 843 2295; x_wconf 84' lang='lat' dir='ltr'><strong>invehunt</strong></span> <span class='ocrx_word' id='word_1_338' title='bbox 848 2260 888 2294; x_wconf 85' lang='lat' dir='ltr'><strong>ibid</strong></span> <span class='ocrx_word' id='word_1_339' title='bbox 895 2280 917 2288; x_wconf 89' lang='lat'>-</span> 
     </span>
     <span class='ocr_line' id='line_1_37' title="bbox 161 2319 786 2364; baseline -0.003 -10"><span class='ocrx_word' id='word_1_340' title='bbox 161 2332 198 2354; x_wconf 90' lang='lat' dir='ltr'><strong>cum</strong></span> <span class='ocrx_word' id='word_1_341' title='bbox 210 2320 246 2354; x_wconf 91' lang='lat' dir='ltr'><strong>eius</strong></span> <span class='ocrx_word' id='word_1_342' title='bbox 257 2332 314 2355; x_wconf 85' lang='lat' dir='ltr'><strong>morsu</strong></span> <span class='ocrx_word' id='word_1_343' title='bbox 325 2326 432 2364; x_wconf 84' lang='lat' dir='ltr'><strong>comparetur</strong></span> <span class='ocrx_word' id='word_1_344' title='bbox 443 2319 516 2353; x_wconf 83' lang='lat' dir='ltr'><strong>haeresis</strong></span> <span class='ocrx_word' id='word_1_345' title='bbox 562 2319 643 2354; x_wconf 80' lang='lat' dir='ltr'><strong>refutatio</strong></span> <span class='ocrx_word' id='word_1_346' title='bbox 655 2319 747 2353; x_wconf 86' lang='lat' dir='ltr'><strong>eorundem</strong></span> <span class='ocrx_word' id='word_1_347' title='bbox 759 2322 786 2352; x_wconf 91' lang='lat'><strong>81.</strong></span> 
     </span>
     <span class='ocr_line' id='line_1_38' title="bbox 161 2371 917 2423; baseline -0.001 -12"><span class='ocrx_word' id='word_1_348' title='bbox 161 2381 200 2412; x_wconf 76' lang='grc'><strong>470.</strong></span> <span class='ocrx_word' id='word_1_349' title='bbox 539 2378 614 2412; x_wconf 86' lang='lat' dir='ltr'><strong>Noeurus</strong></span> <span class='ocrx_word' id='word_1_350' title='bbox 623 2385 663 2423; x_wconf 88' lang='lat' dir='ltr'><strong>post</strong></span> <span class='ocrx_word' id='word_1_351' title='bbox 674 2371 755 2411; x_wconf 83' lang='lat' dir='ltr'><strong>diluvium</strong></span> <span class='ocrx_word' id='word_1_352' title='bbox 765 2376 793 2410; x_wconf 90' lang='lat' dir='ltr'><strong>nbi</strong></span> <span class='ocrx_word' id='word_1_353' title='bbox 803 2376 876 2422; x_wconf 86' lang='lat' dir='ltr'><strong>primum</strong></span> <span class='ocrx_word' id='word_1_354' title='bbox 886 2376 917 2411; x_wconf 82' lang='lat' dir='ltr'><strong>do-</strong></span> 
     </span>
     <span class='ocr_line' id='line_1_39' title="bbox 562 2434 771 2469; baseline -0.01 0"><span class='ocrx_word' id='word_1_355' title='bbox 562 2435 643 2469; x_wconf 89' lang='lat' dir='ltr'><strong>micilium</strong></span> <span class='ocrx_word' id='word_1_356' title='bbox 656 2434 744 2468; x_wconf 87' lang='lat' dir='ltr'><strong>constituit</strong></span> <span class='ocrx_word' id='word_1_357' title='bbox 755 2437 771 2467; x_wconf 79' lang='lat'><strong>5.</strong></span> 
     </span>
     <span class='ocr_line' id='line_1_40' title="bbox 318 2482 916 2537; baseline -0.008 -10"><span class='ocrx_word' id='word_1_358' title='bbox 318 2482 340 2514; x_wconf 75' lang='lat' dir='ltr'><strong>N·</strong></span> <span class='ocrx_word' id='word_1_359' title='bbox 540 2493 614 2526; x_wconf 88' lang='lat' dir='ltr'><strong>Noemus</strong></span> <span class='ocrx_word' id='word_1_360' title='bbox 622 2492 650 2525; x_wconf 89' lang='lat' dir='ltr'><strong>nbi</strong></span> <span class='ocrx_word' id='word_1_361' title='bbox 657 2491 728 2537; x_wconf 89' lang='lat' dir='ltr'><strong>primum</strong></span> <span class='ocrx_word' id='word_1_362' title='bbox 734 2491 786 2525; x_wconf 85' lang='lat' dir='ltr'><strong>vitem</strong></span> <span class='ocrx_word' id='word_1_363' title='bbox 793 2491 869 2526; x_wconf 86' lang='lat' dir='ltr'><strong>consevit</strong></span> <span class='ocrx_word' id='word_1_364' title='bbox 875 2490 916 2526; x_wconf 88' lang='lat' dir='ltr'><strong>ibid.</strong></span> 
     </span>
     <span class='ocr_line' id='line_1_41' title="bbox 138 2548 917 2596; baseline -0.003 -12"><span class='ocrx_word' id='word_1_365' title='bbox 138 2552 214 2584; x_wconf 84' lang='lat' dir='ltr'><strong>Naturae</strong></span> <span class='ocrx_word' id='word_1_366' title='bbox 228 2558 294 2595; x_wconf 85' lang='lat' dir='ltr'><strong>tempus</strong></span> <span class='ocrx_word' id='word_1_367' title='bbox 311 2549 359 2596; x_wconf 89' lang='lat' dir='ltr'><strong>quale</strong></span> <span class='ocrx_word' id='word_1_368' title='bbox 376 2550 427 2583; x_wconf 79' lang='lat' dir='ltr'><strong>fuerit</strong></span> <span class='ocrx_word' id='word_1_369' title='bbox 438 2550 469 2583; x_wconf 89' lang='lat' dir='ltr'><strong>sub</strong></span> <span class='ocrx_word' id='word_1_370' title='bbox 479 2549 517 2582; x_wconf 88' lang='lat' dir='ltr'><strong>iiliis</strong></span> <span class='ocrx_word' id='word_1_371' title='bbox 540 2550 614 2583; x_wconf 87' lang='lat' dir='ltr'><strong>Noemns</strong></span> <span class='ocrx_word' id='word_1_372' title='bbox 626 2561 701 2594; x_wconf 79' lang='lat' dir='ltr'><strong>uxorque</strong></span> <span class='ocrx_word' id='word_1_373' title='bbox 710 2548 745 2582; x_wconf 89' lang='lat' dir='ltr'><strong>eius</strong></span> <span class='ocrx_word' id='word_1_374' title='bbox 756 2560 794 2582; x_wconf 84' lang='lat' dir='ltr'><strong>cum</strong></span> <span class='ocrx_word' id='word_1_375' title='bbox 804 2548 858 2582; x_wconf 82' lang='lat' dir='ltr'><strong>tribus</strong></span> <span class='ocrx_word' id='word_1_376' title='bbox 872 2548 917 2582; x_wconf 88' lang='lat' dir='ltr'><strong>libe·</strong></span> 
     </span>
     <span class='ocr_line' id='line_1_42' title="bbox 133 2605 918 2654; baseline -0.003 -13"><span class='ocrx_word' id='word_1_377' title='bbox 133 2649 136 2654; x_wconf 30' lang='grc' dir='ltr'>Ι</span> <span class='ocrx_word' id='word_1_378' title='bbox 161 2607 251 2641; x_wconf 84' lang='lat' dir='ltr'><strong>Noemi5.</strong></span> <span class='ocrx_word' id='word_1_379' title='bbox 562 2607 585 2640; x_wconf 85' lang='lat' dir='ltr'><strong>ris</strong></span> <span class='ocrx_word' id='word_1_380' title='bbox 597 2606 710 2650; x_wconf 77' lang='lat' dir='ltr'><strong>uxoribusque</strong></span> <span class='ocrx_word' id='word_1_381' title='bbox 719 2617 777 2639; x_wconf 91' lang='lat' dir='ltr'><strong>eorum</strong></span> <span class='ocrx_word' id='word_1_382' title='bbox 786 2605 804 2639; x_wconf 89' lang='lat' dir='ltr'><strong>in</strong></span> <span class='ocrx_word' id='word_1_383' title='bbox 813 2618 851 2639; x_wconf 89' lang='lat' dir='ltr'><strong>arca</strong></span> <span class='ocrx_word' id='word_1_384' title='bbox 862 2617 918 2639; x_wconf 88' lang='lat' dir='ltr'><strong>serua·</strong></span> 
     </span>
     <span class='ocr_line' id='line_1_43' title="bbox 138 2662 849 2710; baseline -0.006 -12"><span class='ocrx_word' id='word_1_385' title='bbox 138 2664 221 2698; x_wconf 84' lang='lat' dir='ltr'><strong>Nazaraei</strong></span> <span class='ocrx_word' id='word_1_386' title='bbox 237 2677 270 2709; x_wconf 88' lang='lat' dir='ltr'><strong>quu</strong></span> <span class='ocrx_word' id='word_1_387' title='bbox 283 2673 360 2710; x_wconf 84' lang='lat' dir='ltr'><strong>tempore</strong></span> <span class='ocrx_word' id='word_1_388' title='bbox 376 2663 481 2709; x_wconf 83' lang='lat' dir='ltr'><strong>prodierint,</strong></span> <span class='ocrx_word' id='word_1_389' title='bbox 500 2669 518 2696; x_wconf 87' lang='lat' dir='ltr'><strong>et</strong></span> <span class='ocrx_word' id='word_1_390' title='bbox 564 2671 601 2707; x_wconf 69' lang='lat' dir='ltr'><strong>tus,</strong></span> <span class='ocrx_word' id='word_1_391' title='bbox 613 2675 672 2696; x_wconf 89' lang='lat' dir='ltr'><strong>onrues</strong></span> <span class='ocrx_word' id='word_1_392' title='bbox 683 2663 701 2695; x_wconf 86' lang='lat' dir='ltr'><strong>hi</strong></span> <span class='ocrx_word' id='word_1_393' title='bbox 714 2669 753 2696; x_wconf 89' lang='lat' dir='ltr'><strong>octo</strong></span> <span class='ocrx_word' id='word_1_394' title='bbox 766 2662 821 2705; x_wconf 74' lang='lat' dir='ltr'><strong>uapita</strong></span> <span class='ocrx_word' id='word_1_395' title='bbox 833 2665 849 2695; x_wconf 79' lang='lat'><strong>5.</strong></span> 
     </span>
     <span class='ocr_line' id='line_1_44' title="bbox 161 2719 918 2764; baseline -0.004 -10"><span class='ocrx_word' id='word_1_396' title='bbox 161 2721 244 2755; x_wconf 85' lang='lat' dir='ltr'><strong>haeresim</strong></span> <span class='ocrx_word' id='word_1_397' title='bbox 265 2733 311 2754; x_wconf 89' lang='lat' dir='ltr'><strong>suam</strong></span> <span class='ocrx_word' id='word_1_398' title='bbox 334 2721 418 2764; x_wconf 80' lang='lat' dir='ltr'><strong>vulgarint</strong></span> <span class='ocrx_word' id='word_1_399' title='bbox 439 2723 478 2753; x_wconf 90' lang='grc'><strong>120.</strong></span> <span class='ocrx_word' id='word_1_400' title='bbox 495 2739 518 2746; x_wconf 91' lang='lat'><em>-</em></span> <span class='ocrx_word' id='word_1_401' title='bbox 540 2719 602 2753; x_wconf 89' lang='lat' dir='ltr'><strong>Noemi</strong></span> <span class='ocrx_word' id='word_1_402' title='bbox 613 2727 659 2753; x_wconf 84' lang='lat' dir='ltr'><strong>aetus</strong></span> <span class='ocrx_word' id='word_1_403' title='bbox 669 2731 728 2763; x_wconf 80' lang='lat' dir='ltr'><strong>expers</strong></span> <span class='ocrx_word' id='word_1_404' title='bbox 738 2719 837 2759; x_wconf 85' lang='lat' dir='ltr'><strong>haereseon,</strong></span> <span class='ocrx_word' id='word_1_405' title='bbox 851 2726 868 2753; x_wconf 85' lang='lat' dir='ltr'><strong>et</strong></span> <span class='ocrx_word' id='word_1_406' title='bbox 877 2726 918 2752; x_wconf 87' lang='lat' dir='ltr'><strong>tuuc</strong></span> 
     </span>
     <span class='ocr_line' id='line_1_45' title="bbox 162 2768 919 2823; baseline -0.004 -12"><span class='ocrx_word' id='word_1_407' title='bbox 162 2778 229 2823; x_wconf 88' lang='lat' dir='ltr'><strong>quaudo</strong></span> <span class='ocrx_word' id='word_1_408' title='bbox 242 2780 296 2811; x_wconf 86' lang='lat' dir='ltr'><strong>lesum</strong></span> <span class='ocrx_word' id='word_1_409' title='bbox 308 2777 381 2821; x_wconf 82' lang='lat' dir='ltr'><strong>professi</strong></span> <span class='ocrx_word' id='word_1_410' title='bbox 393 2780 431 2811; x_wconf 87' lang='grc'><strong>121.</strong></span> <span class='ocrx_word' id='word_1_411' title='bbox 564 2777 633 2822; x_wconf 87' lang='lat' dir='ltr'><strong>quisque</strong></span> <span class='ocrx_word' id='word_1_412' title='bbox 649 2768 719 2809; x_wconf 78' lang='lat' dir='ltr'><strong>arbitrio</strong></span> <span class='ocrx_word' id='word_1_413' title='bbox 736 2787 767 2809; x_wconf 88' lang='lat' dir='ltr'><strong>suo</strong></span> <span class='ocrx_word' id='word_1_414' title='bbox 783 2775 852 2809; x_wconf 77' lang='lat' dir='ltr'><strong>virebat</strong></span> <span class='ocrx_word' id='word_1_415' title='bbox 868 2778 884 2808; x_wconf 80' lang='lat'><strong>5.</strong></span> <span class='ocrx_word' id='word_1_416' title='bbox 896 2793 919 2801; x_wconf 92' lang='grc'>-</span> 
     </span>
     <span class='ocr_line' id='line_1_46' title="bbox 139 2831 904 2878; baseline -0.004 -10"><span class='ocrx_word' id='word_1_417' title='bbox 139 2834 227 2878; x_wconf 87' lang='lat' dir='ltr'><strong>Nazaraei,</strong></span> <span class='ocrx_word' id='word_1_418' title='bbox 238 2842 256 2867; x_wconf 92' lang='lat' dir='ltr'><strong>et</strong></span> <span class='ocrx_word' id='word_1_419' title='bbox 263 2834 346 2878; x_wconf 78' lang='lat' dir='ltr'><strong>Naziraei,</strong></span> <span class='ocrx_word' id='word_1_420' title='bbox 355 2841 373 2866; x_wconf 88' lang='lat' dir='ltr'><strong>et</strong></span> <span class='ocrx_word' id='word_1_421' title='bbox 380 2833 518 2876; x_wconf 68' lang='lat' dir='ltr'><strong>Nazoraeiquo-</strong></span> <span class='ocrx_word' id='word_1_422' title='bbox 563 2832 675 2866; x_wconf 87' lang='lat' dir='ltr'><strong>barbarismus</strong></span> <span class='ocrx_word' id='word_1_423' title='bbox 687 2831 727 2876; x_wconf 89' lang='lat' dir='ltr'><strong>quid</strong></span> <span class='ocrx_word' id='word_1_424' title='bbox 738 2831 761 2865; x_wconf 89' lang='lat' dir='ltr'><strong>sit</strong></span> <span class='ocrx_word' id='word_1_425' title='bbox 773 2831 852 2875; x_wconf 78' lang='lat' dir='ltr'><strong>apostolo</strong></span> <span class='ocrx_word' id='word_1_426' title='bbox 863 2831 904 2865; x_wconf 85' lang='lat' dir='ltr'><strong>ibid</strong></span> 
     </span>
     <span class='ocr_line' id='line_1_47' title="bbox 161 2887 919 2934; baseline -0.005 -10"><span class='ocrx_word' id='word_1_427' title='bbox 161 2890 214 2924; x_wconf 89' lang='lat' dir='ltr'><strong>modo</strong></span> <span class='ocrx_word' id='word_1_428' title='bbox 225 2890 383 2933; x_wconf 74' lang='lat' dir='ltr'><strong>dii’ferantibid.—-</strong></span> <span class='ocrx_word' id='word_1_429' title='bbox 395 2897 413 2923; x_wconf 86' lang='lat' dir='ltr'><strong>et</strong></span> <span class='ocrx_word' id='word_1_430' title='bbox 424 2889 456 2934; x_wconf 87' lang='lat' dir='ltr'><strong>ipsi</strong></span> <span class='ocrx_word' id='word_1_431' title='bbox 468 2889 517 2921; x_wconf 87' lang='lat' dir='ltr'><strong>Chri·</strong></span> <span class='ocrx_word' id='word_1_432' title='bbox 541 2888 602 2922; x_wconf 87' lang='lat' dir='ltr'><strong>Noemi</strong></span> <span class='ocrx_word' id='word_1_433' title='bbox 614 2889 694 2930; x_wconf 87' lang='lat' dir='ltr'><strong>historia,</strong></span> <span class='ocrx_word' id='word_1_434' title='bbox 711 2894 729 2921; x_wconf 88' lang='lat' dir='ltr'><strong>et</strong></span> <span class='ocrx_word' id='word_1_435' title='bbox 741 2887 793 2920; x_wconf 86' lang='lat' dir='ltr'><strong>totius</strong></span> <span class='ocrx_word' id='word_1_436' title='bbox 803 2888 849 2921; x_wconf 88' lang='lat' dir='ltr'><strong>orbis</strong></span> <span class='ocrx_word' id='word_1_437' title='bbox 859 2888 919 2922; x_wconf 78' lang='lat' dir='ltr'><strong>disisio</strong></span> 
     </span>
     <span class='ocr_line' id='line_1_48' title="bbox 162 2945 603 2981; baseline -0.007 -1"><span class='ocrx_word' id='word_1_438' title='bbox 162 2947 212 2980; x_wconf 86' lang='lat' dir='ltr'><strong>stiani</strong></span> <span class='ocrx_word' id='word_1_439' title='bbox 222 2947 266 2981; x_wconf 92' lang='lat' dir='ltr'><strong>sicut</strong></span> <span class='ocrx_word' id='word_1_440' title='bbox 274 2946 327 2981; x_wconf 86' lang='lat' dir='ltr'><strong>ceteri</strong></span> <span class='ocrx_word' id='word_1_441' title='bbox 336 2945 418 2981; x_wconf 88' lang='lat' dir='ltr'><strong>haeretici</strong></span> <span class='ocrx_word' id='word_1_442' title='bbox 427 2945 470 2978; x_wconf 80' lang='lat' dir='ltr'><strong>dieti</strong></span> <span class='ocrx_word' id='word_1_443' title='bbox 480 2948 518 2978; x_wconf 82' lang='grc'><strong>122.</strong></span> <span class='ocrx_word' id='word_1_444' title='bbox 565 2948 603 2979; x_wconf 76' lang='lat' dir='ltr'><strong>tua.</strong></span> 
     </span>
     <span class='ocr_line' id='line_1_49' title="bbox 163 3001 919 3049; baseline -0.004 -11"><span class='ocrx_word' id='word_1_445' title='bbox 163 3024 185 3030; x_wconf 93' lang='lat'><strong>-—</strong></span> <span class='ocrx_word' id='word_1_446' title='bbox 203 3011 292 3049; x_wconf 87' lang='lat' dir='ltr'><strong>utrumque</strong></span> <span class='ocrx_word' id='word_1_447' title='bbox 307 3011 427 3038; x_wconf 88' lang='lat' dir='ltr'><strong>testamentum</strong></span> <span class='ocrx_word' id='word_1_448' title='bbox 445 3002 519 3047; x_wconf 87' lang='lat' dir='ltr'><strong>probant</strong></span> <span class='ocrx_word' id='word_1_449' title='bbox 541 3003 617 3036; x_wconf 90' lang='lat' dir='ltr'><strong>Noemus</strong></span> <span class='ocrx_word' id='word_1_450' title='bbox 631 3003 669 3047; x_wconf 89' lang='lat' dir='ltr'><strong>quia</strong></span> <span class='ocrx_word' id='word_1_451' title='bbox 683 3002 735 3035; x_wconf 88' lang='lat' dir='ltr'><strong>iustus</strong></span> <span class='ocrx_word' id='word_1_452' title='bbox 748 3014 788 3035; x_wconf 89' lang='lat' dir='ltr'><strong>nnus</strong></span> <span class='ocrx_word' id='word_1_453' title='bbox 800 3014 820 3035; x_wconf 81' lang='lat' dir='ltr'><strong>ex</strong></span> <span class='ocrx_word' id='word_1_454' title='bbox 829 3001 876 3036; x_wconf 88' lang='lat' dir='ltr'><strong>omni</strong></span> <span class='ocrx_word' id='word_1_455' title='bbox 886 3002 919 3036; x_wconf 83' lang='lat' dir='ltr'><strong>lto-</strong></span> 
     </span>
     <span class='ocr_line' id='line_1_50' title="bbox 164 3058 840 3105; baseline -0.001 -10"><span class='ocrx_word' id='word_1_456' title='bbox 164 3061 204 3095; x_wconf 91' lang='lat' dir='ltr'><strong>ibid.</strong></span> <span class='ocrx_word' id='word_1_457' title='bbox 213 3082 233 3087; x_wconf 92' lang='lat'>—</span> <span class='ocrx_word' id='word_1_458' title='bbox 246 3075 256 3095; x_wconf 85' lang='lat' dir='ltr'><strong>a</strong></span> <span class='ocrx_word' id='word_1_459' title='bbox 262 3061 327 3095; x_wconf 85' lang='lat' dir='ltr'><strong>ludaeis</strong></span> <span class='ocrx_word' id='word_1_460' title='bbox 334 3073 367 3095; x_wconf 91' lang='lat' dir='ltr'><strong>non</strong></span> <span class='ocrx_word' id='word_1_461' title='bbox 374 3061 477 3105; x_wconf 86' lang='lat' dir='ltr'><strong>discrepant,</strong></span> <span class='ocrx_word' id='word_1_462' title='bbox 486 3058 520 3093; x_wconf 91' lang='lat' dir='ltr'><strong>nisi</strong></span> <span class='ocrx_word' id='word_1_463' title='bbox 565 3060 628 3094; x_wconf 87' lang='lat' dir='ltr'><strong>minum</strong></span> <span class='ocrx_word' id='word_1_464' title='bbox 639 3072 701 3105; x_wconf 85' lang='lat' dir='ltr'><strong>genere</strong></span> <span class='ocrx_word' id='word_1_465' title='bbox 712 3066 788 3093; x_wconf 83' lang='lat' dir='ltr'><strong>serratus</strong></span> <span class='ocrx_word' id='word_1_466' title='bbox 800 3062 840 3094; x_wconf 82' lang='lat'><strong>288.</strong></span> 
     </span>
     <span class='ocr_line' id='line_1_51' title="bbox 164 3114 920 3176; baseline -0.003 -23"><span class='ocrx_word' id='word_1_467' title='bbox 164 3114 473 3166; x_wconf 81' lang='lat' dir='ltr'><strong>quodinChristumcredrrntibid.-</strong></span> <span class='ocrx_word' id='word_1_468' title='bbox 482 3117 520 3152; x_wconf 83' lang='lat' dir='ltr'><strong>lie-</strong></span> <span class='ocrx_word' id='word_1_469' title='bbox 529 3118 532 3176; x_wconf 62' lang='lat'>!</span> <span class='ocrx_word' id='word_1_470' title='bbox 541 3116 603 3153; x_wconf 87' lang='lat' dir='ltr'><strong>Noemi</strong></span> <span class='ocrx_word' id='word_1_471' title='bbox 619 3129 640 3153; x_wconf 84' lang='lat' dir='ltr'><strong>ex</strong></span> <span class='ocrx_word' id='word_1_472' title='bbox 654 3117 711 3152; x_wconf 88' lang='lat' dir='ltr'><strong>liberis</strong></span> <span class='ocrx_word' id='word_1_473' title='bbox 728 3116 762 3153; x_wconf 87' lang='lat' dir='ltr'><strong>duo</strong></span> <span class='ocrx_word' id='word_1_474' title='bbox 778 3129 798 3153; x_wconf 83' lang='lat' dir='ltr'><strong>ae</strong></span> <span class='ocrx_word' id='word_1_475' title='bbox 814 3118 920 3165; x_wconf 82' lang='lat' dir='ltr'><strong>septuaginta</strong></span> 
     </span>
    </p>
   </div>
   <div class='ocr_carea' id='block_1_3' title="bbox 0 0 1000 3392">
    <p class='ocr_par' dir='ltr' id='par_1_3' title="bbox 0 0 1000 3392">
     <span class='ocr_line' id='line_1_52' title="bbox 0 0 1000 3392; baseline 0 0"><span class='ocrx_word' id='word_1_476' title='bbox 0 0 1000 3392; x_wconf 95' lang='lat' dir='ltr'><strong> </strong></span> 
     </span>
    </p>
   </div>
  </div>
 </body>
</html>
