1988 3392
242 228 336 261 ethnan
346 228 427 263 marn.
440 230 495 264 rom.
507 229 521 262 r.
534 228 691 262 atramini.
820 220 861 261 125

74 303 164 361 Quorum
176 307 276 363 negotium
289 322 347 350 omne
358 309 432 350 lraudis
442 323 465 351 ac
476 308 577 365 nequitiae
588 307 723 365 plenissimum
736 308 778 349 init.
807 306 862 349 Nam

74 388 118 416 cum
132 389 177 417 ase
188 375 275 417 invicem
284 375 379 432 opinione
393 391 432 418 non
450 378 598 435 discreparent,
622 375 751 417 nihilominus
762 383 828 418 certas
841 376 861 416 in

74 443 173 486 factiones
188 444 260 487 divulsi
273 452 331 495 suut,
353 445 398 487 dum
416 445 505 502 privatas
521 447 574 489 inter
589 460 611 488 sc
627 444 738 487 simultates
752 451 861 497 exercent3

73 511 136 554 veluti
147 512 199 568 quod
212 510 302 571 Cyrillus
317 512 525 571 hierosolymitanus,
548 522 568 557 et
580 513 693 571 Eutycbius
704 521 782 580 mqtnas
797 512 863 555 inimi-

74 581 131 624 citias
151 582 254 635 foverent,
276 580 365 640 Cyrillns
384 598 433 626 vero
452 582 548 626 aBusilii
566 582 663 635 Galatae,
686 591 707 625 et
721 583 808 635 Attiani,
830 583 863 639 qni

73 650 193 694 Antiochiae
206 653 309 695 ordinatus
322 660 365 696 erat
379 653 496 711 episcopus,
517 669 541 697 ac
551 653 634 710 Georgii
647 652 758 696 Laodiceni
774 651 863 710 partibus

74 728 146 764 staret.
177 719 230 778 Quid
246 730 312 766 antem
326 723 397 767 attinet
407 725 427 766 in
439 739 507 767 eorum
525 724 615 767 coetibus
630 723 728 780 partiendis
740 738 764 765 ac
777 736 863 765 comme·

73 792 174 834 morandis
187 800 265 848 tempus
276 795 358 836 terere?
386 792 453 836 Venio
464 793 526 850 igitur
537 795 561 836 ad
573 793 618 836 illos
630 806 700 836 omncs
710 793 832 836 refellendos
843 800 864 836 et

73 860 229 919 uniuscuiusque
248 863 360 905 calliditatis
375 863 504 905 evertendam
521 863 636 919 nequitiam.
667 860 708 905 Sed
720 863 743 905 dc
754 863 785 905 bis
797 863 860 920 prim,

74 944 124 986 qnae
145 938 215 987 postea
234 931 372 987 contigerunt,
396 931 500 973 dicendum
522 931 609 974 videtur.
646 929 702 973 lstud
723 931 776 974 enim
795 932 860 989 ipsum

74 1000 174 1042 nonnullis
190 1001 214 1043 ad
229 1001 360 1058 probitatem,
377 1000 421 1042 aliis
437 1001 461 1042 ad
477 1000 595 1057 pravitatem
610 1001 679 1043 cessit.

131 1067 211 1111 Etenim
223 1068 326 1112 'Melctius
346 1069 371 1112 ab
391 1069 468 1111 Acacio
487 1069 607 1111 Antiochiae
626 1069 729 1111 ordinatus
747 1069 859 1126 episcopus.
891 1082 932 1126 cap.

73 1134 175 1193 Deinceps
188 1138 241 1179 enim
252 1138 290 1180 boc
305 1138 392 1182 Aeacius
404 1138 525 1195 propositum
542 1137 619 1190 babuit,
637 1138 736 1193 paululum
748 1145 769 1180 ut
780 1138 804 1179 ab
817 1138 861 1179 illo-
872 1128 953 1162 XXVffl·

73 1218 117 1245 rum
127 1206 204 1247 nefario
216 1207 308 1262 dogmate
319 1207 446 1258 deflecteret,
468 1214 488 1247 et
500 1221 559 1248 unum
572 1220 594 1248 se
609 1220 636 1248 ex
648 1205 766 1248 orthodoxis
778 1207 861 1261 laceret,

73 1273 111 1314 hoc
120 1272 164 1330 ipso
176 1276 227 1330 qnod
237 1273 341 1317 Meletium
352 1275 372 1315 in
383 1274 416 1316 illa
428 1274 553 1316 ordinatione
563 1275 697 1316 confirmaret.
729 1272 807 1331 Quippe
817 1272 863 1317 Me-

74 1341 133 1383 letius
146 1341 178 1383 hic
194 1343 218 1384 alt
231 1343 339 1385 Acacianis
355 1342 444 1398 partibus
462 1342 581 1384 constitutus
597 1356 646 1384 snae
662 1342 686 1384 ab
698 1342 748 1398 ipsis
763 1342 863 1398 opinionis

73 1423 119 1451 esse
131 1410 258 1452 credebatur.
290 1409 365 1452 Verum
378 1409 428 1461 alins
440 1418 471 1452 est
483 1417 586 1466 repertus,
609 1418 631 1452 ut
642 1412 666 1452 de
679 1424 704 1452 eo
716 1410 804 1466 plerique
816 1425 863 1452 nar·

73 1484 126 1519 rant.
157 1477 217 1520 Nunc
233 1478 286 1520 enim
302 1478 334 1534 qui
349 1479 374 1520 ad
387 1478 442 1519 illum
456 1486 476 1519 et
490 1479 514 1520 ad
526 1478 569 1520 eius
581 1487 660 1521 coetum
672 1478 749 1534 seipsos
765 1479 862 1521 adiunxe-

73 1554 132 1598 runt,
148 1561 176 1589 ex
188 1561 213 1588 eo
224 1548 275 1602 quod
287 1547 427 1603 persecutione
437 1546 471 1588 ille
482 1546 576 1599 iactatus,
593 1554 613 1589 et
623 1562 634 1588 e
643 1547 690 1588 sede
701 1561 737 1588 sua
747 1547 862 1590 deturbatus

74 1622 116 1666 est,
134 1615 228 1672 temporis
240 1629 295 1657 mora
308 1622 328 1657 et
339 1614 484 1672 persecutionis
498 1615 642 1672 longinquitate
653 1629 675 1658 se
688 1615 712 1657 ad
725 1615 779 1657 illum
791 1629 863 1672 aggre-

74 1690 154 1740 gantes,
170 1684 202 1726 dei
213 1699 285 1727 caussa
296 1685 394 1726 sinceram
406 1685 463 1726 tidem
476 1684 628 1740 amplectuntur.
660 1681 763 1739 Siquidem
776 1684 863 1741 complu-

74 1767 108 1803 res
120 1766 146 1796 cx
159 1753 212 1796 illius
227 1753 305 1795 concilii
319 1761 377 1795 coetu
394 1752 460 1809 populi
478 1754 558 1795 luerunt
571 1753 604 1810 qni
621 1752 719 1810 episcopis
735 1752 863 1809 sibimetipsis

75 1822 182 1880 propositis
198 1822 300 1866 mirificam
317 1823 341 1865 de
356 1822 396 1865 lilio
409 1822 553 1880 professionem
570 1822 617 1864 lidei
633 1835 681 1880 prae
696 1821 806 1875 scierunt,
825 1835 863 1865 nec

75 1892 245 1936 consubstantiale
256 1893 370 1951 repudiant,
386 1907 455 1935 verum
467 1901 547 1950 paratos
561 1906 583 1936 se
596 1907 641 1935 esse
652 1892 728 1946 dicunt,
745 1892 762 1935 si
773 1892 863 1949 perlecta

74 1963 164 2019 synodus
185 1971 279 2020 cogatur,
303 1963 355 2005 istud
375 1964 439 2019 ipsum
461 1961 565 2019 profiteri,
588 1977 626 2005 nec
643 1963 683 2005 ullo
699 1963 759 2005 modo
775 1975 859 2018 negare.

75 2029 129 2075 Sane
140 2032 218 2088 quidem
229 2031 267 2073 hoc
283 2032 392 2074 venerabili
407 2031 436 2073 illi
451 2029 535 2074 Meletio
550 2032 646 2087 contigit,
663 2033 696 2088 qui
708 2032 732 2074 ab
746 2032 829 2076 Arianis
842 2041 863 2076 et

75 2101 145 2143 Aeacii
156 2101 244 2158 partibus
257 2101 377 2143 constitutus
389 2108 419 2142 est
430 2101 513 2157 primum
525 2108 546 2142 ut
554 2100 674 2143 Antiochiae
687 2102 707 2142 in
719 2102 805 2144 ecclesia
817 2116 861 2144 ser·

75 2184 153 2213 monem
164 2171 188 2213 ad
199 2170 290 2227 populum
307 2172 393 2223 laceret,
410 2181 433 2213 ac
446 2170 501 2212 velut
514 2170 607 2226 quasdam
621 2170 709 2212 innueris
719 2170 751 2212 sui
763 2170 861 2227 primitias

75 2239 188 2282 exhiberet.
220 2238 285 2295 Quem
301 2239 379 2296 quidem
395 2254 507 2282 sermonem
524 2238 612 2296 plerique
628 2254 672 2281 eum
685 2246 740 2281 recta
759 2239 798 2281 lide
813 2253 861 2281 con·

75 2315 192 2351 sentaneum
212 2322 257 2350 esse
277 2308 404 2351 conlirmant.
436 2306 487 2350 Eum
507 2322 544 2350 nos
566 2308 597 2350 bic
617 2308 769 2351 adscribendum
784 2307 862 2366 putavi·
935 2332 937 2334 ·

74 2391 119 2420 mus
134 2377 167 2434 qni
182 2385 214 2420 est
229 2378 334 2420 eiusmodi.

225 2560 354 2595 EXEMPLUM
366 2561 478 2594 SERMONIS
491 2564 505 2594 A
516 2560 617 2594 MELETIO
629 2559 712 2593 thlTl.

132 2643 231 2682 Meliorem
244 2643 340 2694 princepali
354 2643 447 2681 comonis
461 2644 533 2681 ecetram
548 2655 599 2689 esse,
621 2638 781 2696 sapicntissirnns
796 2642 860 2684 eccle·
890 2661 931 2704 cap,

75 2708 148 2751 siastcs
159 2708 253 2751 assernit.
284 2706 394 2763 Propterea
407 2709 481 2764 quoda
494 2708 571 2751 dicendi
588 2707 717 2750 contentione
731 2722 754 2750 ac
766 2709 861 2754 sollicitu-
870 2706 952 2779 §gfff-4

76 2777 121 2819 dine
142 2791 223 2819 cessare
239 2778 297 2833 longe
317 2784 348 2817 est
368 2791 426 2831 quam
442 2776 496 2818 illam
511 2776 606 2818 inchoare
626 2775 697 2817 melios
717 2790 740 2818 ac
760 2777 859 2819 sccnrins.
908 2770 912 2778 ¹
929 2772 934 2787 ¹
952 2770 957 2779 '

75 2843 197 2888 Praesertim
209 2860 252 2888 cnm
265 2846 317 2888 idem
328 2844 358 2886 bic
371 2845 499 2887 ecclesiastes
509 2845 594 2896 dixerit,
616 2848 657 2885 Isto
664 2848 757 2905 paauperes
767 2848 862 2899 repetentia
870 2852 913 2881 Eut.
921 2853 935 2890 t,
944 2852 967 2883 1⁵.

78 2966 80 2969 ,
98 2934 115 2971 4.
127 2935 194 2976 ἑαυτοῖς
204 2938 261 2978 scripsi
273 2946 293 2970 ec
304 2937 382 2969 emendat.
396 2937 456 2970 Coruu-
502 2932 518 2969 6.
530 2938 590 2969 Nomen
604 2934 686 2970 Meldttou
700 2936 862 2970 intolerando-

74 2984 97 3017 ro
107 2986 124 3017 rt·
133 2984 201 3017 Petenti.
223 2983 269 3015 tiore
279 2983 336 3015 dotent
347 2979 423 3022 ἑαυτοὺς.
474 2983 505 3015 ton.
517 2985 564 3023 repet.
576 2991 607 3014 non
619 2985 703 3023 amparet.

75 3030 221 3110 u“biniigppnngo
238 3024 283 3068 d;.“
305 3030 384 3062 Petamus.
402 3029 455 3071 Recte,
500 3027 516 3062 7.
528 3028 598 3061 atterum
609 3025 638 3062 tat
648 3027 682 3072 τῆς
692 3026 777 3061 delendum
787 3031 831 3070 puto.
