<?xml version="1.0" encoding="UTF-8"?>
<!DOCTYPE html PUBLIC "-//W3C//DTD XHTML 1.0 Transitional//EN"
    "http://www.w3.org/TR/xhtml1/DTD/xhtml1-transitional.dtd">
<html xmlns="http://www.w3.org/1999/xhtml" xml:lang="en" lang="en">
 <head>
  <title>
</title>
<meta http-equiv="Content-Type" content="text/html;charset=utf-8" />
  <meta name='ocr-system' content='tesseract 3.04.00' />
  <meta name='ocr-capabilities' content='ocr_page ocr_carea ocr_par ocr_line ocrx_word'/>
</head>
<body>
  <div class='ocr_page' id='page_1' title='image "./MN41650ucmf_1/MN41650ucmf_1_0225.png"; bbox 0 0 1988 3392; ppageno 0'>
   <div class='ocr_carea' id='block_1_1' title="bbox 232 228 849 276">
    <p class='ocr_par' dir='ltr' id='par_1_1' title="bbox 232 228 849 276">
     <span class='ocr_line' id='line_1_1' title="bbox 232 228 849 276; baseline -0.011 0"><span class='ocrx_word' id='word_1_1' title='bbox 232 241 327 276; x_wconf 71' lang='lat' dir='ltr'><strong>niutan</strong></span> <span class='ocrx_word' id='word_1_2' title='bbox 338 242 381 275; x_wconf 80' lang='lat' dir='ltr'><strong>uia.</strong></span> <span class='ocrx_word' id='word_1_3' title='bbox 392 243 423 276; x_wconf 84' lang='lat' dir='ltr'><strong>iu.</strong></span> <span class='ocrx_word' id='word_1_4' title='bbox 434 242 490 276; x_wconf 80' lang='lat' dir='ltr'><strong>Tou.</strong></span> <span class='ocrx_word' id='word_1_5' title='bbox 500 243 513 275; x_wconf 87' lang='lat'><strong>1.</strong></span> <span class='ocrx_word' id='word_1_6' title='bbox 524 240 594 275; x_wconf 80' lang='lat' dir='ltr'><strong>unua.</strong></span> <span class='ocrx_word' id='word_1_7' title='bbox 603 240 686 274; x_wconf 72' lang='lat' dir='ltr'><strong>mxxvi.</strong></span> <span class='ocrx_word' id='word_1_8' title='bbox 808 228 849 270; x_wconf 76' lang='lat'><strong>203</strong></span> 
     </span>
    </p>
   </div>
   <div class='ocr_carea' id='block_1_2' title="bbox 8 318 954 2721">
    <p class='ocr_par' dir='ltr' id='par_1_2' title="bbox 66 318 850 519">
     <span class='ocr_line' id='line_1_2' title="bbox 67 318 850 382; baseline -0.01 -13"><span class='ocrx_word' id='word_1_9' title='bbox 67 322 146 379; x_wconf 77' lang='lat' dir='ltr'><strong>Porto,</strong></span> <span class='ocrx_word' id='word_1_10' title='bbox 161 326 263 378; x_wconf 72' lang='lat' dir='ltr'><strong>nastrum,</strong></span> <span class='ocrx_word' id='word_1_11' title='bbox 281 339 324 367; x_wconf 90' lang='lat' dir='ltr'><strong>eum</strong></span> <span class='ocrx_word' id='word_1_12' title='bbox 338 323 400 378; x_wconf 80' lang='lat' dir='ltr'><strong>dixit,</strong></span> <span class='ocrx_word' id='word_1_13' title='bbox 422 324 560 382; x_wconf 85' lang='lat' dir='ltr'><strong>aequalitatem</strong></span> <span class='ocrx_word' id='word_1_14' title='bbox 570 338 615 366; x_wconf 84' lang='lat' dir='ltr'><strong>cum</strong></span> <span class='ocrx_word' id='word_1_15' title='bbox 627 330 683 381; x_wconf 81' lang='lat' dir='ltr'><strong>patae</strong></span> <span class='ocrx_word' id='word_1_16' title='bbox 695 319 741 375; x_wconf 80' lang='lat' dir='ltr'><strong>filii,</strong></span> <span class='ocrx_word' id='word_1_17' title='bbox 758 318 850 364; x_wconf 87' lang='lat' dir='ltr'><strong>similitu·</strong></span> 
     </span>
     <span class='ocr_line' id='line_1_3' title="bbox 66 390 849 452; baseline -0.009 -13"><span class='ocrx_word' id='word_1_18' title='bbox 66 396 171 452; x_wconf 88' lang='lat' dir='ltr'><strong>dinemque</strong></span> <span class='ocrx_word' id='word_1_19' title='bbox 187 396 286 449; x_wconf 77' lang='lat' dir='ltr'>declarat,</span> <span class='ocrx_word' id='word_1_20' title='bbox 308 410 344 437; x_wconf 89' lang='lat' dir='ltr'><strong>nee</strong></span> <span class='ocrx_word' id='word_1_21' title='bbox 361 410 404 437; x_wconf 91' lang='lat' dir='ltr'><strong>eam</strong></span> <span class='ocrx_word' id='word_1_22' title='bbox 420 396 496 449; x_wconf 81' lang='lat' dir='ltr'><strong>solum,</strong></span> <span class='ocrx_word' id='word_1_23' title='bbox 518 397 553 438; x_wconf 90' lang='lat' dir='ltr'><strong>sed</strong></span> <span class='ocrx_word' id='word_1_24' title='bbox 567 394 619 437; x_wconf 89' lang='lat' dir='ltr'><strong>idem</strong></span> <span class='ocrx_word' id='word_1_25' title='bbox 636 394 701 451; x_wconf 87' lang='lat' dir='ltr'><strong>ipsum</strong></span> <span class='ocrx_word' id='word_1_26' title='bbox 715 392 736 434; x_wconf 91' lang='lat' dir='ltr'><strong>in</strong></span> <span class='ocrx_word' id='word_1_27' title='bbox 749 390 849 442; x_wconf 84' lang='lat' dir='ltr'><strong>omnihus,</strong></span> 
     </span>
     <span class='ocr_line' id='line_1_4' title="bbox 67 463 446 519; baseline -0.005 -12"><span class='ocrx_word' id='word_1_28' title='bbox 67 479 105 507; x_wconf 88' lang='lat' dir='ltr'><strong>nee</strong></span> <span class='ocrx_word' id='word_1_29' title='bbox 120 464 264 519; x_wconf 74' lang='lat' dir='ltr'>discrepantem</span> <span class='ocrx_word' id='word_1_30' title='bbox 280 478 325 506; x_wconf 88' lang='lat' dir='ltr'><strong>esse</strong></span> <span class='ocrx_word' id='word_1_31' title='bbox 340 463 446 519; x_wconf 79' lang='lat' dir='ltr'><strong>signifieat.</strong></span> 
     </span>
    </p>

    <p class='ocr_par' dir='ltr' id='par_1_3' title="bbox 8 528 954 1206">
     <span class='ocr_line' id='line_1_5' title="bbox 124 528 954 587; baseline -0.006 -14"><span class='ocrx_word' id='word_1_32' title='bbox 124 531 228 586; x_wconf 77' lang='lat' dir='ltr'><strong>Quomodo</strong></span> <span class='ocrx_word' id='word_1_33' title='bbox 241 546 291 574; x_wconf 84' lang='lat' dir='ltr'><strong>vero</strong></span> <span class='ocrx_word' id='word_1_34' title='bbox 308 546 347 573; x_wconf 91' lang='lat' dir='ltr'><strong>non</strong></span> <span class='ocrx_word' id='word_1_35' title='bbox 364 531 452 587; x_wconf 89' lang='lat' dir='ltr'><strong>aequalis</strong></span> <span class='ocrx_word' id='word_1_36' title='bbox 465 539 500 573; x_wconf 82' lang='lat' dir='ltr'><strong>aul</strong></span> <span class='ocrx_word' id='word_1_37' title='bbox 513 532 584 574; x_wconf 86' lang='lat' dir='ltr'><strong>similis</strong></span> <span class='ocrx_word' id='word_1_38' title='bbox 600 545 646 573; x_wconf 91' lang='lat' dir='ltr'><strong>esse</strong></span> <span class='ocrx_word' id='word_1_39' title='bbox 663 537 742 587; x_wconf 85' lang='lat' dir='ltr'><strong>potest,</strong></span> <span class='ocrx_word' id='word_1_40' title='bbox 763 528 808 583; x_wconf 87' lang='lat' dir='ltr'><strong>qui,</strong></span> <span class='ocrx_word' id='word_1_41' title='bbox 829 533 851 569; x_wconf 90' lang='lat' dir='ltr'><strong>ut</strong></span> <span class='ocrx_word' id='word_1_42' title='bbox 863 532 905 576; x_wconf 80' lang='lat' dir='ltr'><strong>Gap·</strong></span> <span class='ocrx_word' id='word_1_43' title='bbox 916 531 954 564; x_wconf 83' lang='lat' dir='ltr'><strong>vll.</strong></span> 
     </span>
     <span class='ocr_line' id='line_1_6' title="bbox 65 591 954 655; baseline -0.006 -14"><span class='ocrx_word' id='word_1_44' title='bbox 65 591 172 652; x_wconf 76' lang='lat' dir='ltr'><strong>ian&#39;dixi,</strong></span> <span class='ocrx_word' id='word_1_45' title='bbox 189 600 218 641; x_wconf 84' lang='lat' dir='ltr'><strong>sie</strong></span> <span class='ocrx_word' id='word_1_46' title='bbox 230 600 328 655; x_wconf 76' lang='lat' dir='ltr'><strong>loquitur:</strong></span> <span class='ocrx_word' id='word_1_47' title='bbox 349 603 393 652; x_wconf 77' lang='lat' dir='ltr'><strong>Ego</strong></span> <span class='ocrx_word' id='word_1_48' title='bbox 404 603 424 640; x_wconf 82' lang='lat' dir='ltr'><strong>in</strong></span> <span class='ocrx_word' id='word_1_49' title='bbox 434 608 491 652; x_wconf 83' lang='lat' dir='ltr'><strong>petre</strong></span> <span class='ocrx_word' id='word_1_50' title='bbox 502 608 522 639; x_wconf 84' lang='lat' dir='ltr'><strong>et</strong></span> <span class='ocrx_word' id='word_1_51' title='bbox 529 609 586 653; x_wconf 85' lang='lat' dir='ltr'><strong>pater</strong></span> <span class='ocrx_word' id='word_1_52' title='bbox 596 603 616 640; x_wconf 82' lang='lat' dir='ltr'><strong>in</strong></span> <span class='ocrx_word' id='word_1_53' title='bbox 627 614 656 639; x_wconf 81' lang='lat' dir='ltr'><strong>iae</strong></span> <span class='ocrx_word' id='word_1_54' title='bbox 665 603 709 639; x_wconf 84' lang='lat' dir='ltr'><strong>est?</strong></span> <span class='ocrx_word' id='word_1_55' title='bbox 738 595 797 651; x_wconf 89' lang='lat' dir='ltr'><strong>Quod</strong></span> <span class='ocrx_word' id='word_1_56' title='bbox 810 609 954 645; x_wconf 58' lang='lat' dir='ltr'><strong>uoluminum.</strong></span> 
     </span>
     <span class='ocr_line' id='line_1_7' title="bbox 66 664 945 725; baseline -0.005 -16"><span class='ocrx_word' id='word_1_57' title='bbox 66 669 124 710; x_wconf 91' lang='lat' dir='ltr'><strong>modo</strong></span> <span class='ocrx_word' id='word_1_58' title='bbox 132 668 157 722; x_wconf 86' lang='lat' dir='ltr'><strong>ju</strong></span> <span class='ocrx_word' id='word_1_59' title='bbox 169 669 274 725; x_wconf 83' lang='lat' dir='ltr'><strong>euangelio</strong></span> <span class='ocrx_word' id='word_1_60' title='bbox 286 669 327 725; x_wconf 90' lang='lat' dir='ltr'><strong>ipse</strong></span> <span class='ocrx_word' id='word_1_61' title='bbox 338 668 401 720; x_wconf 79' lang='lat' dir='ltr'><strong>dixit,</strong></span> <span class='ocrx_word' id='word_1_62' title='bbox 417 668 451 709; x_wconf 91' lang='lat' dir='ltr'><strong>sed</strong></span> <span class='ocrx_word' id='word_1_63' title='bbox 464 675 484 709; x_wconf 86' lang='lat' dir='ltr'><strong>et</strong></span> <span class='ocrx_word' id='word_1_64' title='bbox 493 667 564 709; x_wconf 80' lang='lat' dir='ltr'>Esaias</span> <span class='ocrx_word' id='word_1_65' title='bbox 576 682 603 709; x_wconf 82' lang='lat' dir='ltr'><strong>ex</strong></span> <span class='ocrx_word' id='word_1_66' title='bbox 615 667 680 709; x_wconf 88' lang='lat' dir='ltr'><strong>saneti</strong></span> <span class='ocrx_word' id='word_1_67' title='bbox 691 665 773 723; x_wconf 82' lang='lat' dir='ltr'><strong>spiritus</strong></span> <span class='ocrx_word' id='word_1_68' title='bbox 784 664 849 706; x_wconf 88' lang='lat' dir='ltr'><strong>afflatu</strong></span> <span class='ocrx_word' id='word_1_69' title='bbox 857 677 945 715; x_wconf 66' lang='lat' dir='ltr'><strong>amnena.</strong></span> 
     </span>
     <span class='ocr_line' id='line_1_8' title="bbox 66 735 852 797; baseline -0.005 -17"><span class='ocrx_word' id='word_1_70' title='bbox 66 737 178 782; x_wconf 74' lang='lat' dir='ltr'><strong>vaticinans</strong></span> <span class='ocrx_word' id='word_1_71' title='bbox 190 738 250 782; x_wconf 88' lang='lat' dir='ltr'><strong>lilium</strong></span> <span class='ocrx_word' id='word_1_72' title='bbox 263 739 283 782; x_wconf 91' lang='lat' dir='ltr'><strong>in</strong></span> <span class='ocrx_word' id='word_1_73' title='bbox 295 745 351 797; x_wconf 81' lang='lat' dir='ltr'><strong>patae</strong></span> <span class='ocrx_word' id='word_1_74' title='bbox 366 753 412 781; x_wconf 87' lang='lat' dir='ltr'><strong>esse</strong></span> <span class='ocrx_word' id='word_1_75' title='bbox 425 738 531 795; x_wconf 80' lang='lat' dir='ltr'><strong>cognovit,</strong></span> <span class='ocrx_word' id='word_1_76' title='bbox 552 752 589 781; x_wconf 89' lang='lat' dir='ltr'><strong>nee</strong></span> <span class='ocrx_word' id='word_1_77' title='bbox 600 737 623 780; x_wconf 88' lang='lat' dir='ltr'><strong>ah</strong></span> <span class='ocrx_word' id='word_1_78' title='bbox 636 737 706 780; x_wconf 89' lang='lat' dir='ltr'><strong>eodem</strong></span> <span class='ocrx_word' id='word_1_79' title='bbox 719 735 806 779; x_wconf 90' lang='lat' dir='ltr'><strong>alienum</strong></span> <span class='ocrx_word' id='word_1_80' title='bbox 818 741 852 778; x_wconf 89' lang='lat' dir='ltr'><strong>aut</strong></span> 
     </span>
     <span class='ocr_line' id='line_1_9' title="bbox 66 805 851 867; baseline -0.004 -17"><span class='ocrx_word' id='word_1_81' title='bbox 66 808 180 862; x_wconf 79' lang='lat' dir='ltr'><strong>diversum,</strong></span> <span class='ocrx_word' id='word_1_82' title='bbox 204 810 262 867; x_wconf 85' lang='lat' dir='ltr'><strong>idque</strong></span> <span class='ocrx_word' id='word_1_83' title='bbox 277 810 329 851; x_wconf 87' lang='lat' dir='ltr'><strong>illius</strong></span> <span class='ocrx_word' id='word_1_84' title='bbox 346 809 407 852; x_wconf 81' lang='lat' dir='ltr'><strong>verba</strong></span> <span class='ocrx_word' id='word_1_85' title='bbox 425 809 569 851; x_wconf 81' lang='lat' dir='ltr'><strong>demonstrant.</strong></span> <span class='ocrx_word' id='word_1_86' title='bbox 601 806 659 864; x_wconf 89' lang='lat' dir='ltr'><strong>Quae</strong></span> <span class='ocrx_word' id='word_1_87' title='bbox 674 808 703 851; x_wconf 86' lang='lat' dir='ltr'><strong>sio</strong></span> <span class='ocrx_word' id='word_1_88' title='bbox 719 807 740 849; x_wconf 92' lang='lat' dir='ltr'><strong>in</strong></span> <span class='ocrx_word' id='word_1_89' title='bbox 756 805 851 848; x_wconf 81' lang='lat' dir='ltr'><strong>Hebraeo</strong></span> 
     </span>
     <span class='ocr_line' id='line_1_10' title="bbox 66 875 849 932; baseline -0.005 -13"><span class='ocrx_word' id='word_1_90' title='bbox 66 885 164 932; x_wconf 82' lang='lat' dir='ltr'><strong>uonoepta</strong></span> <span class='ocrx_word' id='word_1_91' title='bbox 179 886 238 919; x_wconf 86' lang='lat' dir='ltr'><strong>sunt:</strong></span> <span class='ocrx_word' id='word_1_92' title='bbox 260 877 339 920; x_wconf 87' lang='lat' dir='ltr'><strong>Pthoou</strong></span> <span class='ocrx_word' id='word_1_93' title='bbox 355 878 423 929; x_wconf 81' lang='lat' dir='ltr'><strong>sarin,</strong></span> <span class='ocrx_word' id='word_1_94' title='bbox 444 878 538 919; x_wconf 81' lang='lat' dir='ltr'><strong>niahotou</strong></span> <span class='ocrx_word' id='word_1_95' title='bbox 556 877 636 928; x_wconf 73' lang='lat' dir='ltr'><strong>salico,</strong></span> <span class='ocrx_word' id='word_1_96' title='bbox 658 891 726 919; x_wconf 83' lang='lat' dir='ltr'><strong>somer</strong></span> <span class='ocrx_word' id='word_1_97' title='bbox 741 875 849 925; x_wconf 81' lang='lat' dir='ltr'><strong>ammonio,</strong></span> 
     </span>
     <span class='ocr_line' id='line_1_11' title="bbox 67 943 851 996; baseline -0.005 -10"><span class='ocrx_word' id='word_1_98' title='bbox 67 944 217 996; x_wconf 81' lang='lat' dir='ltr'><strong>iesrosmooeh‚</strong></span> <span class='ocrx_word' id='word_1_99' title='bbox 233 945 302 986; x_wconf 79' lang='lat' dir='ltr'><strong>thesau</strong></span> <span class='ocrx_word' id='word_1_100' title='bbox 312 945 375 986; x_wconf 87' lang='lat' dir='ltr'><strong>salom</strong></span> <span class='ocrx_word' id='word_1_101' title='bbox 386 946 460 996; x_wconf 90' lang='lat' dir='ltr'><strong>salom,</strong></span> <span class='ocrx_word' id='word_1_102' title='bbox 476 944 545 985; x_wconf 84' lang='lat' dir='ltr'><strong>eliihao</strong></span> <span class='ocrx_word' id='word_1_103' title='bbox 558 945 629 996; x_wconf 75' lang='lat' dir='ltr'><strong>halon,</strong></span> <span class='ocrx_word' id='word_1_104' title='bbox 646 944 705 984; x_wconf 79' lang='lat' dir='ltr'><strong>beluli</strong></span> <span class='ocrx_word' id='word_1_105' title='bbox 716 943 806 983; x_wconf 91' lang='lat' dir='ltr'><strong>baldonai</strong></span> <span class='ocrx_word' id='word_1_106' title='bbox 816 943 851 983; x_wconf 90' lang='lat' dir='ltr'><strong>ad-</strong></span> 
     </span>
     <span class='ocr_line' id='line_1_12' title="bbox 67 1011 852 1066; baseline -0.004 -14"><span class='ocrx_word' id='word_1_107' title='bbox 67 1012 125 1062; x_wconf 83' lang='lat' dir='ltr'><strong>dotli,</strong></span> <span class='ocrx_word' id='word_1_108' title='bbox 142 1012 219 1053; x_wconf 83' lang='lat' dir='ltr'><strong>ohibai‘a</strong></span> <span class='ocrx_word' id='word_1_109' title='bbox 230 1012 308 1054; x_wconf 74' lang='lat' dir='ltr'><strong>Adonai</strong></span> <span class='ocrx_word' id='word_1_110' title='bbox 320 1012 444 1053; x_wconf 87' lang='lat' dir='ltr'><strong>sodolemim.</strong></span> <span class='ocrx_word' id='word_1_111' title='bbox 476 1011 534 1066; x_wconf 91' lang='lat' dir='ltr'><strong>Quae</strong></span> <span class='ocrx_word' id='word_1_112' title='bbox 546 1012 575 1052; x_wconf 82' lang='lat' dir='ltr'><strong>sia</strong></span> <span class='ocrx_word' id='word_1_113' title='bbox 588 1012 659 1066; x_wconf 85' lang='lat' dir='ltr'><strong>Aquila</strong></span> <span class='ocrx_word' id='word_1_114' title='bbox 670 1011 745 1051; x_wconf 82' lang='lat' dir='ltr'><strong>reddit:</strong></span> <span class='ocrx_word' id='word_1_115' title='bbox 770 1013 852 1062; x_wconf 78' lang='lat' dir='ltr'><strong>Aperite</strong></span> 
     </span>
     <span class='ocr_line' id='line_1_13' title="bbox 64 1079 849 1134; baseline -0.005 -13"><span class='ocrx_word' id='word_1_116' title='bbox 64 1088 142 1133; x_wconf 81' lang='lat' dir='ltr'><strong>portas,</strong></span> <span class='ocrx_word' id='word_1_117' title='bbox 163 1082 285 1133; x_wconf 78' lang='lat' dir='ltr'><em>ingrediatur</em></span> <span class='ocrx_word' id='word_1_118' title='bbox 295 1094 344 1133; x_wconf 81' lang='lat' dir='ltr'><strong>gens</strong></span> <span class='ocrx_word' id='word_1_119' title='bbox 357 1083 419 1129; x_wconf 75' lang='lat' dir='ltr'><strong>msto,</strong></span> <span class='ocrx_word' id='word_1_120' title='bbox 437 1083 545 1120; x_wconf 67' lang='lat' dir='ltr'><strong>custodiens</strong></span> <span class='ocrx_word' id='word_1_121' title='bbox 550 1080 623 1134; x_wconf 82' lang='lat' dir='ltr'><strong>fldem,</strong></span> <span class='ocrx_word' id='word_1_122' title='bbox 640 1079 849 1133; x_wconf 77' lang='lat' dir='ltr'><strong>opificiumfirmatum,</strong></span> 
     </span>
     <span class='ocr_line' id='line_1_14' title="bbox 8 1150 852 1206; baseline -0.004 -14"><span class='ocrx_word' id='word_1_123' title='bbox 8 1156 10 1159; x_wconf 56' lang='lat'><em>⁴</em></span> <span class='ocrx_word' id='word_1_124' title='bbox 66 1152 227 1206; x_wconf 75' lang='lat' dir='ltr'><strong>custodiitpueis,</strong></span> <span class='ocrx_word' id='word_1_125' title='bbox 251 1151 543 1206; x_wconf 75' lang='lat' dir='ltr'><strong>qnoainmeiez&#39;psoeenfidont:</strong></span> <span class='ocrx_word' id='word_1_126' title='bbox 566 1150 852 1205; x_wconf 79' lang='lat' dir='ltr'><strong>confiditedommoz&#39;noaeeu-</strong></span> 
     </span>
    </p>

    <p class='ocr_par' dir='ltr' id='par_1_4' title="bbox 48 1217 913 2721">
     <span class='ocr_line' id='line_1_15' title="bbox 67 1217 851 1277; baseline -0.001 -15"><span class='ocrx_word' id='word_1_127' title='bbox 67 1223 116 1272; x_wconf 80' lang='lat' dir='ltr'><strong>lum,</strong></span> <span class='ocrx_word' id='word_1_128' title='bbox 133 1225 252 1277; x_wconf 69' lang='lat' dir='ltr'><strong>quoniamae</strong></span> <span class='ocrx_word' id='word_1_129' title='bbox 264 1224 446 1271; x_wconf 66' lang='lat' dir='ltr'><strong>nominenominee,</strong></span> <span class='ocrx_word' id='word_1_130' title='bbox 469 1223 687 1276; x_wconf 72' lang='lat' dir='ltr'><strong>qin&#39;firmavzlsuecula.</strong></span> <span class='ocrx_word' id='word_1_131' title='bbox 719 1217 851 1276; x_wconf 82' lang='lat' dir='ltr'><strong>Septuaginta</strong></span> 
     </span>
     <span class='ocr_line' id='line_1_16' title="bbox 67 1291 851 1345; baseline -0.005 -13"><span class='ocrx_word' id='word_1_132' title='bbox 67 1305 129 1332; x_wconf 81' lang='lat' dir='ltr'><strong>vero:</strong></span> <span class='ocrx_word' id='word_1_133' title='bbox 144 1295 226 1344; x_wconf 80' lang='lat' dir='ltr'><em>Aperite</em></span> <span class='ocrx_word' id='word_1_134' title='bbox 233 1300 311 1345; x_wconf 79' lang='lat' dir='ltr'><strong>portas,</strong></span> <span class='ocrx_word' id='word_1_135' title='bbox 334 1295 455 1345; x_wconf 74' lang='lat' dir='ltr'><strong>ingrediatur</strong></span> <span class='ocrx_word' id='word_1_136' title='bbox 466 1295 574 1331; x_wconf 73' lang='lat' dir='ltr'><strong>castodiens</strong></span> <span class='ocrx_word' id='word_1_137' title='bbox 586 1294 694 1339; x_wconf 77' lang='lat' dir='ltr'><strong>veritatem,</strong></span> <span class='ocrx_word' id='word_1_138' title='bbox 715 1298 736 1329; x_wconf 86' lang='lat' dir='ltr'><strong>et</strong></span> <span class='ocrx_word' id='word_1_139' title='bbox 745 1291 851 1342; x_wconf 79' lang='lat' dir='ltr'><strong>apprehen-</strong></span> 
     </span>
     <span class='ocr_line' id='line_1_17' title="bbox 66 1359 850 1411; baseline -0.001 -14"><span class='ocrx_word' id='word_1_140' title='bbox 66 1361 112 1399; x_wconf 80' lang='lat' dir='ltr'><strong>dens</strong></span> <span class='ocrx_word' id='word_1_141' title='bbox 124 1362 232 1407; x_wconf 77' lang='lat' dir='ltr'><strong>ueritatem,</strong></span> <span class='ocrx_word' id='word_1_142' title='bbox 254 1367 273 1399; x_wconf 88' lang='lat' dir='ltr'><strong>et</strong></span> <span class='ocrx_word' id='word_1_143' title='bbox 283 1362 390 1398; x_wconf 71' lang='lat' dir='ltr'><strong>custodiens</strong></span> <span class='ocrx_word' id='word_1_144' title='bbox 397 1373 476 1411; x_wconf 75' lang='lat' dir='ltr'><strong>pucem5</strong></span> <span class='ocrx_word' id='word_1_145' title='bbox 498 1363 586 1411; x_wconf 73' lang='lat' dir='ltr'><strong>petentium</strong></span> <span class='ocrx_word' id='word_1_146' title='bbox 601 1362 620 1398; x_wconf 79' lang='lat' dir='ltr'><strong>in</strong></span> <span class='ocrx_word' id='word_1_147' title='bbox 633 1367 651 1397; x_wconf 84' lang='lat' dir='ltr'><strong>te</strong></span> <span class='ocrx_word' id='word_1_148' title='bbox 660 1365 796 1410; x_wconf 77' lang='lat' dir='ltr'><strong>speraverunt,</strong></span> <span class='ocrx_word' id='word_1_149' title='bbox 816 1359 850 1396; x_wconf 86' lang='lat' dir='ltr'><strong>do-</strong></span> 
     </span>
     <span class='ocr_line' id='line_1_18' title="bbox 66 1424 850 1478; baseline -0.003 -13"><span class='ocrx_word' id='word_1_150' title='bbox 66 1429 122 1474; x_wconf 83' lang='lat' dir='ltr'><strong>mine,</strong></span> <span class='ocrx_word' id='word_1_151' title='bbox 136 1429 224 1478; x_wconf 80' lang='lat' dir='ltr'><strong>usquein</strong></span> <span class='ocrx_word' id='word_1_152' title='bbox 236 1428 344 1473; x_wconf 76' lang='lat' dir='ltr'><strong>saeculum,</strong></span> <span class='ocrx_word' id='word_1_153' title='bbox 362 1429 408 1465; x_wconf 81' lang='lat' dir='ltr'><strong>deus</strong></span> <span class='ocrx_word' id='word_1_154' title='bbox 421 1440 513 1477; x_wconf 77' lang='lat' dir='ltr'><strong>magnus,</strong></span> <span class='ocrx_word' id='word_1_155' title='bbox 530 1434 626 1466; x_wconf 70' lang='lat' dir='ltr'><strong>aeternus.</strong></span> <span class='ocrx_word' id='word_1_156' title='bbox 658 1424 704 1478; x_wconf 88' lang='lat' dir='ltr'><strong>Quo</strong></span> <span class='ocrx_word' id='word_1_157' title='bbox 716 1424 737 1464; x_wconf 92' lang='lat' dir='ltr'><strong>in</strong></span> <span class='ocrx_word' id='word_1_158' title='bbox 751 1425 795 1464; x_wconf 87' lang='lat' dir='ltr'><strong>loeo</strong></span> <span class='ocrx_word' id='word_1_159' title='bbox 807 1424 850 1464; x_wconf 89' lang='lat' dir='ltr'><strong>ani-</strong></span> 
     </span>
     <span class='ocr_line' id='line_1_19' title="bbox 65 1490 850 1549; baseline 0 -16"><span class='ocrx_word' id='word_1_160' title='bbox 65 1493 178 1533; x_wconf 81' lang='lat' dir='ltr'><strong>madveutat</strong></span> <span class='ocrx_word' id='word_1_161' title='bbox 188 1492 252 1534; x_wconf 83' lang='lat' dir='ltr'><strong>lecton</strong></span> <span class='ocrx_word' id='word_1_162' title='bbox 262 1494 312 1549; x_wconf 89' lang='lat' dir='ltr'><strong>apud</strong></span> <span class='ocrx_word' id='word_1_163' title='bbox 326 1491 458 1549; x_wconf 66' lang='lat' dir='ltr'>Septuaginta</span> <span class='ocrx_word' id='word_1_164' title='bbox 467 1496 560 1534; x_wconf 72' lang='lat' dir='ltr'><strong>nominas</strong></span> <span class='ocrx_word' id='word_1_165' title='bbox 573 1501 593 1533; x_wconf 90' lang='lat' dir='ltr'><strong>et</strong></span> <span class='ocrx_word' id='word_1_166' title='bbox 603 1496 688 1545; x_wconf 81' lang='lat' dir='ltr'><strong>Magnus</strong></span> <span class='ocrx_word' id='word_1_167' title='bbox 699 1490 793 1547; x_wconf 80' lang='lat' dir='ltr'><strong>seriptum</strong></span> <span class='ocrx_word' id='word_1_168' title='bbox 805 1505 850 1533; x_wconf 86' lang='lat' dir='ltr'><strong>esse</strong></span> 
     </span>
     <span class='ocr_line' id='line_1_20' title="bbox 67 1559 851 1619; baseline 0 -16"><span class='ocrx_word' id='word_1_169' title='bbox 67 1575 103 1619; x_wconf 80' lang='lat' dir='ltr'><strong>pao</strong></span> <span class='ocrx_word' id='word_1_170' title='bbox 115 1575 140 1604; x_wconf 89' lang='lat' dir='ltr'><strong>eo</strong></span> <span class='ocrx_word' id='word_1_171' title='bbox 151 1562 202 1619; x_wconf 86' lang='lat' dir='ltr'><strong>quod</strong></span> <span class='ocrx_word' id='word_1_172' title='bbox 213 1569 244 1604; x_wconf 88' lang='lat' dir='ltr'><strong>est</strong></span> <span class='ocrx_word' id='word_1_173' title='bbox 254 1565 277 1604; x_wconf 88' lang='lat' dir='ltr'><strong>ln</strong></span> <span class='ocrx_word' id='word_1_174' title='bbox 287 1564 369 1604; x_wconf 84' lang='lat' dir='ltr'><strong>domino.</strong></span> <span class='ocrx_word' id='word_1_175' title='bbox 401 1560 465 1619; x_wconf 71' lang='lat' dir='ltr'><strong>Quam}</strong></span> <span class='ocrx_word' id='word_1_176' title='bbox 477 1562 537 1605; x_wconf 90' lang='lat' dir='ltr'><strong>multa</strong></span> <span class='ocrx_word' id='word_1_177' title='bbox 548 1562 617 1605; x_wconf 83' lang='lat' dir='ltr'><strong>eadem</strong></span> <span class='ocrx_word' id='word_1_178' title='bbox 628 1562 652 1603; x_wconf 78' lang='lat' dir='ltr'><strong>de</strong></span> <span class='ocrx_word' id='word_1_179' title='bbox 663 1576 685 1604; x_wconf 84' lang='lat' dir='ltr'><strong>ne</strong></span> <span class='ocrx_word' id='word_1_180' title='bbox 697 1568 800 1619; x_wconf 77' lang='lat' dir='ltr'><strong>praeterea</strong></span> <span class='ocrx_word' id='word_1_181' title='bbox 812 1559 851 1603; x_wconf 87' lang='lat' dir='ltr'><strong>dioi</strong></span> 
     </span>
     <span class='ocr_line' id='line_1_21' title="bbox 67 1631 850 1691; baseline -0.001 -16"><span class='ocrx_word' id='word_1_182' title='bbox 67 1633 162 1690; x_wconf 80' lang='lat' dir='ltr'><strong>possunt?</strong></span> <span class='ocrx_word' id='word_1_183' title='bbox 192 1631 232 1676; x_wconf 87' lang='lat' dir='ltr'><strong>Sed</strong></span> <span class='ocrx_word' id='word_1_184' title='bbox 249 1647 323 1676; x_wconf 74' lang='lat' dir='ltr'><strong>vereor</strong></span> <span class='ocrx_word' id='word_1_185' title='bbox 339 1648 363 1675; x_wconf 86' lang='lat' dir='ltr'><strong>ue</strong></span> <span class='ocrx_word' id='word_1_186' title='bbox 382 1634 460 1689; x_wconf 77' lang='lat' dir='ltr'><strong>longius</strong></span> <span class='ocrx_word' id='word_1_187' title='bbox 478 1634 595 1691; x_wconf 86' lang='lat' dir='ltr'><strong>disputando</strong></span> <span class='ocrx_word' id='word_1_188' title='bbox 612 1633 735 1688; x_wconf 76' lang='lat' dir='ltr'><strong>progrediar.</strong></span> <span class='ocrx_word' id='word_1_189' title='bbox 772 1631 850 1689; x_wconf 77' lang='lat' dir='ltr'>Quippe</span> 
     </span>
     <span class='ocr_line' id='line_1_22' title="bbox 67 1702 850 1760; baseline -0.001 -16"><span class='ocrx_word' id='word_1_190' title='bbox 67 1702 133 1744; x_wconf 90' lang='lat' dir='ltr'><strong>onmia</strong></span> <span class='ocrx_word' id='word_1_191' title='bbox 148 1703 211 1744; x_wconf 84' lang='lat' dir='ltr'><strong>saenis</strong></span> <span class='ocrx_word' id='word_1_192' title='bbox 229 1703 250 1745; x_wconf 93' lang='lat' dir='ltr'><strong>in</strong></span> <span class='ocrx_word' id='word_1_193' title='bbox 264 1703 327 1745; x_wconf 84' lang='lat' dir='ltr'><strong>litenis</strong></span> <span class='ocrx_word' id='word_1_194' title='bbox 341 1704 444 1760; x_wconf 82' lang='lat' dir='ltr'><strong>perspieua</strong></span> <span class='ocrx_word' id='word_1_195' title='bbox 456 1711 515 1754; x_wconf 87' lang='lat' dir='ltr'><strong>sunt,</strong></span> <span class='ocrx_word' id='word_1_196' title='bbox 537 1704 553 1745; x_wconf 93' lang='lat' dir='ltr'><strong>si</strong></span> <span class='ocrx_word' id='word_1_197' title='bbox 568 1703 612 1758; x_wconf 87' lang='lat' dir='ltr'><strong>quis</strong></span> <span class='ocrx_word' id='word_1_198' title='bbox 628 1704 659 1758; x_wconf 92' lang='lat' dir='ltr'><strong>pia</strong></span> <span class='ocrx_word' id='word_1_199' title='bbox 675 1709 741 1744; x_wconf 90' lang='lat' dir='ltr'><strong>mente</strong></span> <span class='ocrx_word' id='word_1_200' title='bbox 755 1702 778 1743; x_wconf 88' lang='lat' dir='ltr'><strong>ad</strong></span> <span class='ocrx_word' id='word_1_201' title='bbox 789 1702 850 1744; x_wconf 89' lang='lat' dir='ltr'><strong>divini</strong></span> 
     </span>
     <span class='ocr_line' id='line_1_23' title="bbox 67 1771 851 1827; baseline -0.001 -16"><span class='ocrx_word' id='word_1_202' title='bbox 67 1771 124 1812; x_wconf 81' lang='lat' dir='ltr'><strong>verbi</strong></span> <span class='ocrx_word' id='word_1_203' title='bbox 136 1771 269 1825; x_wconf 80' lang='lat' dir='ltr'><strong>cognitionem</strong></span> <span class='ocrx_word' id='word_1_204' title='bbox 286 1773 406 1823; x_wconf 80' lang='lat' dir='ltr'><strong>aeeessenit,</strong></span> <span class='ocrx_word' id='word_1_205' title='bbox 428 1786 492 1826; x_wconf 89' lang='lat' dir='ltr'><strong>neque</strong></span> <span class='ocrx_word' id='word_1_206' title='bbox 507 1771 580 1813; x_wconf 87' lang='lat' dir='ltr'><strong>diaboli</strong></span> <span class='ocrx_word' id='word_1_207' title='bbox 593 1772 678 1827; x_wconf 90' lang='lat' dir='ltr'><strong>impulsu</strong></span> <span class='ocrx_word' id='word_1_208' title='bbox 690 1772 710 1812; x_wconf 93' lang='lat' dir='ltr'><strong>in</strong></span> <span class='ocrx_word' id='word_1_209' title='bbox 723 1771 791 1826; x_wconf 83' lang='lat' dir='ltr'><strong>seipso</strong></span> <span class='ocrx_word' id='word_1_210' title='bbox 803 1785 851 1811; x_wconf 92' lang='lat' dir='ltr'><strong>eon-</strong></span> 
     </span>
     <span class='ocr_line' id='line_1_24' title="bbox 67 1838 849 1894; baseline -0.001 -16"><span class='ocrx_word' id='word_1_211' title='bbox 67 1845 124 1891; x_wconf 84' lang='lat' dir='ltr'><strong>oeplo</strong></span> <span class='ocrx_word' id='word_1_212' title='bbox 134 1838 153 1878; x_wconf 83' lang='lat' dir='ltr'><strong>in</strong></span> <span class='ocrx_word' id='word_1_213' title='bbox 166 1839 282 1879; x_wconf 84' lang='lat' dir='ltr'><strong>altissimam</strong></span> <span class='ocrx_word' id='word_1_214' title='bbox 296 1839 366 1879; x_wconf 76' lang='lat' dir='ltr'><strong>niortis</strong></span> <span class='ocrx_word' id='word_1_215' title='bbox 380 1839 497 1892; x_wconf 75' lang='lat' dir='ltr'><strong>voraginem</strong></span> <span class='ocrx_word' id='word_1_216' title='bbox 513 1838 640 1894; x_wconf 84' lang='lat' dir='ltr'><strong>praeeipitem</strong></span> <span class='ocrx_word' id='word_1_217' title='bbox 657 1853 703 1879; x_wconf 86' lang='lat' dir='ltr'><strong>sese</strong></span> <span class='ocrx_word' id='word_1_218' title='bbox 720 1838 849 1878; x_wconf 75' lang='lat' dir='ltr'><strong>commiserit.</strong></span> 
     </span>
     <span class='ocr_line' id='line_1_25' title="bbox 69 1902 849 1959; baseline 0 -14"><span class='ocrx_word' id='word_1_219' title='bbox 69 1902 239 1959; x_wconf 81' lang='lat' dir='ltr'><strong>Quemadmodum</strong></span> <span class='ocrx_word' id='word_1_220' title='bbox 257 1905 328 1947; x_wconf 84' lang='lat' dir='ltr'><strong>inlelix</strong></span> <span class='ocrx_word' id='word_1_221' title='bbox 347 1904 386 1946; x_wconf 89' lang='lat' dir='ltr'><strong>iste</strong></span> <span class='ocrx_word' id='word_1_222' title='bbox 403 1920 446 1947; x_wconf 92' lang='lat' dir='ltr'><strong>eum</strong></span> <span class='ocrx_word' id='word_1_223' title='bbox 463 1906 597 1946; x_wconf 76' lang='lat' dir='ltr'><strong>sectatoribus</strong></span> <span class='ocrx_word' id='word_1_224' title='bbox 615 1905 657 1947; x_wconf 84' lang='lat' dir='ltr'><strong>suis</strong></span> <span class='ocrx_word' id='word_1_225' title='bbox 673 1907 739 1947; x_wconf 79' lang='lat' dir='ltr'><strong>faeere</strong></span> <span class='ocrx_word' id='word_1_226' title='bbox 755 1905 849 1955; x_wconf 87' lang='lat' dir='ltr'><strong>institnit,</strong></span> 
     </span>
     <span class='ocr_line' id='line_1_26' title="bbox 67 1972 851 2031; baseline 0 -16"><span class='ocrx_word' id='word_1_227' title='bbox 67 1972 99 2029; x_wconf 88' lang='lat' dir='ltr'><strong>qui</strong></span> <span class='ocrx_word' id='word_1_228' title='bbox 113 1987 172 2029; x_wconf 79' lang='lat' dir='ltr'><strong>supra</strong></span> <span class='ocrx_word' id='word_1_229' title='bbox 185 1987 266 2028; x_wconf 85' lang='lat' dir='ltr'><strong>omues,</strong></span> <span class='ocrx_word' id='word_1_230' title='bbox 283 1980 379 2030; x_wconf 83' lang='lat' dir='ltr'><strong>quotquot</strong></span> <span class='ocrx_word' id='word_1_231' title='bbox 390 1981 436 2015; x_wconf 84' lang='lat' dir='ltr'><strong>aute</strong></span> <span class='ocrx_word' id='word_1_232' title='bbox 449 1973 504 2031; x_wconf 91' lang='lat' dir='ltr'><strong>ipsos</strong></span> <span class='ocrx_word' id='word_1_233' title='bbox 516 1974 654 2016; x_wconf 73' lang='lat' dir='ltr'><strong>contumeliosi</strong></span> <span class='ocrx_word' id='word_1_234' title='bbox 667 1974 687 2016; x_wconf 93' lang='lat' dir='ltr'><strong>in</strong></span> <span class='ocrx_word' id='word_1_235' title='bbox 699 1974 756 2016; x_wconf 91' lang='lat' dir='ltr'><strong>deum</strong></span> <span class='ocrx_word' id='word_1_236' title='bbox 768 1973 851 2031; x_wconf 83' lang='lat' dir='ltr'><strong>eiusque</strong></span> 
     </span>
     <span class='ocr_line' id='line_1_27' title="bbox 67 2043 851 2101; baseline 0.001 -15"><span class='ocrx_word' id='word_1_237' title='bbox 67 2044 124 2086; x_wconf 80' lang='lat' dir='ltr'><strong>lldem</strong></span> <span class='ocrx_word' id='word_1_238' title='bbox 136 2044 256 2098; x_wconf 84' lang='lat' dir='ltr'><strong>extiterunt,</strong></span> <span class='ocrx_word' id='word_1_239' title='bbox 271 2045 294 2087; x_wconf 91' lang='lat' dir='ltr'><strong>ad</strong></span> <span class='ocrx_word' id='word_1_240' title='bbox 305 2046 454 2101; x_wconf 82' lang='lat' dir='ltr'><strong>oppugnandam</strong></span> <span class='ocrx_word' id='word_1_241' title='bbox 465 2046 569 2087; x_wconf 82' lang='lat' dir='ltr'><strong>venitatem</strong></span> <span class='ocrx_word' id='word_1_242' title='bbox 581 2045 671 2100; x_wconf 76' lang='lat' dir='ltr'><strong>aggressi</strong></span> <span class='ocrx_word' id='word_1_243' title='bbox 682 2052 736 2088; x_wconf 89' lang='lat' dir='ltr'><strong>sunt.</strong></span> <span class='ocrx_word' id='word_1_244' title='bbox 766 2043 851 2088; x_wconf 80' lang='lat' dir='ltr'><strong>Maneat</strong></span> 
     </span>
     <span class='ocr_line' id='line_1_28' title="bbox 67 2114 850 2171; baseline 0 -16"><span class='ocrx_word' id='word_1_245' title='bbox 67 2114 127 2170; x_wconf 81' lang='lat' dir='ltr'><strong>igitur</strong></span> <span class='ocrx_word' id='word_1_246' title='bbox 144 2114 259 2156; x_wconf 79' lang='lat' dir='ltr'><strong>dissimilem</strong></span> <span class='ocrx_word' id='word_1_247' title='bbox 275 2114 338 2171; x_wconf 80' lang='lat' dir='ltr'><strong>patuis</strong></span> <span class='ocrx_word' id='word_1_248' title='bbox 353 2129 399 2156; x_wconf 92' lang='lat' dir='ltr'><strong>esse</strong></span> <span class='ocrx_word' id='word_1_249' title='bbox 415 2129 455 2156; x_wconf 90' lang='lat' dir='ltr'><strong>nou</strong></span> <span class='ocrx_word' id='word_1_250' title='bbox 468 2129 527 2171; x_wconf 84' lang='lat' dir='ltr'><strong>posse</strong></span> <span class='ocrx_word' id='word_1_251' title='bbox 543 2115 615 2167; x_wconf 77' lang='lat' dir='ltr'><strong>lilium3</strong></span> <span class='ocrx_word' id='word_1_252' title='bbox 637 2129 701 2171; x_wconf 84' lang='lat' dir='ltr'><strong>neque</strong></span> <span class='ocrx_word' id='word_1_253' title='bbox 717 2115 813 2156; x_wconf 89' lang='lat' dir='ltr'><strong>tamenin</strong></span> <span class='ocrx_word' id='word_1_254' title='bbox 825 2129 850 2156; x_wconf 88' lang='lat' dir='ltr'><strong>eo</strong></span> 
     </span>
     <span class='ocr_line' id='line_1_29' title="bbox 67 2182 850 2239; baseline 0.001 -15"><span class='ocrx_word' id='word_1_255' title='bbox 67 2184 170 2224; x_wconf 90' lang='lat' dir='ltr'><strong>admodum</strong></span> <span class='ocrx_word' id='word_1_256' title='bbox 184 2183 335 2239; x_wconf 75' lang='lat' dir='ltr'><strong>auquieseimus</strong></span> <span class='ocrx_word' id='word_1_257' title='bbox 367 2182 419 2225; x_wconf 89' lang='lat' dir='ltr'><strong>Nam</strong></span> <span class='ocrx_word' id='word_1_258' title='bbox 438 2198 477 2225; x_wconf 92' lang='lat' dir='ltr'><strong>nou</strong></span> <span class='ocrx_word' id='word_1_259' title='bbox 493 2184 556 2226; x_wconf 92' lang='lat' dir='ltr'><strong>solum</strong></span> <span class='ocrx_word' id='word_1_260' title='bbox 571 2182 653 2234; x_wconf 84' lang='lat' dir='ltr'><strong>similis,</strong></span> <span class='ocrx_word' id='word_1_261' title='bbox 677 2184 711 2225; x_wconf 88' lang='lat' dir='ltr'><strong>sed</strong></span> <span class='ocrx_word' id='word_1_262' title='bbox 729 2191 749 2224; x_wconf 92' lang='lat' dir='ltr'><strong>et</strong></span> <span class='ocrx_word' id='word_1_263' title='bbox 761 2184 850 2238; x_wconf 89' lang='lat' dir='ltr'><strong>aequalis</strong></span> 
     </span>
     <span class='ocr_line' id='line_1_30' title="bbox 67 2249 913 2306; baseline 0 -15"><span class='ocrx_word' id='word_1_264' title='bbox 67 2258 111 2302; x_wconf 91' lang='lat' dir='ltr'><strong>est,</strong></span> <span class='ocrx_word' id='word_1_265' title='bbox 127 2252 217 2306; x_wconf 85' lang='lat' dir='ltr'><strong>idemque</strong></span> <span class='ocrx_word' id='word_1_266' title='bbox 228 2252 342 2300; x_wconf 84' lang='lat' dir='ltr'><strong>divinitate,</strong></span> <span class='ocrx_word' id='word_1_267' title='bbox 359 2251 489 2302; x_wconf 85' lang='lat' dir='ltr'><strong>aeternitate,</strong></span> <span class='ocrx_word' id='word_1_268' title='bbox 513 2252 594 2293; x_wconf 81' lang='lat' dir='ltr'><strong>virtute.</strong></span> <span class='ocrx_word' id='word_1_269' title='bbox 625 2250 677 2291; x_wconf 88' lang='lat' dir='ltr'><strong>Nam</strong></span> <span class='ocrx_word' id='word_1_270' title='bbox 689 2252 743 2292; x_wconf 91' lang='lat' dir='ltr'><strong>illum</strong></span> <span class='ocrx_word' id='word_1_271' title='bbox 754 2249 850 2291; x_wconf 73' lang='lat' dir='ltr'><strong>aadaood-</strong></span> <span class='ocrx_word' id='word_1_272' title='bbox 910 2257 913 2261; x_wconf 83' lang='grc'><strong>’</strong></span> 
     </span>
     <span class='ocr_line' id='line_1_31' title="bbox 48 2318 850 2373; baseline 0.002 -16"><span class='ocrx_word' id='word_1_273' title='bbox 48 2347 49 2350; x_wconf 25' lang='lat'>¹</span> <span class='ocrx_word' id='word_1_274' title='bbox 66 2329 110 2357; x_wconf 79' lang='lat' dir='ltr'><strong>mov</strong></span> <span class='ocrx_word' id='word_1_275' title='bbox 124 2331 163 2358; x_wconf 91' lang='lat' dir='ltr'><strong>non</strong></span> <span class='ocrx_word' id='word_1_276' title='bbox 181 2319 312 2373; x_wconf 84' lang='lat' dir='ltr'><strong>appellamus,</strong></span> <span class='ocrx_word' id='word_1_277' title='bbox 334 2318 371 2357; x_wconf 86' lang='lat' dir='ltr'><strong>hoe</strong></span> <span class='ocrx_word' id='word_1_278' title='bbox 386 2325 418 2358; x_wconf 82' lang='lat' dir='ltr'><strong>est</strong></span> <span class='ocrx_word' id='word_1_279' title='bbox 433 2319 515 2358; x_wconf 89' lang='lat' dir='ltr'><strong>eandem</strong></span> <span class='ocrx_word' id='word_1_280' title='bbox 533 2332 576 2359; x_wconf 89' lang='lat' dir='ltr'><strong>eum</strong></span> <span class='ocrx_word' id='word_1_281' title='bbox 592 2325 648 2372; x_wconf 78' lang='lat' dir='ltr'><strong>palae</strong></span> <span class='ocrx_word' id='word_1_282' title='bbox 661 2318 802 2369; x_wconf 83' lang='lat' dir='ltr'><strong>substantiam,</strong></span> <span class='ocrx_word' id='word_1_283' title='bbox 825 2332 850 2359; x_wconf 90' lang='lat' dir='ltr'><strong>ue</strong></span> 
     </span>
     <span class='ocr_line' id='line_1_32' title="bbox 66 2383 850 2441; baseline 0.004 -16"><span class='ocrx_word' id='word_1_284' title='bbox 66 2399 108 2426; x_wconf 83' lang='lat' dir='ltr'><strong>vox</strong></span> <span class='ocrx_word' id='word_1_285' title='bbox 121 2385 180 2426; x_wconf 86' lang='lat' dir='ltr'><strong>istaa</strong></span> <span class='ocrx_word' id='word_1_286' title='bbox 194 2386 293 2428; x_wconf 87' lang='lat' dir='ltr'><strong>nonnullis</strong></span> <span class='ocrx_word' id='word_1_287' title='bbox 305 2393 399 2441; x_wconf 81' lang='lat' dir='ltr'><strong>usurpata</strong></span> <span class='ocrx_word' id='word_1_288' title='bbox 411 2383 545 2428; x_wconf 88' lang='lat' dir='ltr'><strong>Sabellianum</strong></span> <span class='ocrx_word' id='word_1_289' title='bbox 559 2386 583 2427; x_wconf 87' lang='lat' dir='ltr'><strong>ad</strong></span> <span class='ocrx_word' id='word_1_290' title='bbox 595 2387 666 2440; x_wconf 84' lang='lat' dir='ltr'><strong>dogma</strong></span> <span class='ocrx_word' id='word_1_291' title='bbox 681 2385 778 2427; x_wconf 82' lang='lat' dir='ltr'><strong>trahatur.</strong></span> <span class='ocrx_word' id='word_1_292' title='bbox 810 2384 850 2428; x_wconf 88' lang='lat' dir='ltr'><strong>Sed</strong></span> 
     </span>
     <span class='ocr_line' id='line_1_33' title="bbox 68 2454 852 2515; baseline 0.001 -17"><span class='ocrx_word' id='word_1_293' title='bbox 68 2455 151 2499; x_wconf 90' lang='lat' dir='ltr'><strong>eundem</strong></span> <span class='ocrx_word' id='word_1_294' title='bbox 168 2454 271 2499; x_wconf 82' lang='lat' dir='ltr'><strong>divinitate</strong></span> <span class='ocrx_word' id='word_1_295' title='bbox 287 2461 307 2497; x_wconf 86' lang='lat' dir='ltr'><strong>el</strong></span> <span class='ocrx_word' id='word_1_296' title='bbox 318 2454 429 2499; x_wconf 88' lang='lat' dir='ltr'><strong>substantia</strong></span> <span class='ocrx_word' id='word_1_297' title='bbox 442 2462 462 2498; x_wconf 90' lang='lat' dir='ltr'><strong>et</strong></span> <span class='ocrx_word' id='word_1_298' title='bbox 475 2455 548 2500; x_wconf 80' lang='lat' dir='ltr'><strong>virtute</strong></span> <span class='ocrx_word' id='word_1_299' title='bbox 560 2455 697 2515; x_wconf 79' lang='lat' dir='ltr'><strong>praedii-amos</strong></span> <span class='ocrx_word' id='word_1_300' title='bbox 710 2455 760 2514; x_wconf 85' lang='lat' dir='ltr'><strong>patri</strong></span> <span class='ocrx_word' id='word_1_301' title='bbox 776 2471 800 2500; x_wconf 86' lang='lat' dir='ltr'><strong>ae</strong></span> <span class='ocrx_word' id='word_1_302' title='bbox 812 2456 852 2515; x_wconf 93' lang='lat' dir='ltr'><strong>spi·</strong></span> 
     </span>
     <span class='ocr_line' id='line_1_34' title="bbox 67 2523 851 2583; baseline 0.003 -15"><span class='ocrx_word' id='word_1_303' title='bbox 67 2527 113 2569; x_wconf 82' lang='lat' dir='ltr'><strong>ritui</strong></span> <span class='ocrx_word' id='word_1_304' title='bbox 131 2535 199 2570; x_wconf 90' lang='lat' dir='ltr'><strong>saneto</strong></span> <span class='ocrx_word' id='word_1_305' title='bbox 216 2527 236 2569; x_wconf 88' lang='lat' dir='ltr'><strong>in</strong></span> <span class='ocrx_word' id='word_1_306' title='bbox 255 2525 346 2569; x_wconf 86' lang='lat' dir='ltr'><strong>omnibns</strong></span> <span class='ocrx_word' id='word_1_307' title='bbox 362 2527 473 2583; x_wconf 84' lang='lat' dir='ltr'><strong>aequalem.</strong></span> <span class='ocrx_word' id='word_1_308' title='bbox 503 2526 572 2583; x_wconf 83' lang='lat' dir='ltr'><strong>Quane</strong></span> <span class='ocrx_word' id='word_1_309' title='bbox 588 2523 709 2580; x_wconf 76' lang='grc' dir='ltr'><em>ὅμοούσιον,</em></span> <span class='ocrx_word' id='word_1_310' title='bbox 730 2527 750 2569; x_wconf 86' lang='lat' dir='ltr'><strong>it</strong></span> <span class='ocrx_word' id='word_1_311' title='bbox 761 2536 851 2570; x_wconf 84' lang='lat' dir='ltr'><strong>estnon-</strong></span> 
     </span>
     <span class='ocr_line' id='line_1_35' title="bbox 66 2595 852 2655; baseline 0.003 -17"><span class='ocrx_word' id='word_1_312' title='bbox 66 2595 216 2638; x_wconf 89' lang='lat' dir='ltr'><strong>substantialem</strong></span> <span class='ocrx_word' id='word_1_313' title='bbox 232 2610 327 2638; x_wconf 76' lang='lat' dir='ltr'><strong>vocamus</strong></span> <span class='ocrx_word' id='word_1_314' title='bbox 346 2610 372 2638; x_wconf 84' lang='lat' dir='ltr'><strong>ex</strong></span> <span class='ocrx_word' id='word_1_315' title='bbox 389 2604 529 2639; x_wconf 78' lang='lat' dir='ltr'><strong>sacrosanctae</strong></span> <span class='ocrx_word' id='word_1_316' title='bbox 546 2596 590 2638; x_wconf 86' lang='lat' dir='ltr'><strong>fidei</strong></span> <span class='ocrx_word' id='word_1_317' title='bbox 610 2597 743 2653; x_wconf 82' lang='lat' dir='ltr'><strong>praescripto,</strong></span> <span class='ocrx_word' id='word_1_318' title='bbox 768 2606 790 2640; x_wconf 89' lang='lat' dir='ltr'><strong>ut</strong></span> <span class='ocrx_word' id='word_1_319' title='bbox 806 2613 852 2655; x_wconf 81' lang='lat' dir='ltr'><strong>par-</strong></span> 
     </span>
     <span class='ocr_line' id='line_1_36' title="bbox 55 2660 851 2721; baseline 0.005 -15"><span class='ocrx_word' id='word_1_320' title='bbox 55 2665 127 2706; x_wconf 74' lang='lat' dir='ltr'><strong>‘tloula</strong></span> <span class='ocrx_word' id='word_1_321' title='bbox 142 2660 195 2717; x_wconf 76' lang='grc' dir='ltr'>ὁμοῦ</span> <span class='ocrx_word' id='word_1_322' title='bbox 208 2665 307 2721; x_wconf 80' lang='lat' dir='ltr'><strong>perlectas</strong></span> <span class='ocrx_word' id='word_1_323' title='bbox 321 2679 366 2706; x_wconf 88' lang='lat' dir='ltr'><strong>esse</strong></span> <span class='ocrx_word' id='word_1_324' title='bbox 382 2680 478 2721; x_wconf 81' lang='lat' dir='ltr'><strong>personas</strong></span> <span class='ocrx_word' id='word_1_325' title='bbox 492 2666 603 2721; x_wconf 77' lang='lat' dir='ltr'><strong>significet,</strong></span> <span class='ocrx_word' id='word_1_326' title='bbox 626 2666 783 2721; x_wconf 87' lang='lat' dir='ltr'><strong>quandoquidem</strong></span> <span class='ocrx_word' id='word_1_327' title='bbox 800 2668 851 2709; x_wconf 83' lang='lat' dir='ltr'><strong>tilius</strong></span> 
     </span>
    </p>
   </div>
   <div class='ocr_carea' id='block_1_3' title="bbox 66 2774 852 2911">
    <p class='ocr_par' dir='ltr' id='par_1_5' title="bbox 66 2774 852 2911">
     <span class='ocr_line' id='line_1_37' title="bbox 89 2774 852 2820; baseline 0.004 -11"><span class='ocrx_word' id='word_1_328' title='bbox 89 2776 105 2809; x_wconf 87' lang='grc'><strong>8.</strong></span> <span class='ocrx_word' id='word_1_329' title='bbox 117 2774 215 2820; x_wconf 75' lang='grc' dir='ltr'>διαβολικήν</span> <span class='ocrx_word' id='word_1_330' title='bbox 225 2778 281 2816; x_wconf 76' lang='lat' dir='ltr'><strong>scripsi</strong></span> <span class='ocrx_word' id='word_1_331' title='bbox 290 2780 374 2815; x_wconf 80' lang='lat' dir='ltr'><strong>praeeunte</strong></span> <span class='ocrx_word' id='word_1_332' title='bbox 386 2779 447 2809; x_wconf 81' lang='lat' dir='ltr'><strong>Corna-</strong></span> <span class='ocrx_word' id='word_1_333' title='bbox 492 2777 509 2810; x_wconf 79' lang='lat'><strong>9.</strong></span> <span class='ocrx_word' id='word_1_334' title='bbox 526 2776 582 2819; x_wconf 78' lang='grc' dir='ltr'><strong>τούτῳ</strong></span> <span class='ocrx_word' id='word_1_335' title='bbox 598 2779 688 2810; x_wconf 80' lang='lat' dir='ltr'><strong>emendavit</strong></span> <span class='ocrx_word' id='word_1_336' title='bbox 703 2777 785 2811; x_wconf 77' lang='lat' dir='ltr'><strong>Pelopiae.</strong></span> <span class='ocrx_word' id='word_1_337' title='bbox 807 2782 852 2812; x_wconf 61' lang='lat' dir='ltr'><strong>Libri</strong></span> 
     </span>
     <span class='ocr_line' id='line_1_38' title="bbox 66 2820 583 2863; baseline 0.004 -12"><span class='ocrx_word' id='word_1_338' title='bbox 66 2823 90 2853; x_wconf 79' lang='lat' dir='ltr'><strong>rie</strong></span> <span class='ocrx_word' id='word_1_339' title='bbox 106 2821 142 2862; x_wconf 78' lang='lat' dir='ltr'><strong>(qni</strong></span> <span class='ocrx_word' id='word_1_340' title='bbox 155 2823 200 2852; x_wconf 82' lang='lat' dir='ltr'><strong>vertit</strong></span> <span class='ocrx_word' id='word_1_341' title='bbox 211 2820 310 2852; x_wconf 84' lang='lat' dir='ltr'><strong>diabolicam</strong></span> <span class='ocrx_word' id='word_1_342' title='bbox 321 2821 446 2863; x_wconf 80' lang='lat' dir='ltr'><strong>operationem)</strong></span> <span class='ocrx_word' id='word_1_343' title='bbox 469 2824 517 2863; x_wconf 79' lang='lat' dir='ltr'><strong>vulpe</strong></span> <span class='ocrx_word' id='word_1_344' title='bbox 528 2823 583 2856; x_wconf 81' lang='grc' dir='ltr'>τοῦτο.</span> 
     </span>
     <span class='ocr_line' id='line_1_39' title="bbox 66 2863 851 2911; baseline 0.005 -13"><span class='ocrx_word' id='word_1_345' title='bbox 66 2869 80 2898; x_wconf 89' lang='lat' dir='ltr'><strong>et</strong></span> <span class='ocrx_word' id='word_1_346' title='bbox 97 2867 167 2898; x_wconf 78' lang='lat' dir='ltr'><strong>Patauio</strong></span> <span class='ocrx_word' id='word_1_347' title='bbox 190 2863 271 2910; x_wconf 75' lang='grc' dir='ltr'>διαβολήν</span> <span class='ocrx_word' id='word_1_348' title='bbox 287 2867 343 2898; x_wconf 80' lang='lat' dir='ltr'><strong>natent</strong></span> <span class='ocrx_word' id='word_1_349' title='bbox 362 2867 406 2898; x_wconf 83' lang='lat' dir='ltr'><strong>editi.</strong></span> <span class='ocrx_word' id='word_1_350' title='bbox 428 2868 447 2899; x_wconf 87' lang='lat' dir='ltr'><strong>ln</strong></span> <span class='ocrx_word' id='word_1_351' title='bbox 495 2868 520 2900; x_wconf 84' lang='lat'><strong>10.</strong></span> <span class='ocrx_word' id='word_1_352' title='bbox 533 2867 603 2911; x_wconf 75' lang='grc' dir='ltr'><strong>λέγομεν</strong></span> <span class='ocrx_word' id='word_1_353' title='bbox 611 2869 668 2901; x_wconf 78' lang='lat' dir='ltr'><strong>vilium</strong></span> <span class='ocrx_word' id='word_1_354' title='bbox 677 2872 699 2901; x_wconf 84' lang='lat' dir='ltr'><strong>est</strong></span> <span class='ocrx_word' id='word_1_355' title='bbox 710 2870 747 2901; x_wconf 83' lang='lat' dir='ltr'><strong>edit.</strong></span> <span class='ocrx_word' id='word_1_356' title='bbox 756 2871 811 2902; x_wconf 84' lang='lat' dir='ltr'><strong>Petav.</strong></span> <span class='ocrx_word' id='word_1_357' title='bbox 821 2871 851 2902; x_wconf 80' lang='lat' dir='ltr'><strong>Ge-</strong></span> 
     </span>
    </p>
   </div>
   <div class='ocr_carea' id='block_1_4' title="bbox 66 2911 850 3134">
    <p class='ocr_par' dir='ltr' id='par_1_6' title="bbox 66 2911 560 2971">
     <span class='ocr_line' id='line_1_40' title="bbox 66 2911 560 2971; baseline 0.006 -26"><span class='ocrx_word' id='word_1_358' title='bbox 66 2911 144 2946; x_wconf 76' lang='lat' dir='ltr'><strong>andlan.</strong></span> <span class='ocrx_word' id='word_1_359' title='bbox 158 2914 235 2954; x_wconf 83' lang='lat' dir='ltr'><strong>reperitur</strong></span> <span class='ocrx_word' id='word_1_360' title='bbox 246 2913 337 2946; x_wconf 79' lang='lat' dir='ltr'><strong>breviatam</strong></span> <span class='ocrx_word' id='word_1_361' title='bbox 350 2911 446 2971; x_wconf 53' lang='grc' dir='ltr'>διαβολλζ,</span> <span class='ocrx_word' id='word_1_362' title='bbox 470 2914 501 2948; x_wconf 86' lang='lat' dir='ltr'><strong>lon.</strong></span> <span class='ocrx_word' id='word_1_363' title='bbox 513 2917 560 2957; x_wconf 84' lang='lat' dir='ltr'><strong>repet.</strong></span> 
     </span>
    </p>

    <p class='ocr_par' dir='ltr' id='par_1_7' title="bbox 66 2960 850 3134">
     <span class='ocr_line' id='line_1_41' title="bbox 294 2960 849 3007; baseline 0.004 -11"><span class='ocrx_word' id='word_1_364' title='bbox 294 2973 314 2996; x_wconf 80' lang='grc' dir='ltr'><strong>τι</strong></span> <span class='ocrx_word' id='word_1_365' title='bbox 495 2961 520 2996; x_wconf 92' lang='lat' dir='ltr'><strong>ll.</strong></span> <span class='ocrx_word' id='word_1_366' title='bbox 533 2960 576 3007; x_wconf 72' lang='grc' dir='ltr'>ἐμοῦ</span> <span class='ocrx_word' id='word_1_367' title='bbox 589 2962 639 2996; x_wconf 77' lang='lat' dir='ltr'><strong>edidit</strong></span> <span class='ocrx_word' id='word_1_368' title='bbox 656 2964 741 3005; x_wconf 79' lang='lat' dir='ltr'><strong>Petamus,</strong></span> <span class='ocrx_word' id='word_1_369' title='bbox 757 2965 801 2997; x_wconf 76' lang='lat' dir='ltr'><strong>libris</strong></span> <span class='ocrx_word' id='word_1_370' title='bbox 812 2974 849 3000; x_wconf 80' lang='lat' dir='ltr'><strong>mss.</strong></span> 
     </span>
     <span class='ocr_line' id='line_1_42' title="bbox 67 3008 850 3053; baseline 0.006 -12"><span class='ocrx_word' id='word_1_371' title='bbox 67 3009 84 3041; x_wconf 86' lang='lat' dir='ltr'><strong>ia</strong></span> <span class='ocrx_word' id='word_1_372' title='bbox 95 3008 131 3041; x_wconf 81' lang='lat' dir='ltr'><strong>eod.</strong></span> <span class='ocrx_word' id='word_1_373' title='bbox 146 3008 213 3049; x_wconf 79' lang='lat' dir='ltr'><strong>Rliedip.</strong></span> <span class='ocrx_word' id='word_1_374' title='bbox 225 3009 294 3051; x_wconf 79' lang='grc' dir='ltr'>διαβογ</span> <span class='ocrx_word' id='word_1_375' title='bbox 332 3009 351 3041; x_wconf 87' lang='lat' dir='ltr'><strong>ln</strong></span> <span class='ocrx_word' id='word_1_376' title='bbox 366 3009 400 3041; x_wconf 88' lang='lat' dir='ltr'><strong>eod.</strong></span> <span class='ocrx_word' id='word_1_377' title='bbox 413 3009 447 3042; x_wconf 89' lang='lat' dir='ltr'><strong>Pa-</strong></span> <span class='ocrx_word' id='word_1_378' title='bbox 470 3019 503 3042; x_wconf 84' lang='lat' dir='ltr'><strong>una</strong></span> <span class='ocrx_word' id='word_1_379' title='bbox 518 3020 554 3043; x_wconf 86' lang='lat' dir='ltr'><strong>oum</strong></span> <span class='ocrx_word' id='word_1_380' title='bbox 570 3011 594 3042; x_wconf 85' lang='lat' dir='ltr'><strong>ed.</strong></span> <span class='ocrx_word' id='word_1_381' title='bbox 606 3012 656 3051; x_wconf 83' lang='lat' dir='ltr'><strong>prino.</strong></span> <span class='ocrx_word' id='word_1_382' title='bbox 672 3013 800 3053; x_wconf 81' lang='lat' dir='ltr'><strong>repnpnanlidus.</strong></span> <span class='ocrx_word' id='word_1_383' title='bbox 814 3013 850 3046; x_wconf 85' lang='lat' dir='ltr'><strong>Vae.</strong></span> 
     </span>
     <span class='ocr_line' id='line_1_43' title="bbox 66 3051 735 3100; baseline 0.003 -13"><span class='ocrx_word' id='word_1_384' title='bbox 66 3056 115 3087; x_wconf 75' lang='lat' dir='ltr'><strong>moino</strong></span> <span class='ocrx_word' id='word_1_385' title='bbox 130 3057 173 3086; x_wconf 80' lang='lat' dir='ltr'><strong>ealal</strong></span> <span class='ocrx_word' id='word_1_386' title='bbox 187 3051 268 3099; x_wconf 75' lang='grc' dir='ltr'><strong>διαβολὴν</strong></span> <span class='ocrx_word' id='word_1_387' title='bbox 283 3052 313 3089; x_wconf 79' lang='grc' dir='ltr'><strong>καὶ</strong></span> <span class='ocrx_word' id='word_1_388' title='bbox 329 3053 393 3098; x_wconf 57' lang='lat' dir='ltr'><strong>impp,</strong></span> <span class='ocrx_word' id='word_1_389' title='bbox 411 3058 448 3088; x_wconf 84' lang='lat' dir='ltr'><strong>teste</strong></span> <span class='ocrx_word' id='word_1_390' title='bbox 472 3055 533 3100; x_wconf 79' lang='grc' dir='ltr'>σαφῶς</span> <span class='ocrx_word' id='word_1_391' title='bbox 545 3058 588 3089; x_wconf 81' lang='lat' dir='ltr'><strong>abest</strong></span> <span class='ocrx_word' id='word_1_392' title='bbox 600 3066 611 3088; x_wconf 87' lang='lat' dir='ltr'><strong>a</strong></span> <span class='ocrx_word' id='word_1_393' title='bbox 622 3059 657 3090; x_wconf 80' lang='lat' dir='ltr'><strong>eod.</strong></span> <span class='ocrx_word' id='word_1_394' title='bbox 669 3058 735 3097; x_wconf 77' lang='lat' dir='ltr'><strong>thedip.</strong></span> 
     </span>
     <span class='ocr_line' id='line_1_44' title="bbox 66 3100 139 3134; baseline -0.041 0"><span class='ocrx_word' id='word_1_395' title='bbox 66 3100 139 3134; x_wconf 78' lang='lat' dir='ltr'><strong>Palania.</strong></span> 
     </span>
    </p>
   </div>
   <div class='ocr_carea' id='block_1_5' title="bbox 0 0 998 3392">
    <p class='ocr_par' dir='ltr' id='par_1_8' title="bbox 0 0 998 3392">
     <span class='ocr_line' id='line_1_45' title="bbox 0 0 998 3392; baseline 0 0"><span class='ocrx_word' id='word_1_396' title='bbox 0 0 998 3392; x_wconf 95' lang='lat' dir='ltr'><strong> </strong></span> 
     </span>
    </p>
   </div>
  </div>
 </body>
</html>
