1988 3392
164 219 207 262 308
454 225 537 259 εκυουι
546 224 664 259 τοιουτου

165 304 237 356 ἀντίον,
257 301 306 347 ἀλλά
318 306 340 348 ἒκ
352 308 389 347 τοῦ
400 302 468 354 ῦντος,
489 301 648 359 συμπρεπάυτοις
664 301 706 357 ἀμα
718 307 835 357 θεωρεῖται,
856 301 903 345 οῦτε
912 321 950 345 πα-

166 372 308 430 ρατεινομὲνης
319 376 354 427 της
366 372 448 424 οὐσίας,
464 368 511 413 odes
521 371 684 426 συστελλομένης,
699 367 749 413 ἀλλά
761 374 840 424 πνεῦμα
852 367 881 412 ών
891 367 904 413 ά
913 388 951 414 πα-

164 440 201 497 τὴρ
212 446 291 495 πνεῦμα
307 440 409 494 ἀληθινώς
423 437 459 481 τδν
470 436 516 481 vide
529 440 643 494 ἐγέννησεν,
664 440 698 481 καὶ
710 439 730 489 ἐξ
742 439 815 481 ἑαυτοῦ
826 436 917 493 ἐξήνεγκε
928 437 950 480 τῦ

164 513 244 564 πνεῦμα
254 507 277 552 τῦ
288 507 358 566 άγιον,
372 508 407 551 καὶ
420 505 456 562 οῦχ
467 505 538 550 ἓαντῦν
549 507 628 564 ἀγνοεῖ,
649 504 696 551 οῦτε
704 505 741 562 τὴν
751 506 824 549 ἑαυτοῦ
836 504 908 549 οὐσίαν
918 519 952 549 συ-

164 580 301 634 στελλομένην,
317 576 331 631 γ’γ’
343 577 495 630 πλατυνομὲνην
507 574 573 628 οἶδεν,
588 574 676 630 ἦτομην
686 573 823 629 ῦφισταμὲνην
833 578 903 628 (ταῦτα
913 572 951 631 γάρ

78 669 113 700 pag.
125 660 156 691 νει.
166 646 232 691 πάντα
242 647 288 703 περὶ
298 643 350 689 θεάν
360 646 433 689 εἰδέναι
443 643 587 702 ἀλογώτατον,
602 643 651 696 ώςτε
661 646 696 688 καὶ
706 645 784 702 ἀγνοεῖν
795 641 846 687 αῦτδ
859 640 882 687 τῦ
895 648 952 687 θεῖον

166 716 215 771 ὅπερ
227 716 267 757 ἐστὶ
284 713 323 757 8τῦ
338 714 396 770 ἀγιον
406 717 505 768 πνεῦμα),
520 715 555 756 καὶ
567 712 613 756 οῦτε
622 711 635 757 o‘
645 712 752 770 ἀγέννητος
764 712 789 756 οῦ
800 713 913 769 συμμετέχει
924 717 952 771 τῷ

165 783 270 841 γεννήματι
281 781 303 827 τῦ
315 780 437 837 ἀμοοῦσιον,
458 780 504 826 οῦτε
518 780 634 839 ῦγευνητδς
648 782 673 827 οῦ
685 783 811 840 σομπεριέγει
820 786 849 840 τῷ
859 782 920 838 πατρὶ
929 780 952 826 τδ

166 853 234 897 ἀίδιον
244 850 294 908 (οἶδε
305 851 343 909 γάρ
357 850 443 909 ὁπατηρ
454 850 489 895 νῦν
500 849 558 906 vide,
573 852 607 896 καὶ
619 848 631 896 ά
640 849 686 902 υἷάς
696 848 739 895 οἶδε
749 848 784 894 τάν
794 851 889 909 πατέρα),
910 847 953 894 ἀτε-

165 921 264 978 λευτήτοις
274 919 306 966 ἀεὶ
320 926 355 976 τῆς
367 920 448 979 τριάδος
460 918 556 965 ἀκτίστου
567 921 677 977 μενοῦσης,
696 922 732 964 καὶ
743 919 875 976 ἀτελευτήτοις
889 917 953 978 ῦπαρ-

165 991 252 1048 χοῦσης,
267 997 304 1036 τοῦ
317 996 438 1049 μονογενοῦς
449 992 592 1049 γεγεννημένου
604 992 627 1035 ἐκ
638 995 675 1035 τοῦ
687 989 718 1034 ἀεὶ
730 988 799 1044 ῦντος,
814 989 878 1051 ῦνττος
888 988 953 1044 ῦντος,

165 1063 201 1105 καί
213 1063 235 1105 ἐν
246 1064 288 1121 ἰδίᾳ
297 1064 359 1120 τελείᾳ
370 1059 436 1115 φῦσει.
466 1059 504 1104 Διῦ
515 1059 608 1118 γινώσκει
618 1058 690 1104 ἓνοτδν
696 1094 702 1113 ,
717 1061 752 1104 καὶ
762 1057 800 1103 οῦκ
813 1059 892 1116 ἀγνοεῖ,
908 1056 954 1103 οῦτε

166 1128 234 1182 δυίῦς
246 1129 283 1186 τήν
295 1130 405 1187 ἀγέννητον
419 1128 496 1187 πατρὸς
512 1127 593 1183 οῦσίαν,
616 1128 662 1173 οῦτε
674 1127 686 1173 ά
697 1128 804 1186 ἀγέννητος
813 1127 851 1183 την
860 1133 897 1172 τοῦ
907 1130 954 1171 υίοῦ

166 1201 187 1251 ἐξ
199 1200 264 1243 αὐτοῦ
278 1197 359 1252 οῦσίαυ,
380 1199 496 1249 ἀξιοπίστου
514 1197 572 1248 ῦντος
586 1203 623 1241 τοῦ
638 1202 760 1255 μονογενοῦς
774 1202 826 1241 θεοῦ
838 1196 900 1254 λόγου
914 1198 955 1252 φή-

165 1281 248 1321 σαντος,
265 1269 338 1319 Οὐδείς
353 1265 396 1311 οἶδε
410 1265 446 1311 τάν
460 1268 550 1325 πατέρα,
566 1268 584 1309 εί
597 1265 625 1322 μὴ
636 1264 648 1310 ὁ
659 1265 716 1320 υἷάς,
732 1264 813 1310 καὶτὸν
824 1265 881 1319 υίῦν,
896 1267 915 1308 εί
926 1264 954 1321 μη

166 1334 178 1379 o‘
193 1336 266 1394 πατήρ.
418 1393 428 1402 Γ

224 1404 262 1449 Ad
276 1403 394 1465 ἀφῃρήσθω
409 1404 432 1449 τῦ
445 1404 518 1449 τοῦτον
531 1409 568 1448 τοῦ
579 1403 664 1462 γεννάδα
674 1402 751 1447 Ἀετίου
767 1401 908 1457 ἀποφαντικῦν
921 1404 953 1447 κέ-

165 1478 240 1529 λευσμα
250 1471 273 1517 τῦ
287 1479 368 1529 φῦσαν,
385 1472 416 1518 od
425 1472 464 1531 γάρ
478 1471 553 1517 οἷόντε
567 1471 629 1517 αάτῦν
641 1474 687 1529 περὶ
702 1474 805 1525 δὲαυτοῦ,
826 1474 861 1516 καὶ
872 1470 954 1529 ἀγεννή-

165 1560 202 1586 του
213 1541 285 1593 οῦσίας
297 1547 371 1600 γνοῦσιν
383 1544 433 1598 ἔχειν
448 1538 482 1586 καί
495 1541 618 1599 ἀγεννησίας.
649 1540 758 1599 Προῦλαβε
769 1541 808 1599 γάρ
821 1538 832 1584 ῦ
845 1539 954 1598 μονογενὴς

166 1610 302 1669 παραγράψαι
316 1610 353 1667 τὴν
367 1609 482 1666 δικαστικήν
498 1609 561 1654 αὐτοῦ
574 1609 648 1665 ταῦτην
661 1610 743 1666 φωνην,
764 1610 831 1666 φήσας
844 1609 916 1654 ἒαυτδν
927 1612 952 1653 εί

167 1681 223 1723 δέναι
238 1679 274 1723 τάν
288 1681 375 1737 πατέρα,
396 1682 432 1723 καὶ
450 1678 508 1724 ἀλλον
528 1677 613 1732 οῦδὲνα,
635 1677 790 1736 συμπεριλαβών
808 1678 850 1734 ῦμα
868 1680 954 1722 καὶτοῦ

166 1746 281 1803 πνεῦματος
293 1747 356 1792 αῦτοῦ
372 1752 409 1792 τοῦ
420 1746 479 1806 ἀγίου
491 1746 514 1792 τδ
529 1747 657 1806 ἓνῦπαρκτον.
686 1747 722 1800 Ὡς
733 1749 768 1791 καὶ
783 1750 805 1792 ἐν
816 1746 867 1808 ἀλλην
880 1746 954 1802 φάσκει

154 1814 209 1869 δτι,
227 1815 287 1860 10Td
299 1822 378 1872 πνεῦμα
389 1822 426 1860 τοῦ
439 1815 515 1875 ποιτρῦς
527 1816 603 1868 διδάξει
617 1815 676 1872 ἀμᾶς.
707 1819 736 1860 Εἰ
747 1817 769 1860 δὲ
779 1821 816 1861 τοῦ
827 1816 903 1874 πατρός
913 1819 954 1861 ἐστι

165 1883 188 1928 τῦ
198 1889 288 1940 πνεῦμα,
308 1883 347 1929 οῦκ
363 1883 432 1942 ἀγνοεῖ
446 1887 481 1929 καὶ
496 1884 546 1929 αῦτδ
562 1884 598 1930 νῦν
613 1887 695 1943 πατέρα.
721 1886 758 1929 Ἐν
771 1886 833 1944 δὲτῷ
847 1886 953 1946 εἰρηκέναι,

168 1953 243 2004 Οὐδείς
259 1951 302 1997 οἶδε
318 1952 353 1997 τάν
369 1955 457 2012 πατέρα,
478 1957 496 1998 εί
506 1953 534 2009 μὴ
546 1953 558 1998 ῦ
569 1953 623 2007 υἷάς,
642 1957 676 1997 ἵνα
692 1954 764 1998 ἕαυτῦν
780 1955 815 1998 καὶ
830 1953 866 1998 τῦν
878 1956 954 2011 πατέρα

165 2023 200 2065 καὶ
216 2020 268 2066 11τῦ
280 2027 360 2077 πνεῦμα
374 2022 397 2067 τῦ
411 2022 469 2080 ἀγιον
481 2022 621 2081 ῦπερβεβηκῦς
637 2023 716 2082 σημάνη
734 2028 775 2067 τῶν
789 2021 852 2083 ἀλλων
870 2027 911 2067 τών
926 2021 954 2079 μη

165 2088 237 2142 ἀϊδίοις
248 2089 391 2149 ὑπαρξάντων,
411 2093 524 2148 γενομένων
535 2094 563 2136 δέ,
593 2094 623 2135 Εἰ
631 2092 653 2135 δὲ
665 2091 779 2150 προῦλαβεν
794 2090 825 2136 ἀεὶ
836 2093 909 2136 εἰδέναι
919 2090 955 2135 τῦν

165 2161 252 2218 πατέρα,
272 2160 336 2216 μάτην
347 2159 396 2216 ἡμῖν
406 2159 482 2211 Ἀέτιος
493 2165 614 2204 κενολεκτῦν
624 2159 748 2215 ῦπειςδῦυει,
769 2166 841 2215 σαφοῦς
853 2165 916 2204 πᾶσιν
926 2159 955 2204 dv

166 2230 227 2284 δῆλος
237 2228 269 2272 ῦτι
281 2227 309 2279 τίς
321 2228 433 2286 ἅνθρωπος
442 2233 547 2286 λογίζεται,
569 2235 670 2286 σαρκικῦς
682 2229 849 2285 ἀνακρινόμενος,
868 2230 903 2273 καὶ
914 2241 955 2285 ψυ-

166 2295 223 2351 χικάς
233 2295 374 2354 ῦπάρχωνδιά
384 2296 420 2340 τάν
430 2297 502 2341 ἓαυτῦν
513 2299 547 2342 καὶ
556 2296 593 2341 τάν
602 2299 678 2356 πατέρα
688 2297 813 2355 γινώσκοντα
821 2299 855 2341 καί
864 2297 887 2342 τά
897 2297 955 2356 ῦγιον

167 2365 231 2408 αὐτοῦ
246 2371 331 2420 πνεῦμα,
357 2366 466 2425 Ἐξῄρηται
481 2361 518 2411 οῦν
530 2367 596 2422 πάσης
607 2368 671 2417 αἰτίας
682 2365 695 2411 o‘
705 2365 755 2418 θεάς
766 2367 791 2410 οῦ
807 2366 871 2423 μόνον
881 2365 954 2423 πατηρ,

167 2431 215 2476 ἀλλά
227 2436 262 2477 καί
273 2434 329 2489 υἷάς,
350 2437 385 2479 καὶ
397 2434 456 2492 ἀγιον
470 2440 559 2491 πνεῦμα,
579 2440 615 2491 της
625 2434 723 2491 θεότητος
732 2435 809 2494 πατρίς
819 2438 854 2480 καί
863 2438 912 2480 υἱοῦ
920 2436 955 2479 καὶ

168 2499 227 2559 ἀγίου
241 2503 356 2560 πνεῦματος
371 2502 534 2561 άμολογονμένης
548 2507 662 2562 κρείττονος
676 2503 743 2561 πάσης
758 2507 828 2556 αἰτίας.

221 2697 300 2741 Ἀετίου
310 2698 379 2752 κεφάλ.
389 2698 423 2755 λγ’.
453 2700 484 2741 Εἰ
494 2697 516 2742 τά
530 2698 639 2756 ἀγέννητον
650 2698 716 2754 πάσης
728 2701 792 2751 αἰτίας
804 2699 908 2760 ἐξῄρηται,
924 2701 954 2754 είη

168 2766 191 2809 δὲ
200 2765 264 2810 πολλά
275 2765 383 2823 ἀγέννητα,
398 2765 552 2825 ἀπαράλλακτον
564 2769 630 2820 ἕξουσι
641 2766 677 2823 την
693 2768 761 2823 φῦσιν.
794 2768 825 2812 od
836 2767 874 2826 γάρ
888 2766 915 2812 ἀν
926 2766 954 2824 μή

168 2833 308 2893 ἀποκληρώσει
316 2833 460 2889 φῦσεώςτινος
470 2840 543 2880 κοινοῦ
550 2838 585 2880 καί
596 2839 650 2881 ι’δίου
659 2842 788 2893 μετειληφυῖα
800 2834 829 2893 1η
837 2837 874 2892 μὲν
884 2839 954 2889 ἐποίει,

168 2902 219 2958 ἡδὲ
234 2906 315 2960 ἐγίνετο.

192 2984 272 3019 Ηττον
282 2985 337 3020 ταῦτα
347 2982 472 3031 γάρ-ἅγιον
482 2985 550 3030 πνεῦμα
572 2985 620 3027 υἱός.
639 2986 675 3023 καὶ.
705 2988 748 3021 Nihil
765 2987 841 3021 desidero.
869 2988 956 3022 Carnarius

169 3033 186 3064 in
195 3033 284 3072 parenthesi
297 3033 349 3072 posui.
374 3033 430 3066 Ριλαυ.
447 3036 483 3065 ante
497 3028 551 3067 τδίί-
573 3034 644 3067 reddidit
664 3033 707 3065 sicut
729 3032 779 3065 etiam
801 3033 879 3078 ignorare
901 3033 955 3078 ipsum

168 3087 204 3120 γιον
221 3088 247 3112 πυ.
260 3078 313 3110 deesse
327 3079 417 3119 suspicetur
433 3075 503 3122 πατὴρ,
520 3077 551 3113 καὶ
574 3078 634 3120 deum,
645 3078 679 3112 hoc
692 3084 718 3112 est
729 3077 806 3122 spiritum
817 3085 899 3114 sanctum.
