1988 3392
241 226 333 261 exuetur
345 226 387 261 Llll.
400 227 430 260 lll.
441 226 498 260 Tout.
511 226 524 259 l.
536 225 603 260 HAER.
616 223 690 257 Lxxu.
832 212 860 254 59

73 308 190 362 inanimam,
212 314 232 350 et
242 307 326 349 humana
343 294 406 349 stilum
419 313 462 348 arte
474 313 608 349 constantem.
639 302 733 345 Viventis
747 310 812 345 autem
828 302 861 344 dei

73 379 174 421 virentem
190 376 297 432 imaginem
311 389 356 417 esse
368 389 445 431 negas,
468 383 502 417 aut
512 374 621 418 essentiam
633 374 745 424 esseutiae,
768 379 802 414 aut
813 386 861 413 con-

72 446 124 498 silii,
147 445 228 488 virtutis
239 459 261 487 ac
272 444 359 501 gloriae,
380 443 498 497 eonsilium,
519 444 614 486 virtutem
627 443 757 498 aegloriam3
778 447 800 482 nt
811 441 861 482 baec

72 517 139 571 imago
152 514 177 556 ab
192 529 216 556 eo
229 514 285 555 cuius
301 513 368 568 imago
384 519 415 554 est
428 513 481 555 nulla
491 513 511 554 iu
524 528 546 555 re
556 513 664 569 discrepet.
696 509 737 553 lam
751 525 795 552 eum
807 510 862 552 nulla

73 597 95 625 re
107 584 220 638 discrepare
232 583 316 634 dieitur,
333 596 372 623 uon
384 582 464 636 perinde
478 588 509 624 est
521 583 571 623 acsi
582 575 691 637 ingenitam
703 593 749 621 esse
761 579 862 620 fateremi-

73 651 106 703 ni,
128 652 163 693 sed
175 650 223 693 illud
234 651 297 692 solum
310 651 435 704 ostenditur,
457 651 480 692 ad
497 657 593 708 paternae
609 649 703 691 bonitatis
720 656 740 689 et
752 647 862 690 divinitatis

73 727 91 761 et
105 719 189 761 aetionis
202 721 266 762 omnis
282 720 385 776 exemplar
399 718 529 761 exactissime
548 718 735 773 absolutissimeque
748 730 793 758 esse
807 715 861 757 illam

73 801 199 842 expressam.
229 786 308 829 Deinde
318 788 376 843 paulo
387 795 442 842 post:
459 791 515 828 Muto
527 796 559 827 tna
571 789 605 827 illc
617 801 658 827 esse
668 789 733 826 doloso
742 787 793 826 lodic
806 799 862 838 opor·
871 790 929 853 Pasptpn-

74 857 135 906 tedet,
157 871 206 910 poce
222 858 428 909 loquonturadoemm
444 858 498 896 deum
511 856 862 908 obtestationeeumsoperdr'aeteon-
898 846 902 862 ²
930 844 934 852 ¹

74 934 151 979 terrtptc.
184 923 263 966 Etenim
278 924 333 965 solus
345 923 408 965 solnm
424 930 480 979 pater
489 923 570 965 unicum
582 923 641 964 lilium
655 924 732 976 gennit.
764 921 862 977 Quamvis

73 992 153 1035 minime
165 992 185 1034 id
198 992 232 1034 tibi
244 992 334 1048 placeat,
356 991 388 1032 eni
404 991 456 1032 aliud
472 991 530 1033 modo
544 992 616 1048 placet.
647 989 720 1047 Neque
730 1004 780 1031 vero
791 1005 802 1031 a
813 1005 862 1046 quo-

73 1063 117 1103 dam
129 1061 316 1103 Valentinianorum
328 1060 421 1102 Aeonum
439 1059 536 1116 principio
549 1059 599 1101 lilius
616 1059 726 1114 precessit,
749 1059 784 1100 sed
796 1073 808 1100 a
819 1059 862 1100 solo

73 1137 130 1188 patre
140 1130 219 1185 genitus
230 1136 273 1182 est3
296 1130 343 1170 item
356 1129 457 1185 perlectus
472 1129 580 1185 perfectum
592 1127 669 1183 genuit.
699 1126 756 1169 Nihil
768 1127 820 1169 enim
833 1128 863 1169 iu·

74 1206 105 1240 est
116 1199 253 1255 imperleetom
262 1198 283 1239 in
296 1204 365 1253 patrep
385 1197 431 1238 ideo
445 1210 482 1237 uec
494 1197 515 1238 in
525 1197 565 1238 lilio
578 1204 643 1252 potest
653 1197 732 1246 inesse,
753 1210 799 1237 eum
809 1197 863 1237 illius

74 1266 203 1323 perfectiouis
221 1280 271 1321 quae
287 1264 431 1323 perlectionem
445 1279 523 1306 omuem
544 1272 626 1321 superat
640 1278 748 1319 germanus
760 1266 826 1306 foetus
837 1265 864 1307 sit

75 1335 107 1377 lilii
125 1335 229 1390 perfectio.
261 1333 302 1376 Sed
319 1341 338 1375 et
353 1347 391 1375 rex
405 1347 473 1389 regem
491 1333 567 1389 geuuit.
599 1331 676 1374 Pietate
693 1333 764 1389 quippe
777 1348 863 1375 eonsen-

74 1411 154 1445 tauenm
167 1410 198 1445 est
211 1417 296 1459 regnare
306 1402 376 1453 deum3
400 1416 444 1443 cum
456 1401 536 1443 iuterim
552 1401 631 1458 genitus
647 1409 693 1442 aute
707 1402 787 1444 saeeula
803 1403 862 1453 fitius,

73 1472 165 1528 idemque
177 1486 214 1513 rex
227 1486 289 1528 reguo
301 1471 383 1512 alterins
395 1471 510 1522 subiectus,
526 1485 562 1527 per
574 1484 632 1526 quem
644 1470 707 1527 ipsius
720 1485 782 1526 reguo
795 1479 863 1513 cetera

74 1541 188 1590 subiacent,
208 1541 319 1583 subiectum
334 1554 356 1582 se
367 1554 413 1582 esse
424 1547 481 1596 grato
493 1541 559 1583 animo
574 1540 666 1582 fateatur.
696 1539 745 1583 Non
758 1540 810 1583 euim
823 1541 864 1598 pri-

73 1605 154 1662 vatum,
170 1611 205 1652 sed
219 1624 286 1672 regem
300 1609 353 1651 illum
367 1610 436 1666 gennit
446 1611 502 1666 regui
514 1610 544 1651 sui
556 1617 622 1666 pater,
646 1611 698 1666 qarod
711 1624 777 1666 neque
787 1617 863 1668 tempo-

77 1680 105 1722 ris
119 1679 187 1732 initio,
212 1693 276 1735 neque
289 1679 341 1720 vitae
357 1678 395 1720 liue
412 1679 582 1735 circumscriptum
595 1686 633 1721 est.
665 1677 764 1733 Quoniam
781 1680 824 1722 eius
836 1680 865 1721 di-

75 1749 142 1805 guitas
156 1763 195 1789 non
211 1748 338 1791 extrinsecus
352 1748 439 1800 adscita,
455 1748 490 1790 sed
502 1755 523 1789 ut
533 1748 555 1790 in
567 1755 635 1805 patre,
659 1762 670 1789 a
683 1763 721 1804 quo
733 1749 813 1804 genitus
823 1757 863 1802 est,

78 1818 101 1859 ad
113 1817 221 1860 essentiam
234 1817 298 1873 ipsam
310 1817 404 1873 pertinet.
436 1815 468 1859 Ob
480 1818 499 1859 id
512 1818 606 1874 scripturn
618 1817 665 1859 illud
678 1825 721 1870 est,
737 1822 764 1859 Et
773 1823 833 1873 regni
840 1822 864 1861 il-
872 1829 911 1860 noe.
917 1830 931 1867 1,
937 1830 959 1859 aa.

77 1889 114 1927 lure
131 1902 169 1927 nore
184 1888 287 1939 ere'tfim'o.
324 1885 401 1928 Eodem
421 1887 480 1928 niodo
499 1894 519 1927 et
536 1886 626 1928 domiuus
643 1886 755 1940 domiuum,
779 1896 801 1929 et
816 1889 865 1930 deus

78 1956 147 2007 deuur,
164 1954 193 1996 uti
205 1969 242 1997 uos
253 1954 374 2006 asserimus,
396 1955 472 2011 gennit.
498 1955 583 2011 Atque,
606 1956 863 2009 utuuoverbodeliniam,

78 2025 190 2076 essentiae,
208 2024 296 2075 eorrsilii,
313 2023 404 2075 virtutis,
421 2030 441 2064 et
448 2012 527 2079 ‘gloriae
537 2038 576 2064 non
587 2031 659 2065 mutam
672 2039 695 2066 ae
707 2033 805 2067 mortuam
815 2026 865 2078 ima-

78 2093 155 2149 ginem,
177 2093 212 2134 sed
224 2092 311 2133 essentia
323 2092 487 2147 consnltaudique
499 2091 519 2132 vi
533 2092 652 2148 praeditam,
674 2101 822 2149 aepoteuteur‚
845 2102 866 2137 et

76 2162 183 2218 gloriosam
202 2174 248 2203 esse
264 2160 396 2202 defendimus.
429 2159 498 2202 Virtus
515 2161 566 2202 euim
583 2160 737 2203 imbecillitatem
750 2177 790 2203 non
802 2177 864 2217 geue-

77 2237 119 2282 eat,
135 2230 170 2272 sed
181 2229 244 2286 ipsam
256 2244 292 2285 per
302 2244 348 2271 sese
357 2228 460 2271 virtutem.
493 2228 521 2271 lta
532 2229 595 2285 gloria
606 2245 644 2271 nou
655 2230 812 2286 ignobilitatem,
829 2232 865 2274 sed

76 2300 173 2355 gloriam3
197 2299 301 2341 consilium
316 2313 355 2339 nou
367 2298 445 2340 consilii
457 2312 531 2355 expers
542 2299 628 2354 aliquid,
649 2300 684 2340 sed
695 2308 715 2341 et
725 2300 789 2356 ipsum
799 2301 865 2342 cousi-

75 2369 136 2421 lium3
160 2367 248 2410 essentia
265 2367 350 2423 denique
366 2381 406 2408 uou
418 2368 505 2409 essentia
518 2381 590 2409 careus
601 2368 686 2424 aliquid,
709 2370 744 2410 sed
757 2371 865 2412 essentiam
890 2417 893 2421 .

76 2436 147 2493 gignit.
179 2435 248 2492 Quare
261 2436 343 2478 verbnm
358 2437 422 2492 ipsum
433 2436 500 2492 imago
513 2437 562 2479 deus
575 2444 617 2489 est,
639 2437 750 2493 vivensque
767 2439 865 2495 sapientia

76 2506 199 2558 subsistens,
216 2505 299 2548 verbum
311 2505 393 2556 efficax,
410 2513 431 2547 et
441 2505 504 2557 tilius,
521 2506 630 2561 eademque
641 2505 674 2548 illa
686 2507 784 2563 sapientia
795 2522 865 2550 essen-

76 2575 122 2616 tiam
141 2574 212 2616 babet.
239 2573 295 2616 llaec
311 2575 362 2615 euim
379 2583 410 2616 est
427 2589 466 2630 qua
482 2589 505 2616 se
517 2574 603 2630 quotidie
619 2579 666 2616 dena
681 2578 799 2626 oblectabat,
822 2593 964 2636 vetrallam-‚w

75 2645 162 2684 obsoleto
172 2652 268 2684 terrerem
279 2645 325 2683 crde
332 2645 437 2696 gaudebat.
470 2642 526 2698 Quae
538 2643 615 2698 quiderm
628 2646 693 2686 orrrrria
706 2660 749 2686 euru
762 2653 790 2696 tu,
807 2645 864 2688 blar-

76 2713 136 2764 cette,
161 2727 228 2754 coram
245 2712 356 2754 bominibus
372 2727 446 2768 neges,
468 2714 621 2766 neg'uditetr'llc
634 2722 726 2754 tererem
740 2723 808 2767 petre,
831 2718 866 2769 qui
883 2725 940 2755 natm.

75 2784 95 2822 a'o
107 2784 166 2822 ecelis
175 2789 211 2822 est.
233 2779 347 2835 Negaberis
359 2795 408 2822 vero
425 2789 531 2837 praeterea
544 2789 563 2822 et
575 2796 642 2823 eoram
654 2782 748 2834 ecelesia,
766 2799 815 2838 qnae
827 2784 864 2825 snb
893 2761 915 2798 ω’
924 2761 946 2791 ³3'

75 2850 132 2892 coelo
144 2857 186 2901 est,
201 2863 251 2906 qnae
265 2849 337 2905 ubique
350 2857 447 2892 terrarum
460 2852 484 2892 de
497 2858 517 2892 te
530 2851 610 2901 scribit,
626 2855 684 2892 Aodi
692 2853 768 2892 corbam
779 2856 861 2894 docariu':
873 2864 904 2894 rer.
914 2867 967 2901 meo.

73 2974 123 3006 neque
134 2967 151 2999 in
162 2967 214 2998 totino
224 2966 270 2997 illam
278 2967 375 3006 scripturam
384 2969 425 2999 tueri
433 2968 459 2999 ct-
481 2968 496 3001 b.
505 2976 518 3000 e.
532 2965 607 3009 Corrige.

74 3011 146 3045 cccmus.
169 3012 286 3044 Ececdeodcm
298 3012 347 3053 tpitcr
358 3015 392 3045 erat
405 3012 458 3052 Corn,
506 3012 532 3062 tt).
544 3009 618 3056 ἐναργὴς
629 3014 675 3047 codd.
687 3013 725 3047 mss.
737 3017 806 3056 uterque.
