1988 3392
145 225 188 268 426
431 233 643 269 εινοτιιτειειιιαιι

145 312 210 368 ήᾶπδ
223 318 288 370 φυλῆς
301 315 369 369 Δαβλδ
384 313 418 357 καλ
429 312 495 357 Ἰούδα
512 313 595 357 δύναται
610 312 705 372 συγγενής
722 311 774 358 εἶναι
783 320 818 371 τῆς
827 314 928 374 Ἐλισάβετ

145 385 181 438 της
195 383 237 426 άπδ
256 388 323 426 10τοῦ
336 386 400 434 Λευῒ,Ι

45 447 96 497 'KQ
107 450 134 488 ἰδ’·
205 447 271 503 Οὗτος
285 450 405 506 δἺοίκωβος
421 453 457 495 καὶ»
474 446 559 497 πέταλον
576 454 610 497 ἐπὶ
624 457 659 507 τής
675 458 763 508 κεφαλῆς
779 452 873 510 ἒφόρεσε·
894 459 929 501 καὶ

146 521 195 564 ποτὲ
210 521 305 577 ιἰβρογίας
320 522 438 576 γενομένης,
460 522 522 580 ε’πήρε
538 521 574 572 τάς
589 527 654 577 χεῖρας
664 522 692 570 είς
703 519 801 577 οῦρανδν,
821 523 857 564 καὶ
868 541 929 580 προς-

145 588 230 643 ηύξατο,
249 590 283 631 καλ
300 587 364 638 εύθύς
378 586 390 631 δ
401 588 488 645 οῦρανδς
499 590 575 632 έδωκεν
587 587 650 632 δετόν.
677 589 761 644 Ἐρεοῦν
771 590 796 632 δέ-
803 588 883 643 ἱμάτιον
894 592 929 635 οῦ-

147 658 218 699 δέποτε
228 654 339 699 ἐνεδύσατο.
373 656 402 697 Τολ
414 657 436 698 δέ
446 656 521 712 γόνατα
531 655 596 699 αὐτοῦ
612 659 742 710 ἒσκληκίασαν
758 659 816 711 δίκην
826 658 928 711 καμήλων,

146 723 188 766 άπδ
200 728 236 765 τοῦ
248 722 332 765 πάντοτε
349 721 448 776 κάμπτειν
465 721 516 765 αύτά
532 723 619 765 ἐνώπιον
629 726 712 780 κυρίου,
734 721 760 766 δι’
770 721 883 779 ῦπερβολήν
898 725 929 768 εύ-

145 793 231 847 λαβείας,
269 795 346 834 Τοῦτον
361 785 398 834 οῦν
415 789 499 846 ὀνόματι
514 791 582 835 ούκέτι
598 788 693 846 ἐκάλουν,
716 790 756 835 ἀλλ’
771 789 794 834 Ὁ
812 794 890 844 δίκαιος
904 788 929 849 ήν

145 861 201 920 αὐτῷ
212 860 282 916 ὄνομα.
315 855 379 911 Οὗτος
390 859 486 905 οῦδέποτε
499 862 520 904 έν
533 863 629 921 βαλανείῳ
641 860 745 905 έλούσατο·
766 856 826 914 οὗτος
835 859 929 918 ἐμψύχου

146 930 171 976 οῦ
185 932 274 989 μετέσχε,
289 929 360 983 καθοδς
372 928 415 977 άνω
427 950 461 988 μοι
472 931 630 991 προδεδήλωταν
645 926 705 983 οὗτος
714 930 821 976 σανδάλιον
833 929 869 989 ούχ
881 929 929 978 ύπε-

147 1000 227 1058 δήσατο.
258 1003 299 1045 Καὶ
315 1000 378 1046 πολλά
393 998 419 1059 ήν
430 1004 475 1060 περὶ
487 1007 524 1047 τοῦ
534 1000 608 1061 ἄνδράς
624 1003 686 1060 λέγειν
697 1003 777 1058 καὶτῆς
789 1003 883 1060 ἐναρέτου
895 1002 930 1048 ον’-

147 1077 183 1116 τοῦ
199 1075 303 1122 πολιτείας.
333 1070 392 1130 Ὁρᾷς
408 1067 445 1115 οῦν
458 1072 488 1116 ὅτι
502 1071 514 1116 δ
525 1070 581 1124 οἶκος
592 1071 718 1116 παντάπασιν
728 1072 884 1130 ἀξιολογώτατος
893 1067 929 1129 ήν;

147 1133 166 1184 {l
175 1140 213 1199 γάρ
225 1143 244 1185 οἱ
254 1144 324 1191 παῖδες
334 1146 370 1184 τοῦ
379 1140 457 1196 Ἰωσήφ
475 1140 555 1200 ήδεισαν
572 1144 685 1199 παρθενίας
695 1141 751 1192 τάξιν
761 1143 795 1184 καί
807 1144 931 1198 Ναζωραίων

147 1209 169 1253 τδ
181 1213 248 1266 έργον,
264 1209 320 1268 πύσφ
329 1227 350 1266 γε
359 1214 433 1264 μᾶλλον
443 1208 455 1253 δ
466 1208 578 1267 πρεσβύτης
587 1212 623 1261 καὶ
633 1213 698 1264 τίμιος
708 1208 759 1267 άνήρ
770 1209 812 1269 ήδει
824 1209 930 1263 φυλάττειν

147 1279 251 1334 παρθένον
266 1277 339 1334 ἁγνήν,
361 1279 396 1320 καί
411 1282 472 1332 τιμάν
489 1276 512 1320 τδ
529 1283 600 1328 σκεῦος
614 1280 666 1322 ἔνθα
681 1295 723 1321 που
738 1278 858 1333 ένεδήμησεν
868 1276 883 1333 ή
891 1283 931 1322 τῶν

148 1346 265 1402 ἀνθρώπων
282 1349 378 1403 σωτηρίας
415 1345 466 1388 Ούτε
482 1345 534 1402 αῦτή
552 1345 566 1401 ή
582 1346 643 1399 φύσις
658 1345 748 1389 διδάσκει
763 1344 816 1401 ἡμᾶς
831 1346 862 1389 ι’ίτι
879 1345 930 1404 οίνήρ

148 1415 183 1469 μέν
193 1409 219 1468 ἦν
230 1414 352 1470 πρεσβύτης,
373 1412 518 1469 ύπερβεβηκσδς
534 1413 586 1457 πολύ
598 1419 623 1473 τῇ
638 1412 716 1472 ήλικίγ,
736 1414 797 1470 μέγας
808 1413 896 1470 γεγονσδς
909 1416 931 1456 έν

147 1480 244 1536 άνδράσι,
264 1481 335 1531 πιστάς
345 1481 380 1524 τδν
391 1482 478 1538 τρόπον,
498 1480 617 1536 ειίλαβήςτδ
631 1479 695 1533 εἶδος,
727 1479 805 1525 Φάσκει
814 1480 853 1537 γάρ
863 1481 886 1524 τδ
899 1482 931 1523 εῦ-

148 1550 239 1607 αγγέλιον
250 1548 291 1602 δ’τι,
308 1548 371 1607 Ἀνήρ
388 1548 514 1604 φοβούμενος
528 1548 563 1592 τδν
576 1548 625 1592 θεδν
636 1550 696 1605 ἐζήτει
707 1549 775 1606 λάθρα
787 1548 886 1593 αἰπολῦσαι
895 1548 930 1592 αύ·

148 1618 190 1674 τήν.
223 1623 230 1647 ¹
242 1623 325 1678 Τελευτᾷ
336 1619 358 1661 δέ
368 1613 429 1669 οὗτος
439 1617 451 1662 ὁ
462 1617 562 1674 Ἰάκωβος
574 1615 586 1662 δ
599 1616 685 1673 άδελφδς
696 1623 733 1663 τοῦ
743 1621 826 1676 κυρίου,
841 1619 877 1662 καλ
886 1617 932 1671 υίδς

145 1686 237 1745 Ἰωσήφ,
258 1685 447 1746 ένΊεροσολύμοις,
467 1688 544 1745 βιούσας
561 1687 610 1745 μετά
626 1687 663 1746 τήν
676 1693 712 1733 τοῦ
724 1693 813 1747 σωτῆρος
830 1687 932 1745 άνάληψιν

149 1761 198 1803 έτεσι
214 1759 368 1817 εἰκοσιτέσσαρσι
380 1761 440 1803 πλείω
456 1758 544 1812 ἐλάσσω,
565 1758 594 1802 σ’δν
607 1761 657 1803 ἐτῶν
671 1758 723 1819 (ἶς’,
744 1757 784 1803 ύπδ
794 1763 830 1802 τοῦ
840 1760 933 1817 γναφέως

148 1833 176 1887 τῷ
187 1827 238 1888 ξύλφ
250 1829 345 1879 παισθεὶς
357 1827 393 1883 τήν
405 1827 506 1884 κεφαλήν,
527 1830 593 1885 βιφελς
604 1827 644 1872 οἷπδ
657 1833 693 1871 τοῦ
704 1831 811 1886 πτερυγίου
821 1833 859 1872 τοῦ
869 1831 932 1886 ἱεροῦ,

147 1899 181 1941 καὶ
192 1896 306 1951 κατελθών,
322 1900 357 1941 καὶ
366 1898 428 1952 μηδὲν
439 1896 558 1952 οἷδικηθεὶς,
573 1900 641 1947 κλίνας
652 1898 674 1941 δὲ
685 1896 709 1940 τά
721 1897 796 1954 γόνατα
800 1932 806 1952 ,
827 1899 862 1941 καὶ
872 1915 932 1954 προς-

147 1965 255 2020 ευξοίμενος
271 1964 321 2023 ύπέρ
340 1971 396 2009 έτοῐν
411 1964 473 2010 αύτύν
487 1964 604 2022 ῥιψάντων,
626 1967 660 2008 καλ
678 1964 774 2018 φάσκων,
797 1965 932 2023 Συγγωρησον

147 2033 226 2087 αῦτοῖς,
247 2035 272 2077 οῦ
283 2034 321 2092 γάρ
334 2037 401 2077 οίδασι
414 2037 434 2076 τί
445 2039 544 2077 ποιοῦσιν.
573 2032 608 2083 Ὡς
625 2037 660 2076 καὶ
675 2033 762 2088 Συμεοδν
780 2033 850 2091 πόρρω
863 2033 931 2085 έστσδς,

148 2101 243 2145 δτούτου
255 2102 352 2156 δινεψιδς,
368 2101 413 2151 υίδς
423 2103 445 2144 δέ
455 2106 491 2144 τοῦ
505 2106 583 2145 Κλωπᾶ
595 2102 656 2157 έλεγε·
678 2101 803 2154 Παύσασθε,
824 2104 842 2144 τί
855 2100 933 2152 λιθάζε·

52 2188 87 2217 pag.
100 2181 139 2210 1⁰1³.
148 2187 169 2212 τε
180 2169 215 2212 τδν
225 2173 314 2221 δίκαιον,-
330 2171 364 2212 καὶ
375 2168 420 2212 ι’δού
432 2168 509 2223 εύγεται
518 2168 568 2225 ύπὲρ
581 2167 639 2224 ῦμολν
651 2168 675 2212 τά
687 2169 784 2212 κάλλιστα.
815 2170 857 2212 Καὶ
868 2168 932 2219 ούτως

147 2239 216 2295 γέγονε
230 2237 252 2282 τδ
271 2238 335 2282 αὐτοῦ
350 2236 466 2294 μαρτύριον.

53 2518 99 2565 Κεφ-
110 2518 136 2554 ιε’·
207 2519 235 2559 Εἰ
246 2519 315 2559 τοίνυν
327 2514 339 2559 o‘
350 2515 423 2560 τούτου
437 2521 485 2565 παῖς
500 2514 602 2558 τοσούτων
619 2516 669 2558 ἐτοῖν
682 2514 771 2573 ύπήργε,
790 2520 834 2566 πῶς
853 2513 934 2573 1ύίραδ

149 2585 221 2628 τούτου
236 2584 313 2641 πατήρ,
334 2586 412 2640 βλέπων
430 2583 524 2641 φρικώδη
539 2582 656 2639 πράγματα,
678 2583 773 2641 άγγέλονς
791 2583 827 2638 τήν
841 2585 934 2641 γέννησιν

149 2659 186 2697 τοῦ
207 2656 253 2696 υίοῦ
271 2657 449 2708 δορυφοροῦντας,
474 2650 586 2705 ὑμνοῦντας
605 2650 639 2694 ἐπ’
655 2650 757 2708 ούρανοῦ,
780 2654 813 2695 καὶ
832 2653 933 2709 λέγοντας,

150 2722 206 2774 Δόξα
219 2724 240 2765 έν
252 2720 345 2775 ὑψίστοις
356 2727 399 2780 θεῷ
405 2757 410 2775 ,
431 2721 466 2764 καὶ
478 2721 512 2763 ἐπὶ
528 2724 565 2776 γῆς
577 2720 657 2776 εἰρήνη,
678 2723 700 2764 ἒν
712 2720 933 2776 α’νθράποιςεῦδοκία,

89 2801 92 2804 ’
149 2793 184 2833 καί
194 2795 235 2832 τῶν
244 2792 345 2843 ποιμένων
354 2789 446 2845 ήκύντωυ
457 2790 484 2837 είς
496 2786 518 2830 τά
529 2787 627 2843 σπήλαιον
638 2790 689 2831 ένθα
701 2788 812 2845 ἐγεννήθη,
826 2790 934 2832 καὶταῦτα

150 2857 295 2915 ἀγγελλόντων,
316 2860 350 2901 καὶ
368 2863 405 2901 τοῦ
416 2855 494 2911 Ἰωσήφ
506 2855 619 2907 ἀκούοντος
630 2862 668 2900 τοῦ
679 2856 805 2913 πρεσβύτου,
825 2858 859 2901 καὶ
873 2856 934 2915 ύπερ-

175 3000 201 3033 10.
213 2998 243 3034 τοῦ
253 3000 305 3033 omiss.
316 3001 333 3033 ιἰι
344 3000 368 3034 ιδ,
375 2999 431 3033 Ριιιιν.
441 2999 495 3032 colon.
505 3007 529 3031 re·
551 3008 569 3040 φ.
577 2994 621 3040 460,
635 2996 661 3032 13.
673 2999 697 3031 αλ.
708 2998 758 3032 Βοππ,

149 3049 204 3089 μείλια.
578 3043 594 3078 2.
607 3044 641 3081 τῶν
653 3046 706 3079 omiss.
715 3046 733 3078 ιἰι
741 3045 766 3078 οδ,
776 3047 830 3079 Ρείαυ.
844 3046 898 3080 Coton.
909 3054 934 3078 re-

175 3093 214 3128 θον.
226 3092 274 3127 XIV.
288 3112 308 3117 α
333 3092 347 3127 1.
366 3093 460 3135 θγῖθλικοκ.
475 3093 530 3127 Ροεολι
553 3095 584 3135 pet.
