1988 3392
143 215 186 257 632
377 220 487 255 ιυυπινυι
500 220 530 254 ατ
542 220 696 254 σοιιιιιεειιυι.

144 300 193 347 ι’ύρος,
205 301 235 337 καὶ
247 300 286 336 ε’κεῖ
293 300 385 343 ἐκαθέζετο
397 299 440 345 μετὰ
450 301 484 336 τιῦν
497 300 580 344 μαδητιῦν
591 296 649 336 αῦτοῦ.
670 293 705 335 Ἠν
716 298 736 335 δὲ
745 299 765 336 τὸ
776 297 843 345 Πάσχα
853 298 866 344 ή
876 299 928 345 ἐορτῆ

143 360 177 395 τιῦν
187 357 282 394 Ἰουδαίων.
306 356 380 402 Λοιπὸν,
393 356 418 396 οἷς
429 356 476 401 λέγει
486 355 508 393 τά
518 353 561 392 άλλοι
573 353 673 402 εῦαγγέλια,
686 356 817 400 Παραδολέντος
827 357 857 392 τοῦ
868 354 929 393 Ἰωάν-

144 428 171 451 νου
182 413 236 450 έλδαλν
248 414 351 460 κατῴκησεν
363 414 388 454 εἰς
399 412 520 458 Καφαρναοὺμ
529 411 561 457 τήν
570 412 721 456 παραδαλάοσιον,
733 409 758 453 ιῦς
768 412 798 447 καλ
807 410 860 453 αῦτὸς
868 409 929 449 Ἰωάν-

144 484 175 515 νης
186 470 255 517 συνῳδὰ
267 475 302 510 τοῖς
318 467 375 510 ἄλλοις
391 468 488 514 εὑρίσκεται
504 470 563 514 λέγων.
586 470 622 505 Τοῦ
635 468 679 514 γάρ,
697 467 763 516 Πάσχα
775 468 792 504 έν
804 468 845 513 μηνὶ
855 470 928 515 Μαρτίῳ

144 524 157 572 ή
169 525 262 574 Ἀπριλλίῳ
278 526 365 572 γενομένου
381 525 474 568 ἐξάπαντος
485 526 579 563 δείκνυνται
595 522 643 562 ἄλλοι
653 522 701 566 ὄντες
712 525 769 570 καιροί
783 525 800 562 έν
811 523 836 566 οἷς
848 523 858 562 ἆ
869 524 928 571 σωτὴρ

145 582 190 628 μετά
199 583 228 620 τὸν
239 582 333 628 πειρασμὸν
343 582 386 628 πρὸς
394 582 423 619 τὸν
433 580 513 627 Ἰωάννην
524 582 625 628 ἀφικνεῖται.
648 583 769 628 Κατηγοροῦσι
778 583 799 619 δὲ
807 583 824 618 οἱ
835 580 884 618 αῦτολ
894 580 929 619 πά-

145 643 169 676 λιν
180 642 216 676 κτλ.
229 660 250 666 -
274 640 285 673 1.
294 639 309 674 9.
321 640 342 673 ab
354 640 385 673 inf.
399 637 451 676 αῦτοῦ
462 637 521 685 εῦαγγ.
534 636 571 685 ύτι,
587 640 651 685 φησίν,
664 637 765 684 άἸινάννης
777 640 810 685 ἔφη
821 637 853 676 δύο
864 639 930 686 Πάσχα

145 696 174 733 τὸν
181 698 253 741 σωτῆρα
263 696 374 740 πεποιηκέναι
383 697 431 740 (hinc
440 697 514 731 sananda
524 698 591 741 vulgata
602 705 628 731 est
636 698 727 742 scriptura]
738 696 755 733 ἐν
765 694 841 742 περιόδῳ
851 695 930 733 ἐνιαυτῶν

146 752 187 791 δύο·
205 755 221 789 οἱ
230 752 250 790 δὲ
262 751 309 790 άλλοι
322 750 444 799 εῦαγγελισταί
454 752 494 798 περὶ
505 753 543 794 ἐνός
555 753 621 801 Πάσχα
633 754 736 799 διηγοῦνται
759 754 796 790 Καὶ
807 751 838 790 οῦκ
847 754 904 789 ἰσασιν
915 754 931 790 οί

147 811 214 848 ἰδιῶται
223 807 250 846 ὅτι
260 807 279 847 ού
291 810 341 857 μένον
352 811 384 848 δύο
394 810 460 859 Πάσχα
470 810 552 857 ὁμολογεῖ
558 810 581 848 τά
591 809 694 858 εῦαγγέλια,
712 810 737 853 τίς
748 811 854 858 πανταχόδεν
866 810 912 853 έδείξ
924 831 931 838 -

148 881 188 914 μεν.
204 865 247 904 άλλά
259 867 291 905 δύο
302 868 332 914 μἐν
343 873 379 905 κτλ.
391 871 433 904 ven.
444 889 467 895 -
490 871 503 904 ἰ.
511 872 526 904 5.
537 870 559 904 ab
570 869 602 904 inf.
620 868 628 906 ὁ
641 869 700 915 σωτήρ
712 866 753 906 άλλο
764 867 839 916 Πάσχα,
853 867 878 909 οἷς
889 866 932 905 εἶναι

147 926 186 971 τρία
195 924 263 972 Πάσχα
274 923 307 963 άπὸ
323 928 353 963 τοῦ
368 925 428 973 χρόνον
440 927 470 963 τοῦ
485 927 602 974 βαπτίσματος
618 927 648 963 καί
663 929 697 973 τής
708 926 766 974 άρχής
780 927 811 963 τοῦ
822 925 932 972 κηρύγματος

148 984 176 1020 ἐπί
186 984 240 1029 τρισίν
252 984 305 1020 έτεσιν
317 983 350 1025 ἕως
360 987 390 1020 τοῦ
404 987 483 1029 σταυροῦ.
507 985 590 1022 Γεννᾰται
605 984 635 1031 μἐν
651 984 684 1031 γάρ
700 982 709 1022 ὁ
723 983 782 1030 σωτήρ
797 984 931 1030 τεσσαρακοστῷ

148 1041 224 1087 δευτέρῳ
236 1041 270 1076 ἐ’τει
281 1039 380 1087 Αὔγουστον
395 1042 480 1089 βασιλέως
494 1044 528 1078 τῶν
539 1040 630 1088 Ῥωμαίων
646 1042 663 1078 έν
674 1040 748 1090 ῦπατεία
761 1043 792 1078 τοῦ
803 1038 857 1077 αῦτοῦ
866 1038 933 1077 Ὀκτα-

149 1098 186 1145 βίον
195 1095 296 1144 Ἀῦγοῦστου
307 1098 326 1135 τύ
337 1100 474 1144 τριςκαιδέκατον
484 1100 514 1136 καί
523 1100 604 1142 Σιλανοῦ,
617 1098 641 1140 οἷς
652 1099 687 1146 ἔχει
696 1098 718 1136 τοί
728 1098 775 1144 παρά
785 1098 878 1143 Ῥωμαίοις
889 1096 933 1134 ιίπα-

149 1154 205 1201 τάριιι.
228 1153 502 1201 Κεῖταιγαῖρέναῦτοῖςοῦτως.
526 1155 596 1193 Τούτων
608 1156 737 1198 ῦπατευύντων,
754 1157 801 1203 φημί
811 1155 831 1193 δὲ
841 1153 933 1201 Ὀκταβίου

111 1212 113 1214 ’
148 1211 168 1248 τῦ
181 1213 317 1258 τριςκαιδέκατον
333 1213 363 1249 καί
379 1214 465 1255 Σιλανοῦ,
483 1213 567 1259 ἐγεννήθη
580 1213 656 1259 Χριστὸς
670 1215 693 1261 τῇ
709 1213 740 1260 πρὸ
756 1210 802 1251 dur&
813 1214 873 1249 Εἰδιῦν
887 1210 933 1248 Ἰαν-

149 1270 229 1314 νουαρίων
242 1269 286 1314 μετά
297 1273 386 1314 δεκατρεῖς
397 1269 465 1316 ήμέρας
478 1274 512 1316 τῆς
523 1274 622 1319 χειμερινῆς
631 1273 696 1317 τροπῆς
708 1272 738 1307 καί
748 1273 782 1315 τῆς
793 1271 823 1307 τοῦ
834 1268 893 1316 φωτὸς
904 1270 934 1306 καί

149 1326 218 1372 ἡμέρας
228 1327 254 1372 (ίιι
264 1339 317 1372 marg.
326 1329 388 1372 legitur
397 1326 509 1373 Ἰαννουαρίου
526 1329 556 1365 καί
567 1329 672 1376 Δεκεμβρίου
684 1327 718 1374 κε’)
735 1326 840 1373 προςξλήκης.
864 1323 934 1371 Ταύτην

150 1384 170 1421 δὲ
179 1383 211 1429 τήν
222 1383 289 1429 ήμέραν
300 1384 407 1429 ἑορτάζουσιν
412 1382 503 1430 Ἕλληνες,
515 1385 562 1431 φημί
573 1385 594 1422 δὲ
604 1387 620 1422 οἱ
632 1384 753 1430 εἰδωλολάτραι
762 1387 785 1432 τῇ
796 1383 827 1430 πρό
841 1382 887 1420 α’κτιλ
897 1385 934 1419 Κα-

150 1442 215 1477 λανδῶν
224 1438 341 1486 Ἰαννουαρίων
350 1441 382 1487 τήν
393 1441 439 1488 παρὰ
452 1441 545 1487 Ῥωμαίοις
559 1442 664 1487 καλουμένην
676 1443 810 1487 Σατουρναλίαν,
828 1439 867 1486 παρ’
885 1441 934 1491 Αἰγυ-

150 1498 204 1538 πτίοις
216 1497 236 1534 δὲ
247 1498 321 1542 Κρονία,
339 1496 378 1543 παρ’
387 1496 519 1544 Ἀλεξανδρεῦσι
534 1499 652 1536 δέΚικελλία.
676 1500 705 1545 Τῇ
716 1498 749 1545 γάρ
761 1497 793 1543 πρὸ
806 1495 851 1534 α’κτιύ
867 1498 935 1533 Καλαν-

151 1557 186 1592 διῦν
196 1553 313 1599 Ἰαννουαρίου
323 1557 373 1593 τοῦτο
382 1555 401 1591 τὸ
412 1558 475 1600 τμῆμα
484 1556 548 1601 γίνεται
559 1553 569 1592 δ’
579 1556 625 1592 ἐστιν
635 1557 690 1602 τροπῇ
699 1556 752 1600 (sic),
762 1555 793 1591 καὶ
800 1548 871 1601 ἄρχεται
879 1550 935 1596 αῦξειν

152 1609 165 1656 ή
176 1610 236 1656 ήμέρα
245 1612 275 1646 τοῦ
286 1611 346 1657 φωτός
357 1609 469 1658 λαμβάνοντος
479 1612 511 1657 τήν
522 1611 632 1658 προςῖλήκην,
649 1615 713 1656 πληροῖ
725 1611 745 1648 δὲ
754 1612 848 1655 δεκατριῶν
864 1608 934 1656 ήμεριῑν

152 1667 225 1712 άριδμιλν
238 1669 263 1707 εἰς
273 1667 305 1712 τήν
316 1668 392 1713 πραοκτιλ
404 1669 464 1704 Εἰδιῦν
475 1667 592 1714 Ἰαννουαρίων
605 1669 638 1708 ἕως
649 1668 716 1713 ήμέρας
724 1670 758 1711 τῆς
767 1669 797 1703 τοῦ
809 1668 885 1711 Χριστοῦ
895 1679 935 1712 γεν-

152 1723 229 1769 νήσεως,
248 1725 378 1769 προςτιδεμέυου
390 1727 490 1769 τριακοστοῦ
507 1722 554 1770 ιίίρας
571 1723 637 1772 ἑκάστη
653 1723 717 1772 ήμέρρι.
740 1721 775 1765 Ὦς
785 1722 834 1760 καὶὸ
845 1723 891 1769 παρὰ
900 1728 935 1763 τοῖς

152 1778 217 1825 Σύροις
232 1779 285 1824 σοφάς
300 1778 379 1826 Ἐφραίμ
394 1780 503 1826 ἐμαρτύρησε
519 1781 565 1826 (cod.
578 1780 690 1827 ἐμαρτύρισε)
708 1779 763 1826 τοῦτῳ
773 1782 799 1827 τῳ
812 1779 859 1826 λόγῳ
870 1780 887 1816 έν
897 1785 935 1820 ταῖς

152 1835 204 1872 αῦτοῦ
216 1836 311 1882 ἐξηγήσεσι
322 1837 375 1882 λέγων
388 1835 426 1882 ὅτι,
444 1835 507 1878 Οῦτως
516 1837 549 1883 γάρ
561 1835 666 1884 ᾤκουομήὲλη
681 1836 734 1882 ήτοῦ
743 1836 802 1880 κυρίου
813 1834 864 1882 ήμῶν
875 1834 935 1881 Ἰησοῦ

151 1894 228 1937 Χριστοῦ
237 1893 333 1936 παρουσία,
345 1892 357 1937 η“
370 1893 415 1929 κατὰ
426 1892 482 1938 σάρκα
492 1895 580 1939 γέννησις,
592 1890 645 1938 ήτοῦ
657 1894 713 1938 (scrib.
724 1890 771 1938 ήτοι)
782 1893 840 1928 τελεία
850 1892 936 1936 ένανδριύ-

151 1961 214 1994 πησις,
233 1945 243 1985 ὃ
256 1951 333 1984 καλεῖται
346 1947 459 1994 Ἐπιφάνεια,
477 1948 510 1986 άπύ
526 1952 560 1995 τῆς
574 1948 637 1996 α’ρχῆς
645 1953 679 1994 τῆς
694 1951 724 1985 τοῦ
735 1948 795 1995 φωτὸς
805 1946 899 1993 αὐξήσεως,
908 1948 936 1984 ἐπί

152 2006 196 2043 δέκα
209 2005 264 2049 τρισίν
275 2004 350 2049 ήμέραις
360 2006 482 2051 διαστήματος.
505 2004 572 2053 Ἐχρῆν
584 2005 617 2052 γάρ
632 2006 662 2042 καί
673 2007 722 2042 τοῦτο
733 2006 784 2042 τύπον
795 2006 876 2050 γενέσδαι
885 2003 935 2050 άριὲι-

153 2064 186 2107 μοῦ
201 2062 231 2097 τοῦ
246 2057 298 2096 αῦτοῦ
314 2062 372 2107 κυρίου
388 2061 440 2109 ήμῶν
454 2062 514 2109 Ἰησοῦ
525 2064 601 2108 Χριστοῦ
613 2063 643 2099 καί
655 2065 689 2100 τῶν
702 2061 754 2099 αῦτοῦ
765 2062 835 2100 διῦδεκα
847 2063 935 2107 μαθητῶν,

153 2117 173 2159 ῦς
183 2121 218 2154 τῶν
230 2121 324 2163 δεκατριῶν
338 2120 408 2166 ήμερῶν
424 2122 457 2165 τῆς
471 2122 501 2157 τοῦ
511 2120 570 2164 φωτὸς
584 2117 676 2165 αῦξήσεως
691 2117 766 2164 ἐπλήρου
780 2118 860 2164 άριδμάν.
883 2119 937 2156 Πόσα

152 2190 172 2213 τε
182 2175 225 2213 ἄλλα
236 2177 261 2218 εἰς
270 2176 302 2221 τήν
313 2176 373 2213 τούτου
385 2178 415 2213 τοῦ
428 2175 479 2223 λόγον
492 2175 575 2214 ῦπύὶλεσίν
585 2190 604 2213 τε
614 2172 645 2213 καί
656 2176 759 2222 μαρτυρίαν,
776 2176 822 2222 φημί
832 2175 853 2213 δὲ
863 2178 896 2221 τῆς
907 2177 936 2212 τοῦ

152 2236 229 2280 Χριστοῦ
241 2233 339 2279 γεννήσεως
349 2234 416 2280 γέγονέν
425 2247 444 2270 τε
455 2235 485 2270 καί
494 2235 558 2280 γίνεται
562 2247 568 2277 ,·
592 2234 629 2270 Καί
638 2233 671 2280 γάρ
680 2235 710 2270 καί
720 2236 770 2280 μέρος
780 2247 797 2270 τι
807 2235 841 2279 τῆς
853 2231 937 2279 α’ληῇείας

153 2289 289 2337 ἀναγκαζόμενοι
299 2289 386 2337 ὁμολογεῖν
399 2293 415 2327 οἱ
425 2293 458 2336 τῆς
469 2293 504 2328 τιῦν
515 2291 590 2329 εἰδώλων
602 2293 698 2337 βρησκείας
708 2290 803 2339 άρχηγέται
812 2292 842 2327 καί
852 2289 938 2337 άπατηλοί

154 2350 179 2390 εἰς
188 2348 208 2384 τύ
220 2348 328 2393 ἐξαπατῆσαι
339 2348 379 2390 τοῦς
390 2350 490 2391 πεισθέντας
501 2347 559 2391 αύτοῖς
569 2347 693 2396 εἰδωλολάτρας
704 2348 721 2386 έν
731 2351 798 2390 πολλοῖς
808 2345 867 2390 τύποις
878 2348 937 2394 ἑορτήν

155 2407 236 2452 μεγίστην
251 2404 320 2452 άγουσιν
332 2406 349 2442 έν
360 2404 405 2454 αῦτῇ
413 2409 436 2454 τῇ
450 2407 498 2444 νυκτί
507 2409 542 2444 τιῦν
550 2405 666 2454 Ἐπιφανίων,
685 2408 710 2449 εἰς
720 2406 739 2444 τό
751 2407 779 2443 ἐπί
790 2408 813 2454 τῇ
821 2406 877 2454 πλάνῃ
888 2406 936 2443 έλτιί-
949 2450 950 2454 ρ

156 2477 217 2505 σαντας
232 2463 257 2510 μή
274 2466 330 2509 ζητεῖν
340 2463 372 2509 τήν
384 2461 473 2510 άλήῧειαυ.
496 2465 568 2511 Πρώτου
580 2465 609 2511 μἐυ
620 2466 637 2501 έν
647 2463 768 2512 Ἀλεξανδρείᾳ
780 2464 797 2501 έν
806 2467 832 2512 τῷ
843 2465 901 2510 Καρίῳ
911 2465 937 2511 τῷ

155 2522 263 2568 καλουμένῳ·
276 2520 316 2563 ναῦς
326 2522 347 2559 δέ
357 2522 393 2558 ἐστι
404 2524 493 2568 μέγιστος,
505 2524 589 2559 τουτέστιν
598 2522 618 2559 τὸ
628 2524 698 2569 τέμενος
707 2519 741 2567 τῆς
750 2522 817 2566 Κόρης.
836 2518 937 2568 ’Ὁληνγάρ

155 2579 187 2625 τήν
201 2579 255 2615 νύκτα
270 2576 410 2625 ἀγρυπνήσαντες
423 2579 440 2615 έν
451 2577 520 2626 οἰομασί
534 2592 570 2616 τισι
580 2581 611 2617 καί
626 2578 684 2621 αύλοῖς
697 2581 722 2627 τῷ
734 2578 800 2623 εἰδώλῳ
811 2574 890 2626 ᾅδοντες,
908 2578 938 2615 καί

154 2637 248 2683 παννυχίδα
257 2637 385 2678 διατελέσαυτες
395 2636 439 2683 μετὰ
449 2636 481 2683 τήν
492 2638 526 2673 τιῦν
537 2635 652 2683 άλεκτρυάνων
664 2637 740 2683 κλαγγήν
751 2638 861 2685 κατέρχονται
871 2639 938 2681 λαμπα-

155 2693 230 2741 δηφάροι
241 2695 266 2734 εἰς
276 2694 329 2738 σηκόν
339 2707 375 2730 τινα
387 2694 478 2740 ῦπόγαιον,
490 2695 521 2730 καί
530 2692 633 2741 άναφέρουσι
645 2693 704 2738 ξόανόν
713 2708 730 2730 τι
742 2694 804 2738 ξύλινον
815 2695 870 2740 φορίῳ
882 2695 938 2730 καδε-

156 2752 226 2799 ξάμενον
235 2750 297 2797 γυμνὸν
308 2751 345 2797 ἔχον
357 2749 445 2798 σφραγῖδά
454 2765 491 2788 τινα
503 2755 574 2798 σταυροῦ
587 2752 615 2789 ἐπί
625 2755 654 2789 τοῦ
666 2751 745 2798 μετώπου
756 2752 858 2799 διάχρυσον,
870 2751 900 2787 καί
910 2750 939 2787 έπλ

155 2816 193 2851 ταῖς
204 2810 293 2853 ἑκατέραις
306 2809 363 2855 χερσὶν
376 2806 430 2851 ἅλλοις
438 2805 472 2846 Ιδύο
482 2808 561 2849 τοιαύτας
576 2813 673 2856 σφραγῖδας
684 2810 744 2855 (etiam
752 2810 769 2843 in
781 2811 848 2843 Veneto
860 2809 898 2843 cod.
907 2820 936 2842 αε-

156 2876 214 2903 centus
225 2868 286 2912 ubique
297 2874 323 2899 est
339 2868 442 2913 οφραγίδας)
454 2867 484 2903 καὶ
498 2864 524 2902 ἐπ’
536 2865 593 2908 αὐτοῖς
603 2872 638 2907 τοῖς
648 2867 688 2903 δυσί
698 2865 774 2912 γονάτοις
784 2867 825 2913 (sic)
836 2862 889 2906 ἄλλας
900 2864 937 2908 δῦο,

156 2923 200 2969 ὁμοῦ
212 2923 232 2961 δὲ
242 2923 273 2964 τάς
283 2923 332 2959 πέντε
344 2928 440 2969 σφραγῖδας
451 2922 484 2961 αἰτύ
495 2925 558 2971 χρυσοῦ
568 2924 693 2971 τετυπωμέυας.
716 2923 752 2959 Καὶ
762 2923 880 2969 περιφέρουσιν
888 2923 938 2958 τοῦτο

156 2981 175 3018 τὸ
188 2980 245 3023 ξόανον
255 2980 326 3022 ἑπτάκις
336 2979 455 3022 κυκλεύσαντες
467 2981 496 3018 τὸν
507 2982 608 3026 μεσαίτατον
621 2981 670 3022 ναὸν,
688 2980 731 3025 μετά
740 2978 795 3017 αύλιῦν
807 2981 837 3016 καὶ
846 2976 938 3025 τυμπάνων

157 3039 186 3074 καί
201 3035 268 3083 ῦμνων,
286 3040 316 3074 καὶ
332 3037 444 3083 κωμάσαντες
459 3038 584 3083 καταφέρουσιν
598 3036 639 3074 αύτὸ
653 3032 704 3079 αῦδις
716 3038 740 3078 εἰς
750 3037 779 3073 τὸν
791 3036 871 3082 ῦπόγαιον
881 3035 937 3072 τύπον.

155 3094 276 3142 Ἐρωτυίμενοι
287 3096 307 3135 δὲ
317 3093 353 3138 ὅτι,
371 3096 395 3131 Τί
406 3097 442 3134 ἐστι
455 3098 504 3134 τοῦτο
514 3095 534 3132 τὸ
546 3095 573 3141 (τό
585 3108 619 3130 nou
631 3096 683 3130 habet
694 3096 740 3141 cod.)
751 3092 851 3145 μυστήριον,
868 3089 938 3138 άποκρί·
