1988 3392
206 244 299 280 rauauu
310 244 353 277 le.
365 245 395 278 lll.
407 244 462 279 ΤΟΜ,
473 221 490 277 l.»
499 244 566 278 HAER.
577 243 651 278 LXXV.
783 230 824 273 187

41 325 102 375 tinet,
125 324 347 381 dequotestimoninm
361 325 407 366 illud
422 325 514 381 protulit:
535 326 707 366 Pnscbauostrnm
720 323 827 363 immolatus
853 327 907 391 ¹5⁰3*

40 403 70 436 est
84 396 185 443 Cbrr'stos5
209 394 263 435 illum
280 394 404 445 intueamur,
427 394 483 436 cuius
495 394 532 436 ista
545 408 586 436 vox
599 399 642 442 est,
666 399 776 434 utrumnam
794 403 828 431 ce·
871 381 897 398 '¹

40 462 123 505 lebrarit
134 462 185 517 ipse.
217 461 247 503 De
259 475 283 502 eo
297 476 346 503 vero
357 463 387 503 sic
399 462 492 518 scriptum
504 471 547 504 est:
567 462 681 504 Festrnnbnt
690 469 714 501 nt
721 462 828 501 celebraret
834 465 896 500 Art-²⁰.
903 464 926 494 1⁶·

41 535 164 572 Pentecosten
179 532 308 582 ierosolymis.
341 529 429 586 Ecquam
447 545 495 572 vero
509 529 643 572 Pentecosten
660 527 735 570 Paulus
748 535 825 582 ageret,

41 598 79 641 nisi
91 596 169 639 Pascha
181 598 235 653 prius
247 597 343 640 obiisset?
373 597 424 653 Quis
435 605 467 639 est
477 599 552 654 uspiam
565 606 664 640 terrarum
676 597 708 652 qni
719 611 758 637 non
771 596 790 636 in
803 610 828 636 eo

41 665 166 716 consentiat,
188 672 290 721 quartam,
311 674 416 708 sextamvc
436 666 503 707 feriam
520 665 598 708 solenni
614 665 633 707 in
652 665 737 706 eeclesia
754 663 828 704 ieiunio

41 735 193 776 consecrarant
223 733 281 789 Quod
299 734 315 775 si
330 748 357 775 ex
370 734 504 790 apestolorum
518 733 659 776 constitutione
672 732 780 788 repetenda
792 745 828 772 no·

41 802 71 844 bis
83 801 192 844 auctoritas
204 809 243 852 est,
260 815 296 842 cur
307 802 346 842 illis
357 808 439 857 quartae
455 809 565 858 sextaeque
576 802 638 843 leriae
649 801 743 843 ieiunium
757 813 828 856 perpe-

41 877 75 914 tua
91 871 136 926 lege
150 870 251 921 sancitur,
275 877 359 926 excepta
373 869 508 912 Pentecoste?
539 868 631 913 Cursex
641 868 828 912 Paselratisdiebns

42 940 182 982 nihilomnino
194 939 217 980 ad
230 938 294 980 cibum
309 947 388 994 praeter
400 954 482 996 panem,
503 940 565 981 salem
577 946 597 980 et
609 954 679 994 aquam
696 940 827 981 adhibendum

42 1008 149 1051 deliniunt?
179 1005 290 1064 Quamnam
306 1021 355 1049 vero
367 1007 465 1050 celebrari
478 1007 542 1060 diem,
559 1015 579 1050 et
594 1007 614 1049 iu
624 1007 755 1050 illlnsoentem
766 1007 829 1049 domi-

41 1078 106 1121 nicam
122 1077 221 1120 dimittere
238 1075 373 1134 praeeipiant‚
395 1077 468 1120 nemini
487 1091 533 1120 esse
549 1084 615 1135 petest
634 1077 748 1120 obscurum.
787 1075 829 1119 lam

41 1162 91 1190 vero
110 1147 149 1190 utri
166 1148 244 1190 tandem
259 1146 337 1189 illorunr
351 1148 456 1204 peritiores
470 1150 531 1191 sunt?
560 1148 593 1190 An
604 1161 673 1190 errore
687 1148 782 1205 deceptus
795 1147 830 1189 bo-

42 1218 133 1270 mnuoio‚
155 1216 187 1274 qni
202 1231 254 1260 nunc
273 1218 351 1260 tandem
368 1218 461 1270 emersit,
483 1226 504 1260 et
521 1218 585 1260 adbrrc
598 1217 656 1259 bodie
668 1225 771 1275 superstes
787 1217 830 1259 est?

42 1289 75 1330 An
92 1287 184 1343 quiante
200 1302 237 1329 nos
248 1294 310 1330 testes
324 1287 447 1340 extiterunt,
467 1288 540 1344 quique
556 1294 602 1330 ante
621 1301 657 1329 nos
670 1288 753 1330 eandem
768 1286 830 1329 tradi-

42 1357 116 1399 tionem
129 1355 149 1397 in
162 1357 247 1399 ecclesia
259 1363 377 1408 tenuerunt,
394 1371 451 1413 qnam
466 1364 486 1398 ct
495 1357 532 1413 ipsi
545 1372 556 1398 a
568 1357 684 1413 parentibus
693 1358 734 1399 snis
746 1371 830 1413 aecepe-

41 1433 98 1477 rant,
120 1433 140 1467 et
150 1427 238 1481 ipsorum
251 1432 344 1481 parentes
356 1440 367 1466 a
381 1425 490 1467 maioribus
503 1426 545 1468 suis
557 1425 679 1478 didicerant,
702 1425 829 1482 quemadmo-

42 1497 86 1538 dum
98 1495 191 1547 ecclesia,
208 1509 266 1550 quarn
278 1508 288 1535 a
300 1494 389 1551 patribus
401 1494 443 1536 suis
454 1495 530 1551 aceepit
542 1501 616 1537 rectam
629 1509 652 1536 ac
662 1495 761 1537 sinceram
771 1495 828 1536 fidem

42 1579 86 1607 cum
103 1563 242 1606 traditionibus
260 1564 284 1605 ad
303 1564 355 1605 laune
375 1564 426 1605 diem
444 1564 552 1605 observat?
581 1561 679 1605 Facessat
698 1563 760 1619 igitur
779 1563 830 1605 falsa

42 1634 96 1676 illins
111 1634 135 1675 de
147 1631 246 1675 Pascbate
261 1633 369 1675 sententia.
401 1630 459 1687 Quod
476 1632 493 1674 si
506 1633 529 1674 de
541 1639 611 1690 quarta
623 1640 708 1675 sextave
726 1632 776 1674 teria
787 1633 830 1675 nnl-

42 1703 80 1745 lam
93 1703 174 1743 omnino
192 1701 211 1743 in
224 1702 366 1744 corrstitntione
379 1716 414 1744 sua
427 1702 548 1743 mentionem
559 1702 643 1758 apostoli
658 1702 764 1753 iecissent,
786 1702 830 1743 aliis

44 1779 109 1813 tamen
121 1771 244 1826 argumentis
255 1771 328 1812 licebat
338 1771 374 1812 nti.
407 1767 530 1825 Quamquam
542 1785 565 1812 ea
576 1771 600 1811 de
612 1784 633 1812 re
646 1777 677 1811 est
687 1771 712 1812 ab
722 1770 760 1812 illis
771 1784 829 1812 accu-

42 1839 143 1882 ratissime
154 1839 261 1895 scripturn,
282 1839 340 1894 idque
353 1839 416 1895 ipsnnr
428 1838 452 1879 ab
464 1839 548 1880 ecclesia
560 1846 674 1895 susceptum
686 1839 785 1880 communi
798 1847 830 1880 est

43 1908 176 1950 consensione
192 1908 303 1958 firmatum,
324 1914 429 1962 antequam
441 1906 517 1949 Aerias
528 1907 579 1949 nllus
591 1921 634 1948 cnm
645 1907 741 1949 aerianis
752 1908 830 1949 existe·

42 1984 81 2018 ret.
106 1974 146 2030 Qui
158 1975 204 2016 mibi
215 1982 320 2032 propterea
332 1976 404 2016 merito
415 1974 433 2015 id
445 1974 531 2016 rronrinis
543 1976 625 2031 adeptus
636 1975 723 2017 videtur.
745 1975 830 2017 Aeriam

42 2045 112 2101 quippe
122 2043 211 2100 spiritum
229 2057 256 2085 ex
269 2043 382 2098 impuritate
392 2050 462 2084 nactus
471 2051 514 2094 est,
537 2044 561 2084 de
571 2043 605 2084 illo
616 2044 715 2085 acriorum
730 2044 830 2099 nequitiae

42 2112 145 2169 spirituum
158 2126 237 2166 grege,
248 2111 280 2165 qni
292 2111 312 2152 in
323 2112 365 2165 ipso
376 2111 473 2151 aduersus
484 2111 588 2152 ecclesiam
600 2110 719 2152 domicilium
731 2112 829 2166 posuerit.

100 2177 159 2233 and
171 2193 220 2220 vero
232 2185 309 2233 spectat
321 2178 345 2218 ad
356 2178 415 2219 ritum
428 2178 481 2218 illum
493 2192 532 2233 quo
546 2184 669 2219 mortuorum
686 2179 765 2219 nourina
784 2192 829 2234 pro·
842 2191 926 2236 eapvlu

43 2247 172 2298 nuntiantur,
189 2247 234 2301 quid
247 2260 271 2287 ce
284 2260 329 2287 esse
341 2253 406 2301 potest
418 2246 499 2286 utilius?
520 2246 565 2300 quid
578 2247 718 2301 opportunius,
735 2253 769 2288 ant
781 2261 831 2288 vero

43 2313 174 2356 admiratione
190 2313 283 2369 dignius?
306 2327 376 2368 nempe
392 2321 414 2355 ut
430 2313 463 2369 qui
480 2314 552 2355 adsunt
568 2314 681 2355 certissime
696 2314 734 2355 sibi
750 2328 831 2369 persua-

43 2384 103 2424 deant
117 2389 207 2424 mortuos
222 2381 304 2433 virere,
322 2396 360 2423 neo
372 2382 392 2423 iu
404 2382 485 2423 nibilum
502 2383 594 2423 redactos
611 2396 669 2434 esse,
691 2384 726 2425 sed
743 2383 831 2424 existere

43 2452 119 2504 adbuc,
143 2457 202 2506 atque
219 2450 270 2507 apud
286 2450 385 2493 deminum
400 2449 482 2492 rivere:
506 2458 546 2493 tum
562 2458 585 2493 ut
599 2451 772 2506 religiosissimum
784 2451 832 2494 illud

43 2522 115 2576 dogma
130 2519 267 2576 praedicetur,
290 2534 329 2575 quo
342 2520 374 2575 qui
392 2534 427 2577 pro
444 2519 537 2561 fratribus
553 2527 671 2576 precantur,
694 2521 744 2562 bene
756 2521 780 2561 de
792 2521 832 2562 illis

43 2604 126 2648 sperare
138 2580 228 2642 constat,
251 2591 306 2645 quasi
323 2604 409 2646 peregre
422 2590 525 2645 proiectis.
556 2587 651 2632 Ceterum
665 2605 715 2647 quae
730 2605 767 2648 pro
779 2606 833 2634 mor·

44 2660 84 2704 tuis
101 2659 242 2718 concipiuntur
259 2674 330 2717 preces
344 2659 370 2701 iis
388 2659 447 2702 utiles
462 2667 522 2711 suut,
544 2660 623 2703 tametsi
643 2675 682 2703 non
703 2676 773 2704 omnes
790 2662 833 2704 cul-

43 2744 79 2788 pas
91 2730 217 2786 extingnant.
248 2727 324 2772 Verum
336 2743 362 2771 ex
375 2744 399 2772 ec
411 2737 493 2786 prosunt
504 2732 554 2786 qnod
567 2730 695 2788 plerumque,
712 2731 757 2774 dum
768 2732 832 2773 adbuc

43 2800 63 2842 in
75 2806 128 2841 terra
140 2800 242 2856 degimus,
259 2804 328 2855 sponte
340 2806 374 2840 aut
385 2798 443 2841 inviti
454 2798 573 2852 titubemus,
597 2806 619 2841 ut
630 2800 649 2841 id
660 2801 712 2856 quod
723 2801 832 2857 perfectius

44 2877 76 2911 est
85 2868 216 2925 significetur.
246 2867 300 2910 Nam
310 2875 331 2909 et
341 2867 438 2910 iustorum
452 2869 528 2925 pariter
538 2877 559 2911 et
571 2876 698 2926 peccatorum
710 2869 831 2912 mentionem

45 2937 140 2990 lauimus,
157 2945 282 2994 peccatorum
295 2937 385 2993 quidem,
407 2944 428 2978 ut
439 2938 464 2979 iis
477 2952 487 2979 a
501 2938 580 2980 domino
594 2938 750 2982 misericordiam
762 2939 843 2996 imple·-

67 3053 85 3086 2.
103 3054 146 3086 Citot
164 3055 203 3087 tinec
218 3055 267 3087 verba
282 3055 377 3087 dnostosius
394 3055 429 3087 Sin.
474 3054 491 3088 3.
504 3053 585 3098 γενομένη
598 3055 633 3087 eoo.
645 3055 711 3098 aucun.

45 3101 114 3143 Quaestt.
124 3109 142 3141 p.
150 3098 190 3133 200.
203 3102 252 3133 Grets.
471 3101 488 3132 4.
500 3102 573 3134 Fortasse
585 3095 635 3145 ἅπερ,
