1988 3392
130 199 173 242 278
420 205 631 240 ειαοτιενινῐτινιι

131 284 156 328 τοί
168 283 272 338 θελήματα
286 285 321 327 καὶ
336 285 359 327 αἱ
368 285 455 327 διοῖνοιαι
466 284 574 340 σφαλεροὶ,
596 282 665 337 ἐπειδὴ
678 281 759 337 φύσεως
771 283 830 338 ἔσμεν
839 286 874 328 καὶ
883 284 917 329 ού·

132 356 176 403 σίας
187 351 287 407 τοιαύτης,
319 351 383 401 Φύσις
399 352 421 394 δὲ
435 352 557 408 λέγεταικαὶ
572 350 632 395 ούσία
646 356 704 395 θεοῦ.
736 352 777 394 Καί
790 349 816 395 ού
827 351 917 408 παροίτδ

132 419 240 475 φύσινκαὶ
256 422 320 474 φύσιν
335 418 388 474 ἡμᾶς
403 419 497 472 ἀκούειν,
517 421 553 463 καί
566 418 666 464 11ούσίαν
680 420 715 462 καί
729 420 812 473 οὐσίαν,
833 419 871 478 χρὴ
883 420 919 465 τόν

132 487 255 546 ἀσύγκριτον
266 489 317 533 θεόν
326 493 351 547 τῇ
359 486 445 548 ἡμετέρᾳ
458 491 571 546 συγκρίνειν
586 488 651 541 φύσει.
683 488 753 539 Ούτως
763 490 798 532 καὶ
811 490 845 532 ἐπὶ
857 493 919 533 πᾶσιν

134 556 165 607 οἷς
183 557 219 600 έάν
235 560 292 616 είπης
305 558 351 613 περὶ
366 561 430 609 θεοῦ,
454 552 557 610 οἷἈέτιε,
581 554 630 600 αύτύ
648 556 696 600 ὅλον
712 558 765 601 ἐστίν
780 554 919 612 ἀσύμπλοκσν,

134 624 263 683 ἀσύγκριτον,
283 627 357 668 τέλειον
371 627 393 668 έν
406 627 482 684 ἑαυτῷ,
504 624 672 681 μὴέπιδεόμενόν
687 643 751 677 τινος·
774 625 920 682 αῦτοαίσθησις

134 694 173 755 γάρ
185 697 236 749 ἔστι,
257 696 291 738 καί
306 695 440 750 αῦτοθέλημα.
471 693 510 739 Διό
527 693 646 754 ἀσύγκριτον
658 701 755 754 μονογενῆ
769 695 816 740 νίδν
826 695 921 755 ἀσυγκρί-

134 783 174 816 τως
185 763 280 822 γεννήσας
296 763 342 809 οῦτε
353 770 389 821 τῆς
404 766 477 809 έαντοῦ
494 766 595 823 ἐστέρηται
608 765 689 820 οὐσίας,
710 765 756 811 οῦτε
768 771 805 822 τῆς
817 767 920 811 12ἑαυτοῦ

135 834 170 879 τόν
182 836 324 893 γεγεννημένον
340 834 403 890 μόνον
418 836 440 879 ἐκ
455 833 531 890 μόνον,
551 836 586 878 καί
601 833 623 879 τό
637 834 694 893 ῦγιον
710 835 773 881 αῦτοῦ
783 840 873 892 πνεῦμα,
893 836 920 893 μή

135 906 204 960 έχοντα
215 903 267 961 πρὸς
277 904 301 947 τοί
312 903 359 948 ἀλλα
371 906 452 960 ἰσότητα
463 903 477 960 η’
488 903 612 960 ἀξιώματος,
627 904 641 960 ἢ
652 904 743 959 φύσεως,
762 904 777 961 ἢ
788 907 856 962 ἑτέρας
866 905 921 958 τινός

135 973 262 1025 όποθέσεως·
285 973 322 1030 σύγ
337 973 395 1018 ἓαντδ
411 976 524 1031 ἕστέρησεν,
543 973 590 1018 οῦτε
603 973 715 1028 κατάέξιν,
735 973 922 1019 ούτεκατάούσίαν

135 1048 172 1098 τῆς
182 1042 302 1101 ἀσυγκρίτον
314 1041 377 1086 αῦτοῦ
386 1042 495 1099 θεότητος,
510 1043 556 1087 οῦτε
565 1043 588 1087 ιδ
599 1045 620 1095 ἐξ
630 1043 701 1095 αὐτοῦ,
718 1042 746 1094 τίς
756 1044 819 1100 ἔφην,
833 1045 922 1102 γέννημα

138 1114 239 1171 ἐστέρηται
250 1119 286 1168 τῆς
295 1118 331 1156 τοῦ
341 1112 417 1170 πατρός
428 1112 486 1164 ἀξίας
497 1114 532 1157 καὶ
544 1111 646 1168 ἰσότητος,
666 1111 786 1169 ἀσύγκριτον
800 1111 834 1166 δν,
854 1115 889 1157 καί
898 1112 921 1157 τδ

50 1213 85 1243 ⁹112·
94 1205 125 1234 με,
137 1181 196 1240 δίγιον
206 1181 269 1226 αὐτοῦ
281 1187 360 1236 πνεῦμα
370 1181 421 1238 πρός
434 1187 476 1225 πᾶν
487 1179 556 1225 ὁτιοῦν
568 1182 618 1239 όπερ
632 1183 674 1226 ἐστί
686 1179 743 1237 τριός
755 1184 828 1234 τελεία,
850 1182 923 1233 τέλειος

137 1249 236 1309 δπατήρ,
256 1252 328 1300 τέλειος
342 1249 355 1294 ό
367 1250 422 1303 νίύς,
442 1252 516 1294 τέλειον
531 1249 554 1294 τό
571 1249 628 1307 ῦγιον
641 1255 731 1304 πνεῦμα,
752 1249 922 1307 οῦ13σνναλιφη

137 1339 167 1372 τις
178 1315 240 1373 οῦσα,
261 1318 309 1364 οῦδὲ
321 1316 372 1376 πρός
386 1317 459 1374 έαατην
474 1320 625 1376 διαφορομένη,
646 1318 695 1363 ούδὲ
708 1337 727 1361 τι
740 1320 761 1362 έν
774 1320 834 1380 έαντη
850 1321 922 1375 έχονσα

137 1388 276 1445 ῦποβεβηιύς,
292 1391 326 1431 ίνα
337 1387 364 1443 μη
374 1387 397 1431 τό
410 1387 562 1445 διακρινόμενον
573 1387 661 1448 ἀφανίζη
670 1386 693 1431 τύ
704 1386 835 1445 ἀσύγκριτον,
855 1390 888 1432 καί
899 1388 922 1433 τό

137 1458 272 1515 ἠλλοιωμένον
281 1458 372 1513 στέρησιν
381 1462 419 1501 τοῦ
433 1456 484 1500 εἶναι
495 1456 601 1513 ἐργάσηται
605 1491 611 1509 ,
627 1458 665 1507 ἕξει
676 1455 739 1511 μόνον
749 1455 866 1513 λεγόμενον,
888 1460 923 1501 καί

139 1528 177 1572 οῦκ
190 1527 287 1585 ἀληθείη,
307 1524 358 1580 ἀοῦς
369 1531 423 1584 ψιλῷ
435 1524 488 1583 λόγῳ
502 1523 648 1580 ὀνομαζόμενον
659 1527 681 1569 ἓν
693 1524 787 1585 παρόδῳ,
808 1527 842 1570 καί
854 1525 881 1581 μὴ
892 1525 923 1581 ἀν,

140 1594 168 1647 τίς
183 1594 197 1651 ἡ
206 1594 232 1651 σὴ
243 1595 323 1645 πάντας
337 1600 457 1652 περινοεῖται
472 1592 561 1646 διύνοια,
581 1593 705 1645 ἀποξενῶσαι
716 1596 828 1650 πειρωμένη
842 1599 879 1638 τοῦ
889 1598 924 1651 τῆς

140 1668 225 1715 πίστεως
233 1663 306 1720 λόγον,
324 1662 384 1706 14ὅτι
398 1663 497 1706 πιστεύειν
509 1665 541 1705 δεῖ
550 1661 585 1705 τόν
594 1661 751 1719 προςερχόμενον
761 1668 816 1722 θεῷ,
836 1663 867 1706 ίίτι
876 1665 923 1717 ἔστι,

139 1735 174 1777 καί
185 1738 227 1783 τοῖς
238 1733 351 1787 ἐκζητοῦσιν
363 1730 424 1774 αῦτδν
433 1730 586 1786 μισθαποδότης
595 1734 679 1787 γίνεται·
699 1730 748 1787 ὅπερ
761 1733 782 1774 ἓν
795 1733 856 1788 πατρί
867 1730 924 1791 μόνῳ

140 1801 166 1846 οῦ
179 1801 262 1844 δύναται
278 1804 413 1854 τελειωθῆναι.
442 1798 465 1842 Ὁ
475 1798 514 1855 γοίρ
529 1797 557 1854 μη
568 1800 618 1854 έχων
631 1798 667 1842 τόν
681 1797 728 1842 νίόν
738 1797 786 1843 οῦδὲ
802 1798 837 1844 τόν
847 1802 924 1858 πατέρα

140 1871 189 1925 ἔχει,
203 1870 240 1912 καί
254 1867 266 1911 δ
280 1868 316 1912 τόν
330 1867 376 1911 νίόν
390 1869 453 1924 λέγων
468 1866 493 1909 ού
508 1867 591 1911 δύναται
606 1866 664 1917 ἐκτός
678 1866 792 1922 πνεύματος
808 1866 872 1924 ἀγίον.
895 1892 897 1895 v

192 2276 249 2321 ’Ἐστι
266 2276 304 2333 γοίρ
320 2276 348 2326 ὥς
362 2277 445 2330 ἀληθῶς
460 2273 472 2319 ὁ
485 2274 551 2332 πατὴρ
566 2274 665 2330 ἀληθινός
681 2275 741 2328 θεός,
764 2275 792 2327 νίς
808 2283 925 2334 μαρτυρεῖν

141 2345 197 2399 υἱός,
213 2343 224 2390 ό
235 2343 294 2396 είδοίς
306 2343 341 2388 τόν
352 2346 432 2402 πατέρα.
463 2345 504 2388 Καὶ
515 2342 615 2400 ἀληθινόν
627 2349 672 2399 φῶς
682 2342 694 2389 δ
705 2344 761 2399 νίδς,
783 2343 795 2389 δ
806 2345 925 2403 γινωσκόμε-

141 2434 176 2469 νος
188 2414 228 2460 ῦπδ
240 2413 376 2473 τοῦπατρὸς,
396 2415 430 2458 καί
444 2413 614 2472 μαρτυρούμενος.
644 2416 686 2458 Καὶ
701 2420 780 2471 πνεῦμα
794 2413 891 2471 ἀληθείας
900 2415 924 2461 τό

141 2492 232 2542 πνεῦμα,
253 2483 275 2529 τό
286 2484 325 2528 οῦκ
336 2483 437 2542 ἀλλότριον
449 2482 484 2536 δν,
505 2482 546 2528 ἀλλ’
557 2483 597 2528 ἀπό
609 2483 686 2541 πατρός
697 2485 867 2543 ἐκπορευόμενον,
887 2487 925 2530 καὶ

141 2562 179 2600 τοῦ
191 2559 238 2600 νίοῦ
252 2554 362 2611 λαμβάνον.
394 2559 460 2597 Ταῦτα
470 2554 492 2597 δὲ
503 2552 617 2611 ἀφαιρεῖται
632 2552 700 2598 πᾶσοίν
715 2569 753 2599 σον
768 2560 836 2599 15νῦν
852 2554 925 2613 λόγων,

142 2626 216 2679 Ἀέτιε,
230 2623 378 2681 συλλογιστικήν
389 2625 514 2680 μυθολογίαν
518 2657 524 2677 ,
544 2625 579 2667 καί
592 2623 630 2667 οῦκ
640 2626 737 2680 ἐνδέχεται
748 2622 801 2680 ἡμᾶς
811 2626 926 2682 προτρέψα-

142 2703 192 2740 σθαι
204 2693 297 2750 μαθητάς
308 2694 401 2749 γενέσθαι
412 2692 558 2749 Ἀριστοτέλους
572 2697 608 2735 τοῦ
623 2697 660 2736 σοῦ
673 2692 791 2745 έπιστάτον,
813 2694 849 2736 καί
865 2695 927 2738 ἒάσαι

142 2765 177 2809 τόν
192 2769 233 2808 νῦν
246 2765 268 2807 έν
278 2762 376 2816 πνεύματι
392 2766 443 2805 θεοῦ
459 2762 615 2817 πεφωτισμένων
631 2759 702 2805 ἀλιέων
715 2760 881 2819 16ἀγραμμάτων
892 2760 926 2807 όν-

142 2853 181 2878 των
192 2830 243 2877 κατοί
256 2830 291 2875 τόν
304 2830 373 2887 λόγον,
393 2832 427 2874 καί
440 2832 536 2883 ίδιωτνῖν,
556 2830 651 2887 κηρύκων
668 2832 690 2874 δὲ
701 2829 767 2875 όντων
778 2836 814 2886 τῆς
831 2829 927 2887 ἀληθείας

168 2928 193 2962 11.
205 2923 265 2965 ούοίας
276 2925 307 2960 καλ
318 2921 378 2963 ονόίας
388 2926 423 2957 cod.
436 2926 501 2965 Βλιιίίη.
546 2927 590 2959 libris
605 2928 652 2968 ννλμο
667 2928 711 2959 abest
724 2926 801 2958 articulus
814 2929 849 2966 μοιι
860 2924 928 2967 ἑαυτοῦ,

168 2974 193 3007 12³.
205 2972 265 3007 ἑαυτοῦ
281 2969 311 3007 τὸν
322 2973 379 3012 scripsi
394 2973 489 3004 cvrnarium
502 2980 526 3003 se·
547 2981 578 3012 pro
589 2982 620 3013 ηαο
631 2974 647 3004 in
658 2973 692 3005 τοῦ,
706 2972 772 3012 Ηλιδίρ.
784 2972 841 3013 λιηίιατ
851 2967 908 3006 αδταῡ.

143 3024 199 3059 culus,
216 3021 243 3061 ηνῐ
254 3020 300 3051 verm
316 3016 344 3060 qui
355 3016 421 3058 genitus
437 3023 463 3048 est
477 3016 521 3048 solus
570 3017 595 3051 13.
608 3014 691 3060 οοναλιφή
708 3018 754 3050 codd.
766 3026 802 3049 mss.
815 3021 829 3050 ιι
839 3019 863 3051 ed.
874 3020 925 3058 princ.

144 3065 217 3099 ειιοΙο.
241 3061 486 3105 ἑαυτοῦτὸμλαιαίτΡαονὶο.
509 3065 523 3096 Α
545 3064 613 3106 ubique,
628 3065 715 3108 perpaucis
728 3063 850 3106 λοτίςτττιγιίι.
874 3073 927 3099 συνα-
