1988 3392
218 222 312 257 ruuuau
323 224 367 257 nis.
376 224 405 257 ur.
417 225 473 260 rou.
483 226 497 259 1.
509 223 577 258 naen.
587 223 660 257 cxxv.
794 212 835 255 183

107 300 182 344 Eadem
199 302 242 359 ipsa
257 318 317 360 porro
335 310 419 345 mentem
437 304 489 347 idios
500 319 524 347 ac
537 302 638 361 perfidiam
651 301 756 345 manifeste
769 300 834 343 decia·
848 311 888 357 cap.
898 311 927 346 tv.

48 379 104 422 rant,
126 386 176 426 qttae
193 372 212 413 iu
228 371 328 414 hominum
344 387 408 428 geritis
423 373 512 429 improbo
524 372 608 415 artificio
624 386 660 428 per
671 385 768 413 summam
781 370 835 412 insa-

49 440 100 483 niam
119 440 196 483 effudit.
227 442 333 484 Aduersus
349 456 401 498 quae
420 442 451 483 uti
465 443 533 499 paucis
550 440 730 499 disputaverimus,
753 440 835 481 missum

48 510 102 553 ilium
116 509 219 553 faciemus.
251 510 361 554 Enimvero
377 519 438 553 toturn
452 512 497 554 idud
510 510 624 554 stoliditatis
638 523 684 552 esso
698 509 834 567 plenissimum

47 579 135 638 prudens
153 579 236 636 quisquc
253 580 310 623 facite
326 581 428 638 perspicit.
461 580 522 623 Veiut
533 595 577 623 curn
590 580 705 638 episcopum
716 593 740 620 ae
752 577 835 635 presby·

51 656 111 692 terum
125 650 237 706 adaequare
250 658 342 693 conatur.
373 650 418 694 Hoc
435 651 487 693 euim
505 658 598 694 constare
612 650 644 706 qui
660 648 738 706 potest?
768 645 836 703 Siqui-

47 718 91 760 dem
103 718 240 776 episcoporum
252 720 301 762 crdo
312 721 336 762 ad
349 720 459 777 gignendos
473 727 539 777 patres
550 720 655 776 praecipue
666 718 761 776 pertinet.
792 715 835 759 Hu-

48 788 80 831 ius
95 788 148 830 einim
162 795 193 831 est
204 796 281 844 patroni
294 789 314 830 in
328 790 414 831 ecelesia
428 789 552 846 propagatio.
582 788 642 831 Alter
657 802 701 829 cirin
713 793 781 845 patres
795 801 835 828 non

47 856 122 914 possit,
144 856 194 898 tilios
210 857 307 899 ecciesiae
324 859 483 913 regenerationis
499 858 574 899 lotione
590 857 693 913 producit;
714 865 834 899 nontamen

47 934 114 983 patres
132 933 165 968 aut
183 928 297 981 magistros.
329 925 415 981 Quinam
431 940 480 967 vero
494 926 536 967 tieri
548 933 613 982 potest.
628 934 649 967 ut
662 926 679 966 is
696 925 834 982 presbytorum

47 995 154 1037 constituat
172 996 195 1037 ud
213 1010 271 1051 quem
289 997 396 1038 creandum
418 1009 510 1037 niarruuur
528 995 690 1051 inrpoueudarnur
708 995 739 1035 ius
760 995 833 1036 nntium

47 1064 130 1106 haheat?
160 1065 202 1106 Aut
212 1066 310 1119 quoumdo
322 1065 427 1121 presbyter
439 1065 532 1120 episeopo
545 1063 582 1104 diei
594 1070 659 1120 potest
670 1063 773 1119 aequatis?
793 1061 834 1104 Ve-

46 1147 89 1175 rum
104 1133 186 1175 Atrium
202 1134 261 1175 istum
278 1134 338 1175 uiiiiia
350 1135 445 1189 quaedam
462 1134 573 1190 procacitas
587 1133 731 1187 aeniulatinque
747 1132 833 1189 decepit.

105 1201 186 1244 Atenirn
206 1209 228 1244 ut
248 1209 286 1243 tarn
303 1203 339 1245 sibi
356 1217 413 1258 quum
430 1202 553 1243 auditoribus
568 1203 667 1258 imponat,
689 1201 736 1243 iiiod
757 1201 833 1252 obiicit,

46 1271 157 1327 apostolum
178 1272 301 1327 presbyteris
321 1279 341 1311 et
356 1271 445 1312 diaconis
460 1271 563 1321 scrihere,
585 1285 624 1311 riou
644 1269 752 1326 episcopis.
785 1269 833 1312 itcni

50 1339 162 1395 episcopum
174 1339 288 1394 alloquens,
310 1343 369 1389 Noli,
386 1339 460 1395 inqiut,
476 1341 554 1392 neglege
563 1342 660 1391 gratiam,
677 1353 726 1391 quae
738 1341 758 1379 iu
767 1347 785 1379 te
795 1348 831 1387 est,
843 1347 938 1385 laimunt.

47 1422 102 1463 quium
115 1408 257 1460 nec-episti'peu
275 1423 343 1449 muniis
360 1410 516 1462 presbyterorum
533 1409 623 1460 eollegri'5
645 1407 716 1448 deiude
731 1407 771 1448 aiio
787 1408 832 1449 ioco

45 1478 139 1530 episcopis
154 1484 174 1516 et
184 1479 281 1525 diaconis,
305 1484 326 1517 nt
342 1476 394 1518 idern
408 1477 513 1532 episcopus
526 1483 546 1517 et
557 1476 663 1531 presbyter
675 1489 721 1517 esse
733 1475 832 1518 rideatur.

47 1542 87 1586 Sed
99 1543 191 1585 nimirum
203 1544 295 1585 veritatis
307 1544 345 1585 iste
358 1544 430 1586 seriem
442 1543 550 1599 ignoraus,
573 1558 610 1585 nee
623 1543 643 1584 in
657 1543 792 1585 reconditione
805 1543 834 1585 iii-

46 1612 108 1653 storia
121 1620 226 1662 versatus,
250 1627 289 1653 non
305 1612 398 1667 intedigit
410 1612 533 1668 apostolum,
555 1626 599 1653 eum
614 1626 685 1653 reeeus
701 1612 765 1653 adhue
779 1619 834 1653 esset

47 1677 155 1722 Christiani
171 1680 269 1736 dogmatis
285 1679 415 1736 propagatio,
439 1694 474 1735 pro
492 1693 514 1721 re
527 1686 573 1721 irata
588 1680 702 1736 scripsisse.
732 1678 787 1721 Naui
801 1679 834 1722 uti

46 1748 85 1789 iam
104 1747 191 1804 episcopi
207 1747 308 1789 coristituti
320 1748 411 1800 fucrant,
433 1748 456 1788 ad
469 1748 573 1804 episcopos
586 1755 606 1789 et
618 1749 713 1790 diaconos
725 1747 833 1789 scribebat.

45 1814 118 1870 Neque
129 1816 181 1856 euim
191 1816 275 1857 subinde
286 1816 352 1857 nurnia
362 1816 386 1857 ab
398 1817 493 1872 apostoiis
507 1817 594 1857 ordinari
605 1823 709 1872 poterant;
725 1816 833 1871 etquidem

46 1883 169 1941 presbyteris
183 1883 273 1940 inprimis
286 1898 309 1926 ac
321 1884 409 1925 diaconis
421 1898 470 1939 opus
484 1891 540 1936 erat,
557 1898 569 1925 a
581 1884 652 1941 quihus
664 1884 757 1926 videlicet
766 1883 835 1925 ambo-

46 1951 83 1993 bus
98 1952 233 1993 eoeiesiastica
249 1952 329 2006 ricgotia
346 1953 479 1993 administrari
497 1959 588 2007 possunt.
621 1951 690 2006 Qiiore
702 1954 734 1996 ubi
747 1956 833 1997 nondum

46 2019 161 2076 episcopatu
179 2019 250 2075 diguus
267 2020 338 2076 aliquis
353 2026 479 2071 occurrerat,
502 2020 567 2062 riudus
585 2021 604 2062 ei
618 2021 663 2063 inco
677 2023 790 2079 propositus
803 2030 835 2065 est

23 2135 26 2139 ἶ
46 2086 159 2143 episcopus.
191 2089 220 2129 At
237 2088 269 2129 nbi
286 2096 306 2129 et
317 2088 428 2129 necessitas
439 2088 560 2142 postulabat,
583 2090 834 2147 ueeeorumquiepisoo-

46 2162 93 2213 pato
104 2155 156 2211 digni
168 2163 225 2198 eraut
234 2157 291 2213 copia
301 2157 378 2207 deerat,
395 2156 420 2198 ibi
432 2156 518 2213 episcopi
531 2157 640 2198 constituti.
673 2155 714 2200 Sed
725 2172 769 2200 cum
782 2159 833 2201 haud

47 2239 119 2280 magna
131 2225 235 2266 mutuato
246 2227 309 2277 toret,
333 2225 417 2282 reperiri
428 2225 474 2267 nudi
489 2232 596 2281 potuerunt
605 2225 638 2282 qui
654 2226 765 2284 presbyteri
777 2241 834 2269 creu-

47 2300 129 2346 rentur;
153 2294 204 2336 unde
220 2294 264 2336 solo
283 2294 377 2351 episeopo
394 2294 482 2336 conteuti
500 2296 587 2337 scierunt.
619 2292 668 2337 Siue
684 2296 768 2338 diacona
784 2311 834 2339 vero

46 2363 151 2420 episcopus
162 2377 208 2405 esse
223 2377 262 2405 nou
274 2370 347 2420 potest.
378 2362 447 2419 Quam
459 2363 507 2405 inid
520 2365 620 2422 apostotus
630 2363 727 2418 incubuit,
744 2372 766 2408 ut
776 2365 834 2408 mini·

47 2432 122 2474 straudi
140 2434 205 2488 gratia
224 2433 317 2490 episcopo
336 2433 412 2474 diaconi
432 2440 568 2489 suppeterent.
600 2433 669 2489 ltaque
686 2449 730 2477 cum
746 2437 832 2478 noudum

47 2502 133 2544 ecelesia
151 2503 193 2544 suis
210 2503 301 2545 omnibus
315 2502 448 2545 iunctioribus
460 2503 536 2559 expleri
550 2511 629 2559 posset,
648 2519 685 2561 per
695 2503 742 2547 iliud
755 2512 832 2562 tempus

47 2570 158 2613 istiusmodi
174 2571 297 2626 siuguiorum
315 2572 404 2613 iocorum
418 2579 483 2615 status
497 2571 572 2614 extitit.
603 2571 675 2630 Neque
688 2589 737 2617 vero
748 2574 786 2617 una
800 2589 833 2617 res

47 2647 78 2682 est
95 2654 145 2696 quae
160 2641 184 2682 ab
198 2639 254 2681 initio
269 2641 311 2682 suis
326 2641 418 2683 omuibus
434 2641 522 2684 inumeris
539 2642 630 2684 absoluta
648 2642 720 2695 fuerit3
740 2645 775 2685 sed
787 2658 833 2700 pro-

47 2709 130 2751 cedente
147 2709 225 2750 demum
242 2716 330 2764 tempore
346 2724 382 2750 sua
399 2710 578 2767 opportunitatibus
590 2711 681 2753 omuibus
692 2713 715 2753 ad
726 2711 833 2769 perfeetio-

47 2791 92 2819 nem
108 2778 198 2819 accessio
213 2777 304 2833 contigit.

104 2844 167 2889 cuius
184 2847 296 2903 exemptum
314 2845 408 2889 habemus
426 2848 445 2890 iu
456 2846 539 2907 Moyse.
571 2846 610 2890 Hic
622 2849 673 2891 enini
687 2849 708 2892 in
720 2856 790 2892 vetere
803 2857 831 2891 te·
844 2862 885 2908 cap.
897 2864 919 2897 v,

70 2938 86 2972 5.
99 2935 147 2983 μόνῳ
158 2949 189 2972 nou
201 2940 247 2972 nonu
258 2940 293 2972 cod.
305 2940 370 2981 aueum.
474 2939 490 2974 8.
503 2939 563 2984 ἐκείνῳ
575 2951 629 2975 omues
639 2943 675 2975 tetri
686 2946 749 2983 praeter
760 2943 833 2985 Rnedtp,

70 2983 87 3017 u.
99 2982 190 3024 ἐπίσκοπος
204 2987 238 3018 eod.
252 2986 318 3026 aaron.
357 2999 360 3002 ⁴
451 2988 479 3028 qut
491 2988 537 3020 natu
549 2986 616 3026 ἐκεῖνο,
628 2990 670 3029 quod
681 2990 749 3029 reposui.

47 3025 246 3112 miiaiiffioimmdssm
258 3035 280 3064 est
294 3033 361 3067 Petunti.
385 3032 429 3066 Libri
476 3032 515 3066 Gar.
527 3034 545 3065 V.
558 3051 581 3058 -
605 3035 621 3069 1.
634 3032 666 3079 rip
677 3044 707 3068 cm.
718 3035 752 3068 cod.
765 3035 831 3078 Rnedip.

456 3184 466 3209 ἱ
