1988 3392
249 232 342 265 rsuamr
353 232 395 265 uin.
407 233 436 264 ιιι.
448 231 503 266 rom.
514 232 528 263 1.
540 230 607 263 naun.
619 229 701 261 nxxrr.
823 218 865 259 207

80 311 151 356 unicus
165 310 197 353 dci
208 312 272 363 lilius,
288 319 310 354 ut
322 317 368 352 ante
380 310 451 353 dietum
464 318 506 364 est,
522 311 550 353 ita
562 309 661 367 loquitur:
685 310 711 348 Ut
720 313 837 360 cognoscant
847 313 967 350 ternadena,

79 386 141 427 solnm
152 398 216 425 nerum
226 386 292 434 denam,
309 390 330 425 et
339 398 392 438 qncrn
403 386 472 424 misr'rtr'
480 385 542 424 lesnn
553 383 661 430 ctrtston,
679 385 811 422 aereatarnm
820 391 865 421 sese

79 469 148 498 rerum
162 469 245 497 numero
257 453 378 510 segregavit.
410 451 456 508 Quo
467 453 513 495 illud
528 453 586 495 etiam
598 450 682 509 apostoli
693 449 788 506 pertinet:
813 451 960 495 [laustenes.

80 528 138 572 nens,
160 539 234 577 enque
248 526 321 573 omnin,
345 532 366 564 et
374 538 409 564 nos
415 526 535 576 perapsnm,
558 521 867 564 etnnnsdontnnstesnsctn2

79 601 129 645 stus,
142 606 241 646 perquem
250 595 320 642 omnen,
337 600 357 632 et
367 606 402 633 nos
410 607 447 645 per
456 594 524 645 rpsnm.
556 590 645 633 Videsne
654 603 712 646 quam
722 587 796 630 diserte
805 601 865 629 nnnm

81 662 138 703 deum
151 675 175 702 ac
185 668 274 716 patrem,
297 668 318 702 et
327 675 387 702 unum
400 661 499 701 dominum
512 660 616 702 abeodem
628 659 716 714 genitum
729 656 866 712 expresserit?

80 728 153 782 Neque
166 728 254 770 vernile
267 729 329 779 dixit,
350 742 401 769 unns
416 729 477 779 deos,
498 735 580 768 cluuus
593 728 696 776 dominus,
718 723 865 766 cumomnibus

81 807 132 849 quae
143 795 167 835 ab
178 794 222 849 ipso
235 796 357 846 factasunt,
374 796 471 836 sedunus
483 794 573 835 domiuus
585 807 620 849 per
632 807 690 847 quem
701 792 775 832 omnia.
806 789 866 844 Quod

80 861 97 903 si
114 875 166 903 unus
186 858 277 903 dominus
297 868 328 904 est
346 875 381 918 per
399 875 456 918 quem
474 862 526 903 laeta
544 868 590 902 sunt
608 860 682 902 omnia.
718 858 754 901 llle
770 872 821 901 unus
839 872 867 900 ex

81 929 173 972 omnibus
183 943 229 973 esse
241 945 280 972 non
291 937 366 987 polest,
383 931 418 972 sed
429 930 516 971 omnium
527 930 626 981 eonditor,
642 935 762 980 creatarum,
776 929 865 985 inquam,

80 1015 147 1044 rerum
164 1000 250 1044 omnium
267 1001 350 1044 effector
365 1007 403 1044 est.

140 1070 181 1114 lam
192 1086 242 1115 vero
255 1072 287 1128 qui
300 1086 311 1114 a
323 1079 380 1129 patre
393 1071 473 1128 genitus
485 1078 505 1113 et
518 1071 542 1114 ab
555 1085 579 1112 co
591 1070 698 1128 productus
711 1077 742 1113 εει
754 1069 817 1122 lilius,
830 1085 868 1124 per
880 1079 959 1126 captx.

80 1156 134 1196 qnem
149 1145 212 1182 omnin
225 1144 281 1197 facte
296 1136 353 1191 snat,
376 1141 477 1183 dissimilis
493 1140 579 1182 omnium
596 1147 638 1191 est,
662 1141 729 1196 utqui
745 1147 825 1182 creator
841 1140 868 1181 sit
912 1186 914 1188 v

81 1210 182 1263 omuium3
201 1210 358 1266 quandoquidem
370 1224 421 1252 uirus
434 1218 453 1252 ει
464 1224 515 1251 ιιιιιιε
526 1216 558 1250 εει
569 1210 618 1251 deus
628 1218 696 1265 pater,
713 1225 738 1250 en
749 1224 786 1262 qno
796 1212 865 1258 omnib,

81 1286 102 1320 et
113 1279 204 1320 domiuus
217 1277 285 1330 lesus,
297 1294 335 1332 per
347 1294 400 1332 quem
411 1281 487 1327 omnem
510 1278 560 1319 adeo
573 1284 594 1318 ut
604 1276 697 1333 superior
709 1276 768 1318 dictio
781 1277 868 1319 vocabu-

81 1347 106 1389 lis
123 1347 178 1388 bisce
192 1347 308 1402 copuletur,
332 1349 384 1387 Unam
405 1353 425 1387 et
443 1348 502 1387 mnus.
534 1344 578 1386 Hoc
596 1352 675 1395 autem,
696 1348 729 1385 En
747 1360 784 1398 qno
800 1348 868 1386 etPer

81 1428 136 1466 quem
147 1428 191 1454 eum
203 1414 250 1453 illud
262 1421 331 1466 aperte
343 1414 464 1462 declaravit,
480 1419 559 1467 epatre
570 1413 679 1467 procedere
690 1412 762 1452 lilium:
783 1420 822 1453 tum
834 1427 867 1453 ee·

82 1487 169 1521 terarum
189 1493 256 1521 rerum
276 1480 375 1535 disparem
387 1480 478 1520 eundem
493 1492 539 1519 esse
560 1479 670 1520 admirabili
690 1479 773 1533 quadam
788 1479 867 1520 ratione

81 1549 213 1598 monstravit,
230 1562 274 1589 erim
286 1548 313 1589 ita
323 1547 415 1604 scripsit:
431 1551 469 1588 Per
480 1562 534 1601 quem
545 1551 618 1597 omnim
641 1555 662 1587 nt
673 1554 694 1588 et
704 1555 780 1603 patrem
791 1561 836 1588 esse
848 1555 868 1588 et

81 1617 106 1661 ab
119 1632 144 1661 co
159 1617 221 1661 lilium
238 1617 361 1675 unigenitum
373 1617 473 1661 dominum
488 1618 603 1676 productum
616 1617 724 1674 intelligas.
755 1615 813 1674 Quae
823 1632 867 1661 cum

83 1689 185 1747 apostolus
196 1704 224 1731 ex
234 1689 297 1732 saneti
310 1689 391 1746 spiritns
404 1689 468 1731 afflatu
480 1689 626 1746 pronuntiaret,
649 1702 732 1731 necesse
748 1703 787 1731 non
800 1689 868 1732 babuit

84 1758 149 1801 saneti
166 1758 247 1816 spiritus
262 1758 383 1800 mentionem
400 1760 476 1800 lacere.
507 1757 566 1814 Quod
579 1772 619 1800 nou
636 1758 666 1800 sie
680 1758 814 1815 accipiendum
827 1766 867 1812 est,

84 1827 140 1884 quasi
152 1828 241 1869 ciusdem
256 1826 289 1869 ille
303 1842 347 1869 cnm
364 1834 419 1884 patre
431 1827 512 1883 filioque
523 1827 599 1883 gloriae
612 1841 651 1868 non
663 1826 689 1869 sit
701 1828 811 1884 particeps,
834 1835 868 1869 aut

83 1889 167 1952 quodin
179 1909 248 1937 eorum
261 1895 350 1937 ordinem
365 1896 485 1950 redigendus
498 1896 525 1937 sit
535 1909 585 1950 quae
597 1909 609 1936 a
619 1895 660 1936 lilio
677 1903 782 1950 procreata
799 1896 867 1937 dieun-

84 1971 124 2005 tur.
156 1963 232 2006 Verum
244 1964 294 2004 satis
308 1964 354 2004 illud
366 1970 407 2004 erat
421 1963 503 2018 quadiu
515 1964 630 2004 firmissima
641 1963 674 2004 illa
686 1964 732 2004 fidei
744 1964 869 2018 professione

81 2045 126 2072 eum
143 2038 199 2085 patre
215 2030 297 2084 filioque
315 2036 430 2070 numeratus
447 2030 518 2081 luerit,
539 2029 570 2069 liis
586 2030 664 2070 verbis:
685 2033 759 2070 Enntes
771 2032 868 2083 baptizate
884 2041 944 2071 Manu.

83 2100 104 2137 in
115 2100 190 2137 tremine
198 2099 262 2148 putris
273 2098 368 2149 etfib't'et
375 2098 456 2149 sprlo'tns
464 2099 534 2136 suncn'.
567 2093 618 2137 Cum
630 2096 691 2150 igitur
703 2098 817 2151 apostolus,
834 2098 865 2139 vel
887 2075 910 2111 η’
919 2077 941 2103 m'

83 2164 148 2222 potins
161 2163 242 2221 spiritns
254 2171 335 2206 sanetus
352 2179 386 2221 per
402 2164 513 2220 apostolum
531 2164 657 2220 loqueretur,
679 2163 728 2206 nihil
743 2172 774 2206 est
786 2167 811 2207 de
823 2166 867 2223 ipso

83 2234 188 2295 perspicue
200 2234 329 2278 declaratum.
361 2233 463 2292 Siquidem
479 2234 529 2279 band
547 2234 631 2278 obseura
644 2234 697 2278 illius
713 2243 757 2278 erat
771 2235 867 2293 cognitio,

84 2322 120 2349 nec
134 2307 158 2348 de
173 2320 197 2349 ea
213 2304 282 2348 ludaei
295 2305 416 2349 dubitabant.
448 2304 516 2361 Quare
529 2306 548 2348 iu
564 2306 616 2349 aliud
629 2314 705 2363 tempus
717 2308 867 2362 reservabatur,

84 2391 109 2419 ne
121 2375 203 2432 spiritus
214 2383 295 2418 sanetus
305 2389 341 2418 sua
351 2390 373 2417 se
387 2375 534 2433 praedicatione
545 2376 701 2418 commendaret.
732 2374 810 2433 Quippe
820 2392 868 2434 apo-

84 2445 148 2488 stolus
160 2452 229 2487 sancto
241 2444 311 2500 spirito
323 2444 426 2501 impulsus,
441 2445 469 2487 nti
480 2445 578 2497 diximus,
594 2446 618 2486 de
629 2453 685 2501 patre
697 2444 778 2501 l'ilioque
789 2447 867 2489 loeutus

21 2518 23 2520 ’
84 2521 126 2565 εει,
149 2520 383 2555 ntexeosaerosancta
397 2514 475 2555 trinitas
491 2513 621 2566 indicaretur,
642 2528 693 2569 quae
703 2522 724 2556 et
734 2528 813 2570 semper
825 2516 869 2557 exi—

84 2583 129 2633 stit,
147 2595 183 2622 nec
196 2594 280 2635 unquam
292 2581 381 2622 existere
394 2581 474 2622 desinit.
505 2581 577 2636 Neque
590 2595 639 2622 vero
651 2582 719 2622 mirari
730 2582 803 2635 debes,
823 2598 868 2625 cnm

83 2648 211 2690 illudendis:
235 2650 287 2688 nnus
301 2651 359 2696 dens,
382 2664 407 2689 erc
417 2664 454 2701 qno
466 2652 538 2696 omniu,
560 2657 640 2688 etnnns
650 2652 748 2697 domoras,
766 2665 868 2703 perquem

83 2718 153 2756 carneo.
186 2712 236 2756 Cum
247 2714 299 2755 euim
313 2715 374 2755 lilium
384 2716 483 2757 dominum
497 2716 593 2772 appellat,
614 2729 654 2757 non
666 2716 750 2757 eundem
761 2731 800 2758 una
810 2719 868 2759 deum

84 2796 130 2826 esse
140 2782 221 2839 negavit
232 2782 340 2839 apostolus.
372 2780 469 2825 Similiter
483 2784 534 2840 qnod
551 2783 612 2833 dixit,
638 2787 690 2826 Unccr
704 2788 750 2826 dens
761 2801 799 2839 per
814 2802 868 2840 qnem

84 2854 158 2904 ornare,
181 2852 265 2896 eundem
278 2853 336 2896 deum
353 2866 376 2895 ac
395 2852 495 2897 domiuum
513 2868 558 2898 esse
572 2868 695 2913 nequaqnam
713 2855 814 2900 inlicialns
826 2864 864 2900 est.

85 2924 154 2980 ltaque
165 2924 223 2967 simul
234 2924 325 2967 dominus
336 2930 356 2966 ει
371 2924 433 2977 deus,
456 2931 476 2967 et
487 2925 536 2969 dous
551 2940 573 2968 ac
586 2925 677 2969 dominus
695 2941 740 2970 esse
755 2923 866 2971 credendus

85 3061 139 3096 stolus
150 3062 195 3095 euim
205 3063 265 3108 spiritu
277 3069 336 3098 sancto
349 3061 444 3105 ferebatur,
457 3069 474 3096 et
485 3063 507 3097 de
518 3070 567 3109 patre
578 3075 598 3097 ac
609 3063 644 3097 filio
656 3063 734 3107 dicebat,
746 3071 765 3097 ut
775 3069 809 3099 cell.
