1988 3392
252 232 346 266 ranann
356 232 401 266 nro.
409 234 440 269 nr.
453 233 509 268 rou.
519 235 533 268 r.
545 233 615 267 narn.
626 232 709 266 nxxvr.
743 271 746 274 Α
829 224 871 266 257

85 312 164 368 quidem
179 312 204 353 ad
221 318 312 354 naturam
328 313 410 364 attinet,
431 328 471 355 nou
487 314 570 370 amplius
582 313 674 370 generat.
704 309 733 354 Ut
746 326 807 354 exeo
820 313 873 367 qnod

85 379 134 421 nibil
145 379 187 435 ipse
198 386 269 422 natura
280 380 429 435 substantiaque
439 382 515 436 gignat,
532 389 588 436 pater
598 396 648 423 vero
660 394 671 421 a
682 380 736 421 nullo
748 380 774 421 sit
783 380 871 435 genitus,

85 446 165 489 divinae
176 447 309 503 amplitudinis
320 447 384 502 gloria
395 447 416 489 in
426 462 465 489 una
476 463 500 490 ae
511 448 607 504 singulari
619 448 651 490 dei
661 447 757 503 dignitate
770 454 871 498 servetur,

85 514 147 573 patris
165 515 259 558 videlieet
276 515 372 572 perlecti,
395 516 480 574 perlecti
494 516 539 569 titii,
559 531 583 559 ae
599 517 683 575 perleoti
700 515 782 573 spiritus
799 516 871 558 saneti.

86 582 144 640 Quae
160 599 205 627 oum
220 585 248 626 ita
268 584 320 639 siut,
340 586 383 644 ipsa
401 586 577 629 consubstantialis
595 587 645 629 ratio
663 586 714 628 falsa
725 599 752 627 ex
768 585 873 643 seripturis

69 655 71 658 ’
86 655 164 698 ostendi
176 655 256 699 minime
265 663 342 714 potest,
365 672 429 715 neque
443 658 475 716 pia
487 673 510 701 ao
525 657 619 715 religiosa
634 672 690 701 mens
701 656 808 715 repudiare
820 656 875 699 velut

86 725 274 784 nondumpotest,
291 728 342 784 qnod
354 728 378 770 de
390 736 446 786 patre
456 744 479 771 ao
491 729 531 771 tilio
541 735 649 785 sanctoque
659 727 730 785 spiritu
740 727 772 785 pie
784 727 875 769 instituta

86 795 158 849 fuerit,
180 797 301 853 eandemque
317 798 420 841 celebrare
432 806 452 841 et
464 799 549 841 adorare
564 812 623 855 posse
638 798 748 840 trinitatem
764 796 832 841 divino
848 797 875 839 sit

88 864 186 907 beneflcio
202 873 319 908 oonseouta.

99 946 102 949 “
143 935 199 977 Aetii
217 932 282 991 Caput
296 933 347 977 Xll.
386 933 409 977 Si
428 935 513 991 ingeniti
533 949 573 977 vox
593 935 625 976 dei
641 934 772 977 substantiam
793 934 874 976 minime

86 1002 196 1058 signifieat,
213 1003 248 1044 sed
259 1002 414 1058 incomparabile
426 1004 479 1045 istud
491 1017 564 1045 nomen
576 1003 600 1045 ab
613 1003 702 1045 bnmanis
714 1003 801 1059 ingeniis
812 1018 875 1046 exon·

85 1071 167 1126 gitatum
178 1078 221 1123 est,
238 1072 287 1113 deus
297 1071 322 1112 ob
335 1071 382 1113 illud
394 1072 458 1127 ipsum
471 1071 554 1127 ingeniti
567 1078 700 1113 oommentum
713 1071 739 1113 iis
750 1072 783 1127 qui
793 1086 876 1128 repere·

86 1139 126 1180 rint
136 1139 214 1194 gratiae
224 1139 302 1181 debitor
311 1146 351 1191 est,
365 1153 409 1181 eum
420 1147 476 1181 tanto
484 1139 560 1181 nomini
570 1141 724 1195 respondentem
735 1140 877 1182 excellentiam

86 1206 107 1247 in
123 1207 212 1248 essentia
227 1220 263 1248 sna
279 1220 319 1248 non
335 1207 414 1248 babeat.

95 1298 97 1301 .
145 1271 228 1315 Coulnt.
245 1272 296 1315 ΧΠ.
334 1272 419 1330 lngeniti
438 1289 491 1327 vox,
515 1281 536 1316 ut
555 1275 653 1316 adversus
672 1274 754 1316 Aetium
773 1275 877 1316 contendi-

87 1357 143 1394 mus,
165 1356 202 1384 neo
214 1341 298 1384 inlioiari
310 1356 427 1399 possumus,
449 1343 528 1385 tametsi
539 1342 560 1384 in
573 1343 636 1385 saeris
648 1342 712 1385 literis
723 1343 804 1385 minime
818 1357 876 1400 repe-

87 1411 162 1465 riatur,
178 1410 210 1469 pie
221 1417 287 1453 tamen
299 1418 329 1453 est
341 1411 464 1470 excogitata.
495 1410 551 1469 Ergo
567 1412 677 1469 ingenitum
695 1418 772 1468 patrem
790 1412 877 1469 appella-

88 1496 132 1525 mus
143 1496 166 1525 ae
178 1482 304 1535 eonfitemur,
318 1482 405 1539 genitum
417 1496 466 1525 vero
479 1482 538 1525 tilium
548 1482 666 1536 asserimus,
683 1489 704 1524 et
714 1489 803 1525 creatum
814 1482 876 1526 luisse

88 1566 192 1609 negamus.
223 1551 276 1595 Nam
295 1567 339 1595 oum
360 1552 420 1595 lilium
437 1552 526 1609 genitum
543 1567 590 1596 esse
607 1552 784 1605 constituerimus,
805 1552 877 1610 quina

86 1623 128 1664 'deo
139 1629 195 1679 patre
208 1622 339 1665 substantiam
351 1623 451 1679 acceperit
466 1637 541 1679 negare
554 1637 593 1664 non
605 1636 718 1679 possumus.
749 1621 803 1664 Nam
815 1636 877 1678 gene·

89 1691 168 1732 ratione
184 1690 249 1747 ipsum
264 1690 370 1746 produxit,
393 1705 433 1732 uon
451 1691 535 1733 oreavit.
566 1691 598 1732 Ae
613 1698 633 1733 tn
647 1705 752 1748 perperam
765 1698 786 1733 et
798 1691 879 1747 oblique

89 1759 178 1815 genitum
190 1759 237 1800 illud
248 1765 269 1800 et
280 1758 391 1814 ingenitum
405 1758 518 1815 accipiens,
539 1760 658 1815 detorquere
669 1759 796 1814 temetipsum
809 1760 878 1801 studes
901 1775 903 1778 ·

90 1829 165 1882 (neque
177 1826 231 1868 enim
242 1825 347 1881 quicquam
358 1827 410 1868 aliud
423 1827 505 1881 effiois),
529 1833 568 1868 tum
582 1827 606 1868 de
619 1827 709 1869 bumanis
721 1827 880 1868 ratiocinationi-

90 1895 128 1936 bus
141 1902 161 1936 et
173 1901 243 1949 arguta
256 1893 403 1950 oppugnatione
415 1895 587 1950 disputatioueque
598 1902 644 1947 tua,
665 1895 702 1936 boo
714 1901 746 1936 est
758 1895 783 1936 de
794 1894 880 1936 bumana

91 1962 188 2014 stultitia,
204 1962 307 2003 oommode
318 1962 365 2003 illud
377 1976 388 2002 e
399 1962 463 2003 saeris
474 1962 538 2003 literis
549 1963 646 2004 exaudire
657 1970 714 2018 potes
721 1974 734 2003 :vv
748 1966 839 2017 Prompta
849 1971 880 2003 est
887 1972 927 2003 een.
934 1974 967 2010 aa.

92 2032 173 2071 bomz'm's
182 2033 263 2070 mensio
274 2031 324 2070 mala
333 2032 443 2082 appensio,
460 2032 497 2070 ium
507 2033 551 2070 abde
561 2032 586 2071 ab
595 2033 732 2072 adolescentia.
755 2029 801 2073 Nos
812 2038 879 2073 aulem

94 2105 114 2140 et
123 2098 171 2140 illud
187 2105 257 2139 eontra
267 2105 287 2139 te
299 2097 365 2138 dioere
377 2111 494 2153 pessumum
517 2098 579 2139 multo
593 2099 613 2139 id
624 2098 715 2140 increato
731 2098 769 2139 deo
779 2098 881 2154 indignius

94 2175 114 2211 et
123 2166 248 2210 indecentius
260 2180 317 2219 esse,
340 2179 410 2208 creare
428 2166 520 2224 quioquid
532 2174 564 2209 est
578 2166 691 2221 eonditum,
712 2175 746 2210 aut
758 2168 814 2224 qnia
827 2168 881 2210 nullo

94 2240 160 2283 faetus
171 2245 203 2281 est
213 2238 289 2281 faeere.
320 2235 400 2280 Etenim
415 2236 445 2291 si,
467 2237 518 2295 quod
531 2237 603 2281 Aetius
615 2238 701 2292 asserit,
724 2236 834 2295 ingenitum
846 2251 881 2295 ge-

93 2322 168 2353 oerare
180 2322 304 2365 nequaqnam
313 2307 378 2361 decet,
395 2321 521 2364 consequens
534 2315 565 2350 est
576 2323 614 2351 neo
624 2307 735 2350 increatum
745 2322 815 2350 orearo
827 2308 882 2364 quie-

97 2393 164 2435 quam,
180 2391 245 2433 neqne
256 2377 289 2433 qui
299 2391 311 2419 a
321 2377 375 2419 nullo
384 2378 447 2419 faetus
458 2384 497 2428 est,
513 2391 563 2432 qnae
574 2385 631 2419 erant
641 2378 745 2419 condenda
754 2391 882 2433 proereasse.

91 2445 199 2502 -Quooiroa
211 2459 256 2486 oum
266 2452 346 2486 ereatae
357 2458 390 2486 res
401 2444 464 2486 oeulis
477 2445 618 2497 sublimantur,
640 2459 664 2486 ao
674 2445 726 2486 bona
740 2459 787 2501 pars
798 2452 883 2486 naturae

98 2512 226 2556 subsistentis
236 2519 339 2568 appareat,
355 2526 393 2554 neo
404 2513 451 2554 illud
462 2513 539 2564 deceat,
555 2513 657 2555 increatus
670 2520 691 2554 ut
702 2513 755 2554 illam
766 2513 816 2554 deus
827 2526 885 2554 erea-

99 2582 164 2633 verit,
185 2594 211 2631 pe
220 2579 238 2622 si
247 2580 403 2635 incomparabile
413 2580 461 2622 illud
471 2581 495 2622 ad
507 2594 575 2622 eornm
586 2594 637 2635 quae
648 2581 701 2622 faeta
714 2587 761 2622 sunt
770 2580 885 2622 mutabilem

100 2649 234 2692 conditionem
249 2647 365 2699 abiioiatur‚
387 2662 427 2689 non
441 2648 499 2689 modo
514 2662 554 2689 non
569 2648 663 2689 deeorum
677 2648 715 2700 sit,
737 2647 773 2689 sed
785 2647 886 2703 exipsius

101 2718 156 2761 Aeni
170 2715 270 2760 sententia
283 2715 316 2758 vel
330 2715 417 2757 maxime
429 2715 535 2769 dedeceat,
557 2729 582 2757 eo
594 2729 627 2757 res
637 2716 717 2758 tandem
728 2716 844 2768 adduntur,
865 2722 888 2758 ut

102 2787 153 2830 alter
163 2787 212 2829 dens
223 2785 336 2836 increatus,
357 2783 409 2825 alter
419 2790 511 2836 oreatus,
533 2784 566 2840 qui
578 2783 602 2825 ad
614 2784 644 2825 sui
656 2784 804 2826 similitudinem
817 2796 886 2826 ereare

103 2863 171 2900 uetera
182 2854 256 2913 possit,
277 2853 401 2912 quaerendus
413 2853 484 2896 merito
496 2853 595 2896 videatur.
627 2851 669 2896 lam
681 2867 731 2896 vero
743 2868 788 2897 oum
801 2853 833 2896 bie
844 2854 888 2910 ipse

104 2934 183 2971 oreatus
200 2926 281 2969 denset
296 2925 377 2968 creandi
387 2929 486 2981 potestate
501 2924 601 2982 praeditus
614 2938 626 2966 a
641 2938 663 2967 se
674 2923 719 2982 ipso
733 2938 773 2966 non
787 2922 887 2976 extiterit,

105 2997 141 3041 sed
150 3003 229 3039 oreatus
239 3002 337 3054 ponatur,
357 2994 482 3052 quaerendus
498 2994 570 3037 iterum
586 2993 637 3036 alter
650 2993 685 3036 ille
697 2993 758 3036 fuerit
771 3007 833 3049 aquo
844 2999 890 3036 tan-

106 3080 164 3123 quam
176 3080 188 3108 a
201 3065 298 3123 principio
313 3066 414 3122 protectus
427 3063 472 3118 sit,·
487 3063 558 3107 deinde
568 3063 627 3106 etiam
637 3063 688 3106 alins
699 3070 743 3120 post
751 3063 817 3120 ipsum
827 3076 890 3106 exeo-

141 3145 202 3182 nomm
210 3143 301 3194 llaereoeol.
308 3141 328 3171 11.
336 3143 351 3172 3.
725 3146 752 3186 17
