1988 3392
250 236 344 272 canaan
355 236 434 272 mnus.
447 238 502 273 rom.
514 239 528 271 r.
540 237 607 272 naen.
616 237 697 271 nxxrc
824 227 875 269 251·

82 317 218 374 ignoraverit,
239 324 341 360 auctorem
357 331 379 359 se
397 333 420 360 ac
434 319 556 360 conditorem
574 317 695 368 arbitretur,
718 323 738 358 et
754 331 765 358 a
781 316 866 360 veritate

82 400 165 443 prorsus
183 386 270 435 excidat.
308 384 368 427 Licet
383 387 435 427 enim
451 385 550 428 Noenum
566 387 657 441 legamus
676 386 776 441 plantasse
793 386 863 435 vitem,
883 402 947 432 eene

82 467 122 496 nun
137 460 204 494 tamen
215 454 310 510 scriptum
327 462 358 495 est
370 453 438 509 stirpis
451 454 508 495 buius
524 455 646 496 conditorem
664 454 718 495 illum
733 453 807 504 luisse,
831 454 867 495 sed

82 522 120 563 buc
137 520 245 572 duntaxat,
269 524 375 571 Vicerat,
397 522 478 576 inquit,
496 525 591 574 cgrr'rola.
622 521 676 563 Nam
694 520 746 562 alius
761 528 793 560 est
804 521 821 561 is
834 521 868 574 qui

83 588 156 631 futuris
168 588 229 631 rebus
240 589 349 631 naturalem
361 590 401 632 rim
415 604 439 631 ac
452 591 558 647 praecipua
569 604 658 646 quaeque
673 605 708 647 pro
720 603 756 630 sua
768 596 867 645 potestate

82 656 178 713 largitur,
199 658 250 701 alius
266 658 298 715 qui
314 658 338 700 ab
355 659 399 716 ipso
414 666 435 700 ut
446 665 501 701 esset
517 659 592 716 accepit
606 659 677 713 bomo,
701 658 867 715 commissamque

82 727 119 768 sibi
131 727 155 768 ab
167 728 236 768 eodem
248 727 388 784 agriculturam
402 728 501 784 suscepit,
518 737 540 770 ut
551 736 570 770 et
580 729 612 769 ille
624 743 674 784 quae
687 730 711 770 ad
724 728 867 783 perlectionem

83 794 209 839 obtinendam
228 797 388 855 progressionem
405 797 508 854 requirunt
523 797 615 850 excolat,
639 798 703 841 ethic
719 797 804 840 conditis
821 810 867 840 ase

83 866 143 910 rebus
154 866 262 923 largiendis
278 881 302 910 ea
316 882 366 925 quae
382 867 479 911 eiusmodi
496 866 612 911 accessione
628 868 714 924 gliscunt
730 868 753 910 ad
766 868 868 911 maturita-

83 944 123 979 tem
134 937 318 994 perfectionemque
330 939 433 995 perdncot.
465 936 524 994 Quod
537 937 615 994 quidem
631 938 712 995 perinde
722 936 743 978 in
755 937 867 980 animalium

83 1014 103 1049 et
116 1006 218 1048 uolucrum
231 1021 319 1063 genere,
340 1022 364 1049 ae
375 1007 485 1064 pecudum,
508 1014 623 1064 serpentum
637 1008 759 1064 pisciumque
775 1008 866 1063 contigit.

83 1075 135 1119 Nam
148 1076 214 1117 omnia
229 1076 325 1133 principio
340 1076 456 1133 imperantis
471 1076 501 1117 dei
518 1078 621 1119 vuluntate
636 1078 725 1133 perfecta
742 1076 868 1132 prodierunt,

83 1159 136 1188 rrurre
147 1152 212 1186 autem
224 1144 312 1187 ciusderu
325 1145 436 1201 sapientiae
452 1145 533 1187 decreto
546 1146 721 1202 progressionibus
732 1145 785 1197 suis,
808 1152 827 1186 et
838 1146 870 1187 in-

84 1213 191 1256 crementis
209 1220 327 1269 augescunt.
359 1212 417 1268 erod
433 1214 457 1255 ad
472 1214 572 1265 bominis,
594 1215 627 1270 qui
644 1214 664 1255 in
680 1222 734 1255 terra
748 1213 868 1266 dominatur,

83 1284 169 1325 fructum
181 1282 241 1324 animi
259 1281 402 1339 utilitatemque
417 1283 513 1337 pertinet3
537 1298 576 1339 quo
588 1284 606 1324 is
617 1297 714 1325 summum
732 1283 785 1324 illum
802 1283 869 1334 deum,

83 1366 149 1408 aquo
168 1359 209 1393 tam
228 1351 304 1393 semina
320 1351 377 1408 ipsa,
402 1365 459 1409 quam
479 1366 548 1394 eorum
567 1351 690 1394 incrementa
708 1352 869 1409 proficiscuntur,

83 1421 141 1463 deum
158 1434 181 1461 ac
197 1419 297 1462 dominum
315 1429 419 1475 agnoscat.
453 1418 541 1462 Proinde
559 1434 694 1477 quaecumque
708 1421 729 1462 iu
741 1421 797 1463 coelo
813 1427 868 1472 sunt,

84 1504 174 1547 quaeque
191 1489 291 1531 bominum
308 1504 421 1532 macunen
438 1497 545 1542 seruntur,
567 1504 590 1531 ae
602 1504 666 1546 neque
678 1490 774 1546 gignunt,
795 1503 833 1531 nec
845 1489 870 1531 ab

84 1559 129 1601 aliis
146 1558 266 1614 gignuntur,
291 1571 314 1598 ea
331 1558 380 1600 dens
395 1559 482 1615 perlecta
501 1558 588 1614 reliquit.
618 1557 691 1614 Neque
701 1558 753 1599 enim
773 1558 871 1599 humanae

85 1634 163 1669 urentes
179 1627 245 1668 damni
262 1639 289 1667 ex
304 1625 329 1667 iis
342 1627 415 1682 aliquid
432 1641 504 1682 capere
521 1634 623 1683 poterant,
646 1627 718 1668 autad
735 1626 871 1680 arrogantiam

85 1694 182 1747 excitari,
198 1702 221 1736 ut
235 1694 323 1746 insule,
345 1695 391 1736 luna
407 1695 520 1751 ceterisque
540 1695 638 1737 sideribus
655 1702 745 1752 apparet.
775 1693 829 1736 Nam
845 1708 872 1737 ex

85 1764 233 1819 eoquodluua
247 1770 352 1814 nascatur,
377 1772 410 1805 ant
422 1764 538 1814 decrescat,
560 1771 695 1818 angeaturve,
718 1764 770 1805 nulla
786 1763 871 1804 illiusin

85 1831 253 1874 moresmutatio
270 1831 374 1873 redundat.
407 1830 448 1873 lam
464 1846 514 1873 vero
530 1831 564 1888 qui
579 1832 716 1888 lieripotest,
738 1839 761 1873 ut
775 1844 873 1886 corporea

86 1900 119 1942 illa
131 1914 155 1941 ac
167 1898 291 1955 corruptioni
302 1899 391 1941 subiecta
405 1901 454 1941 deris
466 1900 550 1941 subinde
564 1901 653 1955 perlecta
665 1900 768 1941 voluntate
781 1914 816 1940 sua
826 1914 873 1955 pro-

86 1967 172 2019 crearit,
195 1982 239 2009 eum
253 1980 314 2018 vero,
338 1967 589 2022 quemeseipsogenuit,
614 1983 674 2008 unum
688 1982 715 2009 ex
726 1982 777 2017 uuo,
800 1967 872 2022 quique

86 2036 136 2092 apud
148 2035 269 2076 existentem
284 2042 379 2090 perpetuo
392 2049 428 2090 per
439 2034 590 2090 generationem
601 2036 689 2087 existat,
711 2036 834 2077 accessionis
848 2048 872 2076 ac

86 2102 234 2160 progressionis
247 2109 338 2158 egentem
351 2102 483 2157 produxerit?
513 2102 589 2144 Desine
600 2103 672 2157 igitur,
689 2103 752 2154 aeri,
770 2104 872 2145 Aristote-

85 2173 135 2214 licas
154 2172 198 2213 illas
211 2178 256 2213 tuas
268 2185 329 2211 voces
345 2180 365 2211 et
376 2172 446 2212 inanes
462 2172 577 2213 obtrudere.
608 2170 673 2213 Nobis
686 2171 738 2213 enim
752 2173 800 2213 citra
812 2173 872 2213 ullum

86 2240 162 2283 erroris
178 2239 286 2298 pericnlum
305 2239 415 2282 certissima
435 2238 512 2282 Christi
528 2239 618 2283 doctrina
637 2241 720 2292 sufficit,
742 2255 786 2282 cum
798 2241 830 2282 ita
843 2241 873 2283 lo·

86 2309 164 2367 quitur:
180 2313 224 2365 Ego
233 2312 287 2352 ectri
294 2325 306 2351 c
311 2318 381 2365 putre,
397 2317 417 2352 et
427 2313 482 2351 cudo.
515 2307 578 2354 Cuius
591 2309 683 2352 dictionis
696 2311 726 2352 ris
738 2325 777 2352 nun
791 2309 811 2352 in
825 2310 873 2353 abu-

86 2382 143 2424 sione
156 2380 196 2423 ulla
209 2381 313 2432 corsinio,
335 2381 371 2423 sed
389 2380 457 2422 divina
474 2380 598 2438 perfectione
614 2395 637 2423 ac
652 2381 747 2437 dignitate
764 2382 873 2438 praeditam

86 2457 176 2493 naturam
192 2450 298 2505 siguificat.

141 2519 197 2561 Aetii
211 2517 276 2575 Caput
287 2517 317 2561 X.
349 2517 371 2562 Si
386 2520 473 2577 perlecta
488 2520 515 2561 sit
529 2519 595 2575 genita
609 2519 701 2572 soboles,
725 2521 793 2562 eadem
806 2521 826 2562 in
843 2521 873 2562 in-

86 2588 154 2645 genito
168 2588 218 2640 erit,
241 2602 281 2630 raon
297 2601 324 2631 ex
340 2588 365 2631 iis
381 2602 431 2644 quae
448 2603 493 2630 carm
506 2589 530 2631 ab
543 2588 632 2643 ingenito
647 2589 764 2644 gigneretur
778 2589 871 2631 obtinuit.

85 2658 139 2702 Nam
152 2658 219 2713 genita
236 2664 306 2700 natura
322 2657 342 2698 in
359 2658 448 2712 ingenita
465 2657 577 2699 substantia
595 2671 641 2698 esse
661 2673 700 2700 non
717 2665 794 2715 potest;
818 2665 873 2700 esset

85 2727 137 2770 enim
150 2727 208 2768 simul
218 2726 282 2776 idem,
304 2733 323 2765 et
335 2739 374 2766 nun
391 2733 453 2767 esset.
484 2725 538 2768 Num
551 2726 602 2782 quod
615 2726 703 2780 genitum
717 2734 749 2768 est
763 2727 872 2782 ingenitum

86 2810 125 2837 nott
142 2802 185 2846 est,
207 2802 227 2836 et
243 2792 416 2850 qcudingenitum
429 2800 472 2844 est,
494 2795 581 2850 genitum
595 2808 634 2852 riuti
648 2794 692 2836 luit.
724 2793 802 2850 Quippe
815 2795 874 2836 dissi-

86 2863 152 2905 milem
162 2860 246 2918 aliquam
259 2863 296 2903 deo
305 2869 380 2918 partem
392 2862 494 2917 affingere,
511 2863 609 2905 maledicti
619 2862 639 2904 in
651 2877 695 2904 eum
706 2878 729 2904 ac
742 2863 874 2905 contumeliae

86 2932 174 2988 speciem
190 2932 285 2987 praefert.

110 3044 136 3076 15.
149 3041 201 3079 otu'rei
215 3046 276 3077 restitui
286 3047 362 3079 excocta.
374 3055 411 3078 mss.
436 3042 470 3080 αὖ·
517 3046 544 3080 15.
556 3043 601 3080 nard
611 3042 643 3087 τὴν
654 3048 716 3078 volebat
728 3047 809 3079 Peraeam.

85 3091 120 3125 τῶν
132 3091 210 3125 editorum
221 3093 243 3123 est
254 3091 329 3132 citiam..
519 3089 560 3127 1.τό
572 3100 604 3124 non
615 3094 695 3133 conrpuret
706 3092 723 3124 iu
735 3093 847 3132 superioribas.
