1988 3392
162 192 190 234 28
452 205 535 240 οιαστι
546 205 661 239 ΕΡιΡΗιοιιι

162 281 268 334 σχίσματα,
289 282 339 336 μηδὲ
358 284 469 339 διαιρέσεις.
501 278 564 325 Οῦτοι
582 284 604 326 δὲ
624 283 651 337 μὴ
663 282 770 339 νοήσαντες
788 281 823 326 τόν
837 287 888 326 νοῦν
904 288 946 337 τῶν

163 344 281 391 ἀποστόλων
300 351 334 392 καλ
353 355 389 393 τοῦ
408 349 469 405 λόγου
487 355 524 392 τοῦ
539 351 686 405 ἒμφερομένου,
706 356 743 394 τοῦ
762 352 784 394 ἐν
804 355 829 409 τῇ
845 349 944 403 Διατάξει,

164 414 259 469 ἐνόμισαν
274 415 302 472 μή
317 435 358 460 που
373 416 413 474 άρα
427 416 476 472 μετά
489 421 530 460 τῶν
542 415 646 460 Ἰουδαίων
659 417 697 474 χρη
711 417 733 462 τό
750 416 822 471 Πάσχα
841 419 944 461 ἐπιτελεῖν·

163 482 206 537 ἀμα
225 485 247 526 δὲ
266 486 301 527 καὶ
321 486 462 528 πεντεκαιδέκα
481 485 589 527 ἐπίσκοποι
608 484 711 541 γεγόνασιν
731 488 754 530 ἐκ
773 490 891 542 περιτομῆς,
911 486 946 528 καὶ

163 550 222 603 ἐχρῆν
241 550 285 594 τότε
304 557 344 594 τῶν
364 551 480 595 ἐπισκόπων
494 552 516 594 ἐκ
531 557 639 606 περιτομῆς
653 550 718 595 όντων
734 555 756 597 ἐν
767 549 897 609 Ἰερουσαλὴμ
911 569 946 594 κα-

162 619 304 663 τασταθέντων
317 618 353 662 τόν
367 619 432 662 πάντα
443 618 519 673 κόσμον
533 618 613 670 τούτοις
627 620 759 673 συνέπεσθαι,
774 623 808 665 καί
824 619 864 677 μετ’
879 619 947 664 αύτῶν

164 687 268 741 ἐπιτελεῖν,
288 690 322 731 ἵνα
336 691 372 742 μία
386 706 415 738 τις
432 688 513 744 γένηται
531 690 649 742 συμφωνία,
670 689 705 731 καλ
726 692 761 744 μία
780 687 888 746 όμολογία,
910 691 947 744 μία

164 754 223 812 ἑορτὴ
234 758 379 812 ἐπιτελουμένη.
409 755 448 801 Διό
461 757 541 801 ἐκείνων
556 754 569 813 ἡ
585 756 684 812 ἐπιμέλεια
698 755 733 802 τόν
748 763 797 803 νοῦν
811 763 851 802 τῶν
865 755 947 814 ἀνθρώ-

164 843 209 868 πων
224 825 338 883 συνάγουσα
353 828 380 877 εἰς
394 826 466 871 ἕνωσιν
480 831 516 882 τῆς
530 827 643 882 ἐκκλησίας,
660 825 688 883 μη
700 829 813 884 δυνηθεῖσα
827 826 861 872 τόν
875 830 946 871 τοσού-

165 913 199 938 τον
211 894 284 951 χρόνον
295 896 456 951 ἐπιτελεσθῆναι,
471 896 576 952 εύδοκύσει
590 901 642 940 θεοῦ
657 898 690 940 ἐπὶ
702 899 855 941 Κωνσταντλνου
871 898 947 954 ἐγένετο

82 971 156 1009 Fufi-⁸²³·
166 962 260 1019 ὁμονοίας
276 965 339 1008 ἕνεκα.
370 964 432 1022 Παρά
451 971 493 1017 τοῖς
507 965 628 1016 ἀποστόλοις
642 966 664 1009 δὲ
678 965 700 1009 τό
716 966 776 1022 ρἠτόν
792 964 835 1010 5δι’
850 964 948 1021 όμόνοιαν

166 1033 278 1088 ἐμφέρεται,
289 1032 317 1084 ῶς
327 1035 485 1090 ἐπιμαρτυροῦσι
498 1035 586 1091 λέγοντες
597 1033 635 1087 ότι,
651 1031 699 1078 Κάν
706 1052 727 1077 τε
738 1039 865 1089 πλανηθῶσι,
882 1035 948 1089 6μηδὲ

165 1099 213 1155 ύμῖν
228 1102 306 1155 μελέτω.
334 1101 368 1154 Ἐξ
382 1100 449 1145 αύτῶν
464 1103 486 1146 δὲ
500 1107 541 1146 τῶν
556 1105 618 1146 ἐκεῖσε
632 1103 741 1158 εἰρημένων
758 1105 825 1159 ῥητῶν
838 1101 852 1158 ἡ
866 1101 948 1147 ἀντίθε-

166 1184 197 1219 σις
217 1168 336 1224 ὀφθήσεται.
368 1169 474 1213 Φάσκουσι
493 1170 531 1227 γάρ
551 1169 588 1225 την
607 1169 720 1227 ἀγρυπνίαν
738 1172 806 1224 φέρειν
826 1171 949 1226 μεσαζόντων

165 1241 206 1280 τῶν
219 1235 314 1291 Ἆζύμων.
347 1237 378 1281 Ού
393 1238 477 1281 δύναται
491 1239 512 1282 δὲ
527 1243 586 1282 τοῦτο
601 1239 687 1282 πάντοτε
701 1240 795 1294 γενέσθαι
810 1239 832 1282 ἐν
846 1243 870 1299 τῇ
882 1237 953 1297 φηφςδ

165 1310 189 1364 τῇ
205 1308 362 1366 ἔκκλησιαστικῇ.

221 1512 258 1554 Ἐκ
268 1517 328 1567 τριῶν
345 1510 383 1569 γάρ
398 1513 517 1566 συνέστηκεν
532 1510 593 1554 ύτοῦ
608 1511 681 1567 Πάσχα
695 1511 815 1566 σύνδεσμος,
838 1513 861 1555 ἐκ
876 1529 896 1554 τε
913 1515 950 1555 τοῦ

165 1578 250 1634 ηλιακοῦ
260 1579 338 1636 δρόμου
348 1579 382 1623 διά
395 1579 431 1635 τὴν
442 1579 542 1635 κυριακην
552 1581 586 1622 καὶ
597 1578 632 1623 τόν
643 1584 704 1634 μῆνα,
719 1582 741 1622 ἐκ
753 1597 773 1622 τε
785 1584 821 1622 τοῦ
831 1584 950 1633 σεληνιακοῦ

166 1648 254 1703 δρόμου,
274 1646 309 1690 διά
324 1646 347 1690 τό
362 1647 413 1690 κατύ
426 1646 462 1690 τόν
472 1646 545 1701 νόμον,
565 1647 622 1696 ὅπως
634 1649 658 1689 ’ἐν
667 1652 693 1706 τῇ
705 1646 905 1706 τεσσαρεςκαιδεκάτη
915 1651 951 1701 τῆς

166 1714 249 1770 σελήνης
257 1720 313 1773 τυθῇ
326 1714 364 1758 ιτό
376 1714 455 1769 Πάσχα,
471 1712 498 1763 ῶς
510 1712 584 1757 εἷπενό
595 1713 663 1768 νόμος.
684 1713 735 1758 Ούτε
746 1710 783 1758 ούν
793 1715 877 1758 δύναται
887 1714 952 1769 ἀχθῆ·

166 1800 206 1833 ναι,
218 1781 252 1824 ἐάν
261 1781 289 1836 μη
297 1780 376 1840 ύπερβῇ
388 1784 484 1836 ίσημερία,
495 1781 545 1836 ὅπερ
556 1780 611 1837 παρά
622 1787 664 1831 τοῖς
671 1780 776 1831 Ἰουδαίοις
787 1781 812 1825 ού
821 1780 950 1834 φυλάσσεται,

167 1850 216 1892 οὐδὲ
224 1849 300 1905 ἀκριβῆ
309 1851 392 1905 θέλουσι
401 1847 495 1902 τοιαύτην
505 1850 599 1891 ἐπιτελεῖν
608 1850 752 1904 πραγματείαν·
768 1850 846 1892 διέπεσε
854 1847 892 1906 γάρ
904 1847 950 1904 παρ’

166 1917 247 1969 αὐτοῖς,
266 1918 302 1959 καί
318 1915 419 1970 ἠπάτηται
434 1914 458 1956 τύ
477 1913 548 1958 πάντα.
579 1914 637 1969 Πλην
654 1917 672 1957 εί
688 1917 723 1958 καλ
737 1915 836 1970 τοσαύτης
853 1915 952 1972 ζητήσεως

167 1983 252 2039 ύπάρχει
261 1982 366 2037 ἡτοιαύτη
378 1982 480 2038 ἀκρίβεια,
501 1982 526 2025 ού
537 1980 571 2025 διά
581 1981 618 2036 τὴν
629 1981 710 2037 ζήτησιν
718 1983 792 2038 ταύτην
804 1985 839 2027 καὶ
848 1983 886 2037 τήν
896 1982 952 2039 ἀκρί-

167 2055 223 2107 βειαν
236 2058 280 2102 τοῖς
292 2049 410 2100 ἀποστόλοις
422 2052 508 2105 εἴρηται,
529 2048 577 2094 ἀλλά
588 2048 613 2093 δι’
624 2047 732 2105 όμόνοιαν,
752 2053 804 2094 2καλ
821 2054 840 2094 εἰ
854 2049 903 2106 μετά
912 2056 952 2095 τῶν

167 2123 245 2180 ἐχθρῶν
255 2125 291 2164 τοῦ
303 2124 392 2179 Χριστοῦ
403 2121 497 2163 ἐπιτελεῖν
508 2121 529 2163 οἱ
538 2117 646 2163 ἀπόστολοι
657 2121 790 2176 προςὲταξαν,
806 2118 834 2172 ῶς
845 2115 901 2164 οὗτοι
913 2123 950 2165 διϊ·

167 2195 298 2247 σχυρίζονται,
308 2189 366 2249 πόσῳ
378 2206 401 2247 γε
411 2194 485 2244 μᾶλλον
495 2187 520 2232 δι’
532 2186 628 2243 ὁμόνοιαν
637 2188 685 2243 μετά
697 2194 733 2243 τῆς
743 2191 847 2245 ἐκκλησίας
859 2189 896 2246 χρὴ
909 2191 951 2234 ἐπι-

168 2266 241 2312 τελεῖν,
262 2262 297 2303 ἵνα
313 2258 341 2313 μη
355 2257 391 2313 τὴν
402 2257 499 2312 όμόνοιαν
510 2257 626 2313 χαράξωμεν
638 2262 674 2312 τῆς
686 2259 800 2313 ἐκκλησίας,·
815 2264 859 2308 πῶς
869 2253 906 2302 ούν
917 2258 952 2301 δύ-

169 2346 227 2371 ναται
237 2333 336 2370 τελεῖσθαι
347 2332 417 2377 τοῦτο,
446 2323 534 2382 Λέγουσι
546 2324 583 2383 γάρ
597 2327 618 2368 οί
627 2325 686 2369 αύτολ
696 2324 804 2370 ἀπόστολοι
821 2326 879 2379 3ότι,
888 2326 953 2371 Ὅταν

170 2398 243 2440 ἐκεῖνοι
253 2394 376 2451 εὐωχῶνται,
391 2392 448 2449 ύμεῖς
459 2393 586 2448 νηστεύοντες
597 2393 647 2450 ύπὲρ
658 2392 726 2438 ούτῶν
737 2401 838 2445 πενθεῖτε,
854 2395 885 2439 ὅτι
895 2397 917 2438 ἐν
927 2401 952 2455 τῇ

169 2463 234 2522 ἡμέρα
245 2469 281 2518 τῆς
296 2465 366 2519 ἑορτῆς
379 2462 414 2506 τόν
428 2460 516 2518 Χριστόν
529 2462 666 2517 ἐσταύρωσαν·
686 2464 721 2506 καὶ
732 2461 780 2505 όταν
793 2462 850 2507 αύτολ
861 2468 953 2508 πενθῶσι

168 2533 193 2575 τά
208 2531 287 2584 ’Ἆζυμα
305 2533 406 2580 ἐσθίοντες
424 2532 445 2573 ἐν
462 2533 561 2585 πικρίσιν,
582 2528 640 2584 ύμεῖς
656 2528 769 2584 εύωχεῖσθε.
799 2535 910 2586 Συμβαίνει
930 2533 952 2575 δὲ

169 2599 244 2648 αύτούς
254 2601 276 2641 ἐν
287 2603 373 2657 κυριακῇ
384 2597 532 2656 ημέρριἎζυμα
543 2596 657 2651 λαμβάνειν.
686 2596 854 2653 Ἑπιφωσκούσης
866 2597 905 2656 γάρ
917 2604 953 2653 τῆς

169 2671 268 2723 κυριακης
279 2667 363 2721 ἑσπέρας
372 2667 468 2708 δύνανται
478 2664 538 2707 θύειν
547 2663 570 2707 τό
581 2664 662 2719 Πάσχα·
672 2664 721 2719 μετά
734 2665 772 2721 γάρ
784 2668 870 2723 ἑσπέραν
880 2672 951 2723 παρελ-
977 2698 990 2719 μ

168 2735 244 2784 θόντος
258 2738 296 2777 τοῦ
308 2733 410 2788 σαββάτου
426 2734 450 2776 ού
466 2733 564 2776 δύνανται
576 2733 635 2788 έργον
647 2734 747 2776 ἐπιτελεῖν.
772 2729 825 2790 Ἆρα
836 2733 874 2790 γάρ
885 2734 952 2777 αὐτῶν

168 2803 287 2853 θυσύντων,
309 2803 327 2842 εἰ
336 2803 443 2858 ἐγείρονται
455 2799 589 2855 εὐωχούμενοι
593 2833 600 2852 ,
615 2805 659 2849 πῶς
673 2798 730 2854 ἡμεῖς
742 2802 764 2845 ἐν
774 2805 861 2859 κυριακῇ
876 2801 951 2855 πενθύ·

191 2896 207 2929 5.
218 2892 240 2929 δι’
250 2892 329 2938 ὁμόνοιαν
339 2904 370 2927 κου
381 2895 428 2927 habet
438 2894 473 2926 σοῦ.
480 2893 549 2934 ,Βλεδίμ
596 2891 612 2925 2.
624 2890 655 2926 καὶ
670 2891 686 2926 εί
697 2891 742 2935 μετὰ
756 2894 812 2933 scripsi
828 2893 848 2925 δε
864 2895 953 2926 coniectura

191 2939 207 2973 θ.
219 2942 244 2972 λυ
255 2942 322 2980 fortasse
334 2937 402 2981 μηδὲνῗ
573 2939 642 2977 Patavii,
657 2947 688 2970 που
699 2939 718 2970 δι
728 2940 804 2970 librorum
816 2940 920 2979 υκοιονιιοιε,
936 2941 952 2971 in

193 2984 232 3017 Οτι).
239 2985 272 3016 XI.
279 3002 300 3009 —
315 2983 329 3015 1.
338 2985 361 3024 Cf.
367 2985 379 3017 1.
387 2984 459 3025 δειδίμεν
466 2984 486 3016 de
490 2984 548 3016 Ειαιιι-
570 2983 627 3023 quibus
635 2983 675 3014 illud
683 2981 699 3017 ελ
707 2983 811 3016 desideratur.
823 2984 908 3016 comanus
916 2993 953 3016 ουκ-

169 3031 203 3062 dat.
215 3032 288 3071 Τεωρνι.
299 3028 359 3069 mm.
570 3029 617 3060 νινιιι
626 3026 641 3059 εἰ
652 3027 697 3060 enirn
714 3034 732 3060 et
746 3038 785 3059 eum
800 3026 877 3060 hostibus
891 3027 953 3061 Christi
