1988 3392
126 228 169 272 762

149 330 207 353 omnes
223 317 267 352 illius
284 329 349 352 errores
369 317 450 362 evangelii
468 317 519 351 lnce¹

149 376 250 422 deteguntur
261 378 301 410 360.

127 435 164 467 Lux
178 433 196 467 in
212 433 287 467 tenebris
305 433 363 468 lucens
380 433 399 466 in
417 433 506 477 evangelio

148 502 182 535 quo
193 502 242 523 sensu
255 489 353 534 accipienda
364 492 404 523 678.

127 547 183 592 Lybs,
194 547 281 588 Molurus,
298 546 350 591 Elops
364 553 461 591 serpentum
473 559 506 591 ge-

148 615 189 636 nera
201 605 240 636 520.

303 705 327 738 M.

125 774 171 818 Magi
184 773 268 807 Christum
282 773 353 807 adorant
365 775 405 806 154.

125 831 233 876 Magistratus
248 830 293 875 apud
305 829 375 864 ludaeos
390 830 427 863 iure
437 841 506 863 succes-

148 889 200 923 sionis
210 887 268 923 liheris
280 894 404 934 postmortem
417 894 506 934 parentum

148 948 259 993 deferuntur,
282 954 300 981 et
318 946 373 981 adhuc
391 945 506 991 impuberibus

148 1012 255 1041 reservantur
266 1008 306 1039 130.

125 1064 212 1109 Magusaei
223 1064 268 1109 apud
280 1065 347 1106 Persas,
366 1069 384 1096 et
396 1074 454 1097 eorum
465 1062 506 1096 reli-

148 1122 176 1167 gio
186 1134 207 1155 ac
217 1133 266 1155 sacra
277 1123 328 1154 1094.

126 1180 189 1213 Malum
200 1179 245 1212 uude
256 1187 343 1221 exortum,
361 1186 423 1223 etqua
439 1177 507 1212 ratione

148 1236 236 1270 inductum
249 1240 277 1270 72.

126 1293 189 1327 Malum
206 1293 249 1326 nulli
264 1293 289 1327 rei
305 1293 330 1326 ita
348 1292 455 1326 coniunctum
475 1298 506 1333 est,

148 1350 188 1395 quin
200 1349 240 1383 boni
251 1349 300 1383 simul
312 1349 375 1394 aliquid
387 1349 449 1382 habeat
456 1351 495 1382 633.

126 1406 190 1440 Malum
202 1406 242 1451 quid
253 1407 287 1446 sit,
306 1405 374 1450 quando
386 1405 471 1445 extiterit,
490 1411 508 1437 et

149 1462 217 1508 qnando
229 1462 252 1495 sit
263 1461 356 1495 desiturum
368 1464 407 1495 632.

125 1521 223 1554 Mammona
236 1526 265 1552 aut
277 1525 348 1558 venter,
367 1517 453 1564 quomodo
466 1518 508 1552 deus

149 1576 244 1622 appelletur
255 1579 293 1609 686.

127 1634 215 1676 Mandrae‚
222 1633 324 1668 monasteria
330 1633 450 1668 monachorum
458 1635 508 1667 1073.

127 1695 187 1746 Manes
206 1689 313 1740 comparatur
330 1692 404 1738 Apollini
422 1692 468 1734 vati,
491 1699 509 1726 et

150 1764 183 1799 qua
194 1752 262 1787 ratione
274 1755 313 1786 698.
327 1770 347 1778 -
371 1762 421 1797 quam
431 1750 475 1785 male
487 1750 508 1784 de

149 1810 233 1844 salvandis
249 1817 316 1843 tautum
333 1822 343 1843 a
360 1809 426 1843 decimo
448 1809 507 1854 quinto

149 1868 214 1903 Tiberii
226 1867 300 1901 Caesaris
311 1867 383 1901 senserit
393 1866 434 1900 ibid.
886 1904 888 1906 v

126 1928 186 1960 Manes
198 1925 242 1958 falso
257 1936 276 1957 se
287 1924 393 1959 Paracletum
404 1936 441 1958 esse
453 1923 508 1958 iacta·
531 1922 627 1956 Manichaei
638 1931 751 1957 commentum
763 1924 785 1957 de
796 1924 836 1957 luua
847 1925 913 1959 refelli-

149 1984 180 2017 bat
193 1985 232 2016 635.

127 2040 264 2074 Manichaeorum
276 2038 369 2072 execranda
380 2038 458 2084 impietas
470 2041 509 2072 669.

127 2098 222 2132 Manichaei
239 2087 294 2141 nugae
310 2096 353 2129 cirea
370 2096 435 2129 baiulos
451 2095 509 2128 mundi

150 2154 191 2187 ibid.

127 2210 244 2243 Manichaeum
261 2209 313 2252 magis
337 2208 414 2240 fabulosa
435 2208 456 2239 de
476 2208 509 2240 deo

150 2277 200 2311 quam
219 2264 313 2297 Hesiodum
333 2271 432 2308 ceterosque
449 2267 510 2307 poetas

151 2323 226 2365 Graecos
238 2321 306 2354 finxisse
318 2323 356 2354 665.

128 2379 224 2413 Manichaei
235 2378 252 2411 in
265 2378 315 2411 deum
326 2377 431 2422 blasphemia
443 2380 481 2410 703.

129 2436 267 2471 Manichaeorum
279 2435 372 2481 principem
388 2435 420 2469 sibi
434 2435 510 2469 subditos

152 2495 233 2530 devorare
251 2506 301 2542 quam
319 2494 341 2529 sit
360 2493 449 2529 absurdum
471 2500 510 2541 apta

151 2554 261 2590 similitudine
271 2553 353 2600 probatur
368 2556 408 2587 697.

129 2614 267 2648 Manichaeorum
287 2612 362 2646 haeresis
385 2612 511 2657 quadragesima

152 2671 222 2717 quinta,
246 2670 305 2704 ordine
328 2671 431 2715 sexagesima
452 2670 511 2715 quinta

153 2732 191 2763 617.
204 2749 226 2755 -
249 2728 300 2761 iidem
317 2728 364 2761 dicti
374 2728 476 2770 donandae,
493 2735 511 2760 et

152 2787 197 2820 unde
208 2785 284 2820 ibid.'··-
308 2785 337 2819 ubi
353 2793 370 2818 et
384 2798 439 2831 aquo
456 2785 510 2818 disse-

152 2843 215 2877 minata
225 2844 268 2877 hasco
275 2842 349 2876 haeresis
359 2842 400 2876 ibid.
409 2861 431 2868 -
443 2841 511 2887 quando

153 2900 242 2946 coeperint
258 2900 300 2933 ibid.
317 2920 340 2926 —
369 2899 423 2933 Manis
441 2898 511 2932 historia

152 2958 194 2991 ibid.
206 2977 229 2983 -
253 2956 285 2990 fuit
303 2963 320 2999 et
338 2957 437 3001 Scythianns
454 2956 511 2989 Mani-

154 3014 201 3047 chaei
212 3014 296 3057 dogmatis
307 3020 367 3047 auctor
380 3016 419 3046 618.
432 3032 453 3038 -
477 3012 512 3045 eius

152 3070 224 3104 historia
235 3073 274 3102 619.
287 3089 309 3094 -
332 3070 408 3102 eiusdem
419 3069 458 3102 libri
469 3081 512 3113 qna-

153 3133 193 3159 tuor
205 3129 243 3159 619.
261 3145 282 3152 -
312 3126 448 3171 Hierosolymam
466 3125 513 3160 venit

434 234 509 270 lNDEX
520 234 606 270 RERUM.

553 330 590 352 cum
601 317 684 365 apostolis
696 316 796 352 conferendi
804 317 858 363 gratia
871 322 910 356 62⁰.

553 395 574 401 -
593 374 667 409 eiusdem
683 387 728 410 mors
747 387 768 409 ex
784 375 833 421 lapsu
845 388 854 410 e
866 389 910 423 qun-

553 431 591 466 dam
602 432 669 466 sublimi
679 439 727 466 tecto
737 432 779 466 ibid.
791 453 813 470 -,-
836 434 911 469 Terbin-

523 516 524 519 ,
551 489 591 522 thus
598 488 636 522 eius
645 489 737 534 discipulus
745 489 787 523 ibid.
800 510 821 516 -
844 498 910 527 mutato

551 546 620 578 nomine
630 545 704 579 Buddam
713 558 732 579 se
740 546 797 579 vocari
811 547 866 581 voluit
876 549 910 582 ibi-

552 601 597 635 dem.
606 621 628 627 -
644 602 661 635 in
672 602 757 636 Persidem
765 602 831 648 aulugit
838 603 880 638 ibid.
888 624 911 632 ι-

552 669 591 692 casu
598 657 662 691 interiit
670 664 689 691 ut
697 658 732 692 eius
738 666 836 693 antecessor
842 663 881 693 621.
888 681 911 688 -
949 666 951 668 ’

552 715 568 747 ei
583 715 663 748 successit
680 716 741 749 Manes
758 716 812 749 dictus
831 717 911 753 Gobricus

552 771 592 805 ibid.
610 792 632 798 -
662 772 697 805 eius
715 772 787 806 historia
804 785 842 806 cum
853 782 912 819 ageret

552 829 597 878 apud
610 830 667 863 Persas
684 829 725 863 ibid.
738 849 760 855 -·
784 829 819 864 eius
833 831 911 878 discipuli

553 890 592 921 622.
611 907 633 913 -
661 887 702 932 fuga
718 900 728 922 e
745 899 812 922 carcere
829 888 870 924 ibid.
889 910 911 918 -

553 945 626 991 epistula
637 946 659 980 ad
666 946 764 981 Marcellum
774 949 813 981 623.
825 968 847 974 -—
862 949 911 983 Mar-

553 1004 592 1038 celli
603 1004 625 1038 ad
636 1003 711 1038 eiusdem
723 1004 811 1050 epistolam
822 1006 911 1052 responsio

553 1065 592 1095 624.

531 1120 624 1154 Manichaei
641 1120 703 1166 dogma
715 1120 794 1155 distincte
810 1122 912 1166 explicatum

553 1180 592 1211 625.
609 1197 632 1202 -
659 1178 752 1223 disputatio
775 1178 854 1212 Archelai
874 1191 912 1213 cum

552 1235 583 1267 illo
595 1241 613 1267 et
625 1234 659 1268 eius
676 1235 717 1279 fuga
731 1238 770 1268 627.
784 1255 806 1261 -
829 1237 912 1282 Trypho-

553 1303 592 1325 nem
603 1298 687 1336 prorocat
699 1295 738 1326 628.
750 1311 773 1317 —-
796 1292 858 1326 iterum
869 1304 912 1338 pro-

553 1355 616 1381 stratus
627 1348 648 1381 ab
661 1348 745 1381 Archelao
753 1348 794 1390 ibid.
807 1368 830 1374 —
852 1361 863 1382 a
872 1361 912 1394 rege

553 1406 642 1438 Persarum
652 1404 670 1437 in
680 1404 765 1437 Persidem
776 1412 866 1438 revocatur
878 1406 912 1439 ibi-

554 1460 598 1494 dem.
611 1455 634 1486 ὲ
657 1467 695 1494 cute
715 1461 780 1494 calamo
796 1461 873 1495 detracta
885 1462 912 1495 vi-

554 1530 584 1551 vus
602 1517 696 1552 excoriatur
713 1520 752 1551 629.
765 1537 788 1544 -·
817 1519 860 1552 cutis
877 1519 913 1553 eius

555 1580 621 1608 servata
632 1574 674 1608 ibid.

531 1632 627 1667 Manichaei
644 1631 722 1678 discipuli
743 1632 777 1667 huc
793 1632 866 1681 illucque
884 1633 912 1669 di·

554 1691 608 1736 spersi
619 1691 658 1726 ibid.

531 1750 627 1784 Manichaei
637 1750 719 1784 refutatio
730 1750 772 1784 ibid.
786 1771 806 1777 -
818 1750 857 1786 libri
868 1752 913 1786 eius—

554 1807 593 1841 dem
613 1807 655 1842 ibid.
676 1828 699 1834 —
731 1808 761 1854 qui
781 1816 841 1843 contra
857 1810 914 1844 Mani-

555 1865 625 1899 chaeum
635 1865 738 1911 scripserunt
750 1868 789 1899 668.

555 1988 583 2013 tur
594 1982 633 2014 664.
646 1998 668 2005 —
691 1981 732 2013 item
749 1980 770 2014 de
784 1981 845 2014 electis
856 1981 913 2015 Mani·

556 2037 645 2070 charorum
664 2049 712 2071 error
730 2038 815 2071 refutatur
837 2040 876 2072 665.
892 2058 914 2064 —-

555 2095 595 2127 item
617 2094 639 2127 de
661 2094 721 2127 Adami
738 2094 824 2128 creatione
840 2098 880 2130 668.
891 2114 914 2121 —-

556 2157 643 2195 praeterea
666 2150 688 2183 de
706 2151 747 2184 boni
763 2158 782 2184 et
798 2151 837 2185 mali
854 2151 914 2185 confli-

557 2206 613 2239 ctione
626 2209 664 2239 670.
678 2209 716 2239 671.
730 2213 749 2239 et
761 2210 799 2240 672.
813 2227 834 2232 -
863 2208 915 2241 testi-

556 2262 612 2295 monia
636 2264 695 2307 quibus
718 2263 778 2297 nititur
807 2257 914 2298 Manichacus

556 2322 595 2352 673.
608 2340 628 2345 -
653 2327 713 2354 contra
729 2332 767 2354 eum
777 2321 820 2366 guid
830 2321 853 2355 sit
864 2321 915 2355 arbor

556 2377 600 2410 mala
616 2378 633 2409 in
651 2377 739 2422 evangelio
758 2381 796 2411 675.
815 2398 838 2404 -
869 2379 915 2425 quod
935 2396 937 2399 ⁴

557 2434 614 2469 ludaei
626 2446 660 2469 non
678 2441 727 2469 erant
738 2435 768 2470 filii
780 2435 844 2471 diaboli
855 2442 915 2471 contra

556 2494 628 2529 eamdem
639 2494 757 2530 Manichaeum
769 2497 807 2529 677.
849 2517 851 2520 -

534 2554 629 2589 Manichaei
639 2553 691 2600 impia
707 2553 786 2600 dogmata
798 2567 819 2589 es
830 2555 916 2602 Tyrbonis

556 2612 591 2646 eius
604 2612 681 2657 discipuli
698 2612 782 2646 relatione
794 2616 833 2647 642.
845 2617 884 2648 643.
898 2621 916 2648 et

557 2673 596 2703 644.
614 2682 665 2715 usque
681 2670 704 2703 ad
715 2673 754 2704 648.
766 2690 788 2697 α-
812 2671 839 2708 de
850 2672 916 2706 animae

557 2728 669 2761 transfusione
681 2728 698 2761 in
706 2729 784 2773 vquinque
796 2741 867 2774 corpora
876 2734 915 2764 644.

557 2805 579 2811 -
596 2786 655 2830 quibus
672 2785 767 2819 nominibus
783 2787 856 2821 animam
868 2787 915 2821 desi-

557 2850 598 2888 gnet
613 2842 655 2875 ibid.
668 2849 686 2875 et
697 2844 737 2875 645.
749 2861 771 2867 -
800 2855 854 2887 nugae
871 2845 916 2878 illius

557 2899 579 2931 de
597 2911 687 2944 corporum
707 2900 854 2944 transmigratione
875 2908 916 2945 post

557 2962 630 2989 mortem
641 2956 682 2989 ibid.
696 2976 718 2982 -
742 2956 764 2989 de
776 2956 796 2990 iis
808 2958 836 3003 qui
854 2969 915 3002 panem

559 3012 649 3045 comedunt
667 3013 707 3057 quid
724 3013 786 3046 sentiat
791 3026 803 3057 ,·
820 3020 837 3046 et
855 3015 915 3059 quibus

557 3069 613 3102 verbis
634 3080 695 3112 panem
717 3070 813 3114 alloquatur
836 3073 875 3104 645.
893 3089 915 3095 -

558 3126 624 3168 qualem
637 3126 728 3158 constituat
739 3125 835 3171 paradisum
846 3130 885 3160 646.
893 3145 915 3151 -
