1988 3392
270 218 364 253 ennean
375 219 418 252 ete.
427 220 457 253 nt.
469 219 525 254 rou.
536 219 550 254 ι.
563 218 632 253 nanu.
644 218 727 252 mxxvi.
849 211 889 252 311

164 298 247 343 Conlut.
261 300 351 342 XXXlll.
382 297 440 353 Quod
450 299 559 356 ingenitum
573 299 656 351 dicitur,
679 299 699 340 in
712 300 805 341 confesso
818 305 850 341 est
861 299 892 341 sui

106 370 178 412 nullam
191 368 263 411 babere
275 382 380 420 caussam,
397 368 554 424 quandoquidem
568 383 627 411 nuum
636 368 729 423 idemque
739 375 770 409 est
781 367 890 423 ingenitum

105 446 126 480 et
136 438 270 491 adorandum,
293 437 322 479 sie
334 445 355 479 ut
366 437 488 479 adorandum
501 438 524 478 ab
536 437 665 480 adorantibus
678 444 804 479 secernatur.
835 436 892 479 Ado-

57 503 59 506 ’
105 508 168 549 reuda
179 520 238 563 porro
250 506 330 549 trinitas
342 513 385 559 est,
408 520 459 561 quae
472 506 540 556 eadem
553 513 574 548 et
587 507 705 558 uuitasest,
727 506 891 547 etnnonomine

104 575 249 633 comprehensa
266 575 344 617 trinitas
362 575 483 632 appellatur,
508 582 576 631 pater,
598 575 649 617 tilius
665 583 686 617 et
702 574 785 631 spiritus
799 582 889 616 sanctus.

105 642 163 699 Quae
180 644 258 700 quidem
271 644 322 700 quod
339 659 396 687 snum
410 651 441 686 est
455 659 495 686 non
507 652 600 700 tanquam
616 644 702 686 alienum
714 643 735 685 in
748 643 816 699 seipsa
828 643 892 684 conti-

105 721 150 765 net,
167 713 202 754 sed
217 720 352 769 congruenter
370 720 445 769 patrem
463 712 515 754 lilius
532 714 672 765 concreavit,
694 713 730 754 sed
744 711 821 767 genuit.
853 710 892 753 Hic

104 782 156 823 euim
173 781 198 823 ab
214 782 257 837 ipso
272 796 352 838 semper
368 781 459 837 genitore
476 782 572 838 procedit.
603 779 661 824 Unde
677 782 729 823 lilius
746 781 771 823 ab
788 780 891 822 existente

104 856 159 892 ortus
171 857 213 903 est;
229 858 251 892 ut
263 857 283 891 et
295 849 376 906 spiritns
387 857 481 902 sanctus,
498 849 531 905 qui
542 850 621 906 abipso
636 850 745 906 processit3
761 864 805 891 cum
816 849 837 890 in
850 863 891 891 una

103 926 124 960 et
138 919 227 960 increata
243 917 380 974 singularitate
397 917 477 959 trinitas
491 918 533 974 ipsa
550 918 658 970 consistat,
681 924 749 959 cetera
760 931 813 974 vero·
824 918 891 960 omnia

103 986 127 1028 ab
139 987 208 1029 eadem
220 986 254 1028 illa
264 986 353 1028 trinitate
364 1001 375 1028 e
386 985 447 1028 nihilo
459 994 565 1042 procreata
577 986 625 1027 siut.
655 984 690 1027 Ex
703 999 742 1040 quo
752 986 773 1027 ut
784 993 806 1027 ut
821 986 890 1042 singu-

103 1054 151 1097 laris
165 1054 200 1096 illa
216 1055 295 1097 trinitas
311 1069 362 1096 unus
376 1055 403 1096 sit
418 1054 479 1106 deus,
501 1061 557 1110 pater
575 1060 595 1095 et
606 1053 658 1095 lilius
675 1061 694 1094 et
705 1052 787 1108 spiritus
799 1061 889 1096 sauctus.

103 1120 161 1177 Quae
177 1137 217 1165 non
234 1124 289 1166 velut
306 1122 392 1165 alienum
409 1124 460 1178 qnod
476 1136 533 1164 sunm
547 1129 578 1164 est
594 1122 614 1163 in
627 1121 734 1178 semetipsa
751 1121 839 1173 obtinet,
859 1122 891 1163 iu-

102 1199 182 1243 ereata,
199 1192 299 1247 ingenita,
316 1205 355 1232 non
372 1191 479 1243 fabricata,
495 1189 587 1241 trinitas,
609 1190 702 1245 inquam,
719 1191 837 1241 neclecta,
853 1191 889 1231 sed

104 1259 192 1312 faciens,
214 1274 254 1301 uon
265 1266 370 1301 creaturae
381 1272 454 1300 nomen
466 1259 486 1301 in
498 1272 544 1300 sese
555 1258 702 1314 complectens,
724 1259 760 1300 sed
770 1271 889 1314 procreans,

101 1341 155 1379 uria,
172 1341 211 1369 non
222 1328 297 1383 plures.
328 1329 348 1368 Α
363 1341 402 1382 qua
419 1328 508 1383 prolecta
522 1326 656 1379 sumamma,
679 1339 730 1382 quac
743 1333 764 1368 ει
775 1326 890 1381 multiplicia

102 1402 161 1446 sunt,
184 1408 248 1449 neque
264 1409 308 1436 eum
322 1408 346 1435 ea
358 1403 496 1444 numerantur.
528 1392 597 1449 Quare
610 1408 675 1450 neque
687 1408 812 1435 communem
827 1409 890 1449 quan-

103 1463 147 1504 dam
159 1470 250 1505 naturam
263 1477 306 1504 cum
316 1462 467 1518 incomparabili
478 1462 566 1504 essentia
579 1462 698 1519 participare
715 1461 815 1504 dicuntur.
845 1461 890 1504 Ne-

102 1545 140 1586 que
151 1538 219 1572 ereata
229 1531 332 1587 quaepiam
343 1537 412 1572 natura
423 1531 443 1572 in
454 1531 520 1574 divina
531 1531 565 1572 illa
574 1530 756 1587 comprehenditur.
788 1528 830 1571 Sed
839 1530 889 1571 baec

103 1600 191 1642 omnium
206 1600 275 1655 opifex
285 1606 327 1651 est,
349 1613 455 1655 quaecum
469 1599 619 1657 incomparabili
633 1613 657 1641 ac
668 1598 765 1654 singulari
776 1598 850 1655 patris,
867 1600 889 1641 li-

101 1667 135 1720 lii,
155 1667 275 1725 spiritusque
291 1668 355 1710 saneti
369 1675 440 1710 unitura
450 1669 470 1710 in
483 1668 571 1710 eiusdem
590 1667 714 1710 substantiae
729 1668 889 1711 communionem

101 1737 172 1779 venire
189 1744 298 1793 nequeunt.
330 1736 502 1792 Quemadmodum
516 1737 535 1777 ei
550 1737 641 1793 quidem,
665 1737 696 1778 cui
708 1737 735 1778 sit
748 1737 840 1779 veritatis
854 1737 889 1778 ob-

101 1804 142 1847 lata
153 1805 252 1861 cognitio,
275 1806 378 1861 perspicue
393 1804 437 1861 ipsa
454 1805 549 1848 declarat.
579 1803 679 1847 Nimirum
690 1805 753 1847 solam
764 1805 828 1862 ipsam
841 1806 889 1847 ado-

101 1874 183 1916 randam
195 1887 252 1927 esse,
269 1889 309 1916 non
321 1881 433 1916 ceterarum
448 1888 514 1916 rerum
526 1870 636 1930 quiepian13
653 1888 697 1916 oum
710 1880 730 1916 et
739 1873 783 1932 ipsa
795 1874 839 1917 sola
850 1888 888 1916 suo

101 1942 121 1984 in
138 1943 219 1985 nomine
234 1943 334 2000 baptizet,
351 1950 464 1985 ceterorum
480 1944 581 1985 autemid
597 1943 671 1985 nullum
687 1943 754 1986 iaciat.

158 2012 214 2053 Aelii
225 2010 290 2068 Caput
300 2014 390 2053 XXXlV.
422 2010 445 2053 Si
462 2012 573 2054 substantia
588 2012 653 2054 omnis
670 2012 760 2068 ingenita
775 2019 818 2065 est,
841 2012 889 2053 nibil

102 2095 113 2123 a
126 2095 149 2122 se
160 2080 244 2122 invicem
261 2081 297 2122 liae
310 2088 404 2137 exparte
420 2080 524 2133 different,
546 2081 598 2136 quod
611 2089 682 2123 neutra
697 2080 828 2123 dominationi
841 2080 888 2123 sub-

102 2148 154 2191 iecta
173 2148 199 2191 sit
217 2149 306 2192 alterius.
344 2148 412 2205 Quare
427 2149 506 2204 quinam
522 2148 614 2191 affirmari
630 2157 708 2206 potest,
731 2150 803 2192 mutari
820 2163 887 2200 unam,

102 2218 184 2260 alteram
198 2226 287 2270 mutare,
309 2219 401 2260 eumden
416 2217 496 2260 minime
511 2219 637 2275 permittant,
660 2226 681 2260 ut
694 2233 721 2260 ex
731 2218 786 2261 nulla
798 2217 889 2260 subiecta

102 2286 214 2329 substantia
230 2287 364 2344 producatur?

160 2353 245 2404 Confut,
265 2358 355 2398 XXXlV.
392 2355 487 2412 Quisquis
507 2356 612 2397 veritatem
633 2356 755 2413 oppugnavit
773 2357 888 2412 aliquando,

103 2424 179 2467 voculis
196 2423 312 2479 quibusdam
326 2426 350 2466 ad
361 2424 487 2466 iniieiendam
505 2424 655 2466 admirationem
671 2425 772 2477 collectis,
795 2425 820 2466 ad
831 2439 889 2468 ever·
929 2474 932 2477 ¹

103 2494 162 2535 tenda
177 2507 236 2534 saera
252 2494 343 2548 dogmate
358 2494 509 2549 impressionem
526 2493 592 2534 faeere
604 2493 660 2535 visus
673 2501 715 2545 est,
736 2501 795 2550 atque
810 2494 888 2536 avitae

102 2562 182 2603 tramite
197 2561 308 2612 deducere,
332 2576 355 2604 ac
367 2562 474 2618 perniciem
488 2562 575 2603 adferre.
606 2560 665 2616 Quod
679 2562 751 2605 Aetius
762 2562 821 2604 modu
832 2563 888 2615 lacit,

103 2631 190 2686 quicum
203 2629 240 2671 boc
253 2630 350 2685 incapite
364 2631 411 2672 nihil
428 2630 509 2672 omnino
525 2631 588 2682 dieat,
611 2632 724 2674 rudioribus
740 2638 806 2673 tumen
822 2633 889 2674 fucum

104 2700 183 2748 lacere,
201 2713 225 2740 ac
235 2706 312 2740 terrere
323 2699 415 2750 videtur,
433 2700 502 2741 eadem
516 2700 540 2741 ad
552 2699 650 2741 fastidium
663 2714 727 2756 usque
737 2706 843 2757 repetens,
865 2715 889 2743 ac

103 2768 221 2810 vocabulum
234 2768 293 2820 illud,
310 2768 361 2823 quod
372 2766 480 2809 identidem
492 2782 648 2810 commemorare
661 2770 724 2821 solet,
741 2769 779 2811 hoc
789 2769 834 2811 loco
843 2784 889 2827 per-

103 2851 170 2893 peram
187 2850 293 2893 usurpans.
332 2834 395 2892 igitur
414 2849 463 2878 non‘
474 2837 585 2879 substantia
603 2838 668 2879 omnis
686 2838 797 2895 sapientum
815 2838 888 2880 iudicio

104 2912 198 2947 censetur
207 2905 307 2961 ingenitaq
330 2904 402 2960 alioqui
418 2906 472 2947 nullu
484 2920 528 2953 non>
536 2905 602 2948 divina
614 2912 743 2948 statueretur.
775 2904 826 2949 Cum
838 2920 888 2962 ergo

127 3018 143 3052 2.
156 3015 229 3061 deiende
240 3030 296 3061 supro,
508 3019 585 3063 λογοίτο,
602 3021 637 3056 eod.
652 3024 685 3055 ten.
700 3025 714 3055 et
725 3022 749 3055 ed,
762 3023 815 3063 princ.
831 3021 889 3064 becle-

127 3063 143 3098 3.
155 3065 182 3097 Sto
191 3065 241 3098 edidit
250 3069 304 3099 Petunt
322 3066 360 3099 cort.
372 3065 438 3107 Rtndip.
447 3065 485 3100 Steu-
508 3069 559 3117 γεῖτο.
