1988 3392
361 230 581 266 anaoarnauanosrs.
823 220 865 261 583

84 325 126 361 etus
138 312 243 369 uuicuique
254 312 363 370 permissus
375 319 418 366 est,
440 320 534 368 quantum
547 325 618 355 vocem
631 310 684 353 illins
695 311 764 353 audire
774 323 798 352 ao
808 316 867 365 prout

83 396 153 442 capere
165 388 250 438 poterat.
281 380 309 424 Ut
318 395 362 423 cum
373 395 409 437 per
420 379 492 423 isaiam
500 382 529 424 ita
537 380 636 438 loquitur:
655 382 707 420 Eece
717 382 810 433 recelligit
815 392 866 432 perer
872 380 969 445 {qq-{bate

83 468 133 497 rocus
147 449 234 492 dilectus.
267 448 324 505 Quae
343 449 404 507 patris
420 449 483 506 ipsius
496 450 558 492 verba
576 456 630 491 sunt.
662 445 697 490 sic
716 447 799 500 Daniel,
823 449 869 487 tata
911 437 937 454 '⁷

82 522 276 576 antiquandarum
293 520 344 575 qnod
354 518 419 561 visum
431 518 492 575 patris
503 519 601 575 proprium
613 518 658 559 tuis.
690 515 805 572 Quinetiam
815 518 866 573 apud

14 604 16 608 ’
83 593 141 636 alium
152 587 278 645 prophetam,
294 588 337 640 Ego
343 618 350 638 ,
366 586 442 643 inquit,
463 590 692 640 orsaoaesmattzplr'cooa',
714 594 735 627 cr
744 589 764 627 ia
776 588 906 627 marzatmose·
915 590 938 626 1²,
947 589 969 618 1⁰·

81 661 215 716 prophetorum
224 659 399 697 assaim'lutussam.
421 654 452 697 Ea
462 670 503 697 vox
514 663 545 698 est
557 655 590 697 titii
601 657 689 712 propria.
709 655 769 712 Apud
780 653 866 696 Ezechi-

84 730 133 770 elem
151 739 213 776 vero,
234 727 378 778 reassumpsit
393 739 432 773 rae,
454 723 528 779 inquit,
550 727 631 778 sparatus
647 728 688 774 dei,
709 733 729 765 et
740 727 970 793 er'ecr'tmeztzsszqqhqqplt·

83 809 179 850 compara,-
196 794 247 849 qnod
258 794 282 835 ad
294 793 383 848 spiritum
394 799 483 834 sanctum
493 793 586 849 pertinet.
617 791 721 834 Eiusmodi
730 793 768 835 alia
780 792 867 849 proferri

83 862 233 922 quamplurima
246 869 340 917 possunt3
357 875 368 901 e
380 860 450 916 quibus
461 875 524 916 pauca
535 860 631 917 quaedam
642 861 707 903 obiter
718 861 865 918 proposuimus.

82 933 148 988 Atque
165 938 187 972 ut
204 930 302 986 propriam
321 929 418 972 ecelesiae
437 930 520 971 formam
534 944 558 971 ac
570 936 628 970 notas
640 931 804 982 ostenderemus,
826 929 865 970 duo

83 1001 146 1043 triave
163 998 225 1040 verba
240 999 261 1039 in
273 998 357 1040 modium
371 997 472 1039 attulimus
488 1011 515 1039 ex
525 997 607 1039 infinitis
623 998 673 1039 loeis
686 1012 737 1053 qnae
747 998 826 1039 illorum
838 997 866 1038 si-

83 1069 134 1111 milia
152 1066 172 1108 in
189 1066 293 1123 scripturis
309 1080 333 1108 ao
345 1073 384 1107 tam
402 1073 471 1107 vetere
486 1080 543 1121 quam
561 1080 614 1107 novo
627 1073 747 1107 testamento
763 1066 865 1121 leguntur.

83 1136 131 1180 tttut
142 1150 191 1178 vero
203 1135 285 1192 insuper
296 1134 381 1176 ecclesia
389 1135 500 1190 profitetur,
517 1134 616 1176 dominum
628 1135 691 1190 ipsum
703 1149 775 1191 corpus
787 1134 866 1175 Adamo

83 1204 203 1256 fabricasse,
226 1212 246 1245 et
261 1206 365 1257 inspirasse
379 1205 412 1244 atla·
423 1206 511 1257 spiritam
526 1207 586 1252 ortae,
610 1217 654 1244 cum
670 1203 770 1246 viventem
786 1201 805 1244 ei
818 1216 864 1258 pro·
890 1210 952 1240 cena

84 1279 160 1316 crearet
174 1273 268 1315 animam.
300 1271 352 1314 Tum
364 1270 432 1328 Moysi
443 1272 507 1327 legem
520 1270 626 1314 tradidisse
637 1273 694 1314 deum
704 1272 768 1328 ipsum
780 1278 864 1328 patrem,

83 1343 142 1385 tilium
154 1348 174 1382 et
183 1342 272 1397 spiritum
284 1348 382 1392 sanctum,
399 1354 449 1396 quae
459 1348 490 1382 est
500 1355 538 1382 una
548 1340 650 1382 divinitas.
671 1339 749 1382 Deinde
759 1340 784 1382 ab
796 1340 865 1381 eadem

84 1409 185 1452 divinitate
202 1408 308 1465 propbetas
324 1422 369 1450 esse
382 1409 462 1450 missos.
494 1410 525 1450 Ad
536 1409 585 1451 baec
596 1416 686 1450 nostrum
698 1409 752 1450 illum
765 1409 822 1450 doum
833 1405 867 1448 lu-

84 1479 177 1521 daeorum
188 1491 212 1518 ao
221 1475 381 1519 Christianorum
391 1490 437 1518 esse
447 1491 580 1528 communem,
596 1476 629 1532 qni
640 1475 725 1519 Iudaeos
736 1478 759 1518 ad
769 1476 866 1519 iustitiam

83 1561 118 1589 eos
137 1546 228 1598 vocarit,
251 1546 284 1601 qni
299 1545 457 1587 incarnationem
473 1546 536 1601 ipsam
555 1545 628 1587 domini
646 1546 710 1587 nostri
727 1542 866 1587 leanbristi

44 1650 45 1654 ,
83 1628 204 1671 nequaqnam
218 1613 356 1669 abnegarent,
378 1613 451 1669 quique
465 1613 510 1656 ilios
528 1628 598 1656 omnes
613 1622 693 1665 servat,
717 1614 750 1670 qui
763 1628 790 1655 ex
806 1626 866 1654 verae

82 1683 143 1738 ipsius
154 1682 199 1724 fidei
209 1683 331 1738 praescripto
343 1681 402 1724 vitam
413 1682 526 1733 instituunt,
543 1697 606 1737 neque
617 1684 696 1734 sincere
707 1690 727 1724 et
736 1681 866 1737 evangelicae

82 1751 134 1793 itlius
146 1750 248 1792 doctrinae
264 1751 398 1806 praedicatum
416 1750 488 1806 ubique
504 1752 575 1805 dogma
590 1759 694 1807 respuunt.
726 1750 788 1792 Venit
803 1749 864 1801 euim,

83 1820 137 1862 venit
147 1818 275 1874 unigenitus,
297 1819 364 1874 itaque
381 1825 445 1859 mater
461 1819 547 1861 ecclesia
559 1820 669 1876 protitetnr.
700 1818 758 1875 Quae
769 1817 866 1873 tranquil-

83 1888 113 1931 lus
127 1888 182 1945 pacis
196 1894 265 1944 portus
278 1895 319 1938 est,
344 1893 364 1928 et
374 1887 463 1929 suavitas
474 1888 570 1943 quaedam
582 1887 628 1930 vitis
641 1903 720 1942 cyprum
730 1890 828 1935 redolens,
845 1894 917 1930 otnant
926 1898 968 1934 mc

84 1958 156 1998 botrum
173 1955 231 1998 nobis
248 1955 393 1998 benedictionis
408 1957 525 2011 proferens,
546 1971 584 1999 neo
597 1971 636 1998 non
649 1965 670 1998 et
682 1956 866 2013 praesentissimum

83 2026 129 2067 illud
142 2025 274 2081 abstergendo
292 2024 379 2066 moerori
393 2031 471 2079 potum,
493 2039 569 2067 morum
581 2024 659 2066 scilicet
669 2040 693 2066 ac
708 2040 777 2067 verum
790 2022 866 2066 Cbristi

84 2093 213 2149 sanguinem,
230 2093 317 2149 quotidie
333 2091 427 2147 largiens

139 2160 248 2203 Praeterea
261 2158 362 2204 Cbristum
373 2174 384 2200 e
394 2158 460 2202 Maria
472 2174 551 2216 semper
563 2160 641 2216 virgine
653 2175 725 2203 revera
738 2168 805 2202 natum
819 2174 865 2201 esse

84 2230 158 2278 credit,
175 2244 186 2271 e
196 2230 266 2285 spiritu
276 2237 345 2271 sancto
355 2243 395 2269 non
407 2242 433 2269 ex
448 2229 500 2271 viriti
512 2229 599 2280 somine,
616 2230 651 2270 sed
663 2244 689 2270 ex
700 2230 784 2284 ipsamet
796 2242 865 2269 sacro-

83 2305 151 2340 sancta
160 2298 246 2354 virgine,
262 2313 285 2339 ac
297 2298 363 2354 reipsa
374 2311 453 2353 eorpus,
470 2312 510 2338 non
521 2297 587 2353 speeie
600 2297 696 2339 duntaxat
707 2298 803 2348 induisse,
821 2311 866 2338 car·

84 2380 140 2418 nem,
156 2367 248 2422 inquam,
266 2379 376 2423 corpusque
387 2379 468 2417 verum,
486 2380 529 2407 oum
540 2366 618 2408 ossibus
631 2380 654 2407 ac
666 2367 733 2408 nervis
744 2366 865 2421 reliquisque

85 2449 134 2489 quae
146 2435 203 2476 nobis
213 2436 281 2477 insunt
296 2435 399 2485 omnibns,
422 2434 470 2474 nibii
486 2441 506 2474 nt
519 2434 599 2475 anobis
615 2434 664 2489 ipsis
679 2442 817 2490 praeterquam
829 2450 866 2476 ex·

84 2502 163 2544 cellenti
174 2503 256 2560 quadam
269 2502 380 2546 sanctitatis
393 2516 415 2544 ac
429 2501 537 2544 divinitatis
549 2501 612 2558 gioria
628 2503 738 2559 discrepet,
759 2510 805 2552 tum,
814 2504 866 2559 quod

85 2572 196 2614 sanctitatis
213 2587 236 2614 ac
252 2572 340 2614 iustitiae
356 2586 392 2612 vas
408 2571 441 2612 sit.
473 2570 539 2612 Habet
555 2577 619 2611 autem
638 2572 704 2613 omnia
721 2573 866 2628 perfectissime

84 2639 133 2682 citra
144 2648 253 2697 peccatum.
285 2638 353 2695 Quare
366 2640 450 2681 bumana
461 2653 533 2681 revera
546 2646 576 2681 est
588 2639 654 2681 anima
667 2641 780 2696 praeditus,
797 2641 865 2683 huma-

85 2721 148 2765 naque
159 2717 239 2763 mente,
259 2724 299 2751 non
311 2709 362 2765 quod
375 2716 461 2751 mentem
474 2707 589 2765 hypostasin
602 2722 648 2750 esse
661 2709 761 2763 dicamus,
781 2717 803 2752 ut
814 2710 866 2752 affir-

85 2846 131 2880 cota.
142 2857 180 2880 mss.
191 2851 260 2889 aterque.
508 2845 534 2879 31.
540 2843 578 2890 τήν,
588 2847 631 2887 qaod
639 2849 688 2890 urctqo
698 2850 742 2881 obest
751 2850 771 2881 ob
780 2848 832 2890 editis,
841 2858 866 2881 re-

107 2892 134 2927 at.
146 2889 159 2936 q*
172 2896 224 2927 omiss.
236 2896 254 2926 ta
264 2894 302 2927 ertit.
313 2894 369 2927 Petra.
484 2894 529 2926 stttut
539 2902 558 2925 es
568 2893 614 2924 codd.
626 2904 663 2926 mss.

108 2938 135 2973 28.
152 2941 216 2982 Repone
229 2937 260 2983 τὴν
278 2936 337 2983 κύπριν
355 2948 375 2971 ec
391 2939 463 2973 Poucrto
508 2937 536 2973 3¹2.
547 2935 607 2977 accde
622 2934 670 2975 ἄλλοι
685 2939 753 2985 λέγουσι
768 2938 813 2975 κατὰ
828 2942 866 2974 edit.

84 2992 122 3026 pop.
132 2985 181 3019 1096.
485 2987 551 3026 Petam,
566 2986 621 3018 invitis
636 2988 681 3020 tibris
696 2996 734 3019 mss.
761 2988 866 3021 stridentum
907 3019 912 3027 ,

108 3030 136 3065 29.
148 3033 198 3074 Vatpo
208 3027 339 3075 taorsdtq‘antc.
484 3034 523 3073 pato
540 3029 569 3065 aab
580 3028 602 3065 τὰ
616 3029 671 3067 πάντα
685 3034 710 3065 vet
726 3031 749 3067 τά
759 3031 815 3068 πάντα
828 3035 864 3069 κτλ.

108 3077 134 3112 50.
147 3073 157 3113 ὁ
169 3080 221 3112 omiss.
234 3080 251 3112 ta
262 3079 299 3112 adit.
311 3080 366 3114 Potor.
488 3077 512 3121 df.
522 3078 585 3112 Pauor.
596 3076 663 3123 (tapes.
672 3078 717 3125 Fiet.)
728 3089 766 3123 pop.
774 3079 824 3115 1097.
