1988 3392
246 240 338 275 rxnnnn
350 242 392 275 nra.
398 242 428 275 ιιι.
441 243 518 277 roni.
529 242 598 276 unna.
609 240 689 275 nxxvr.
817 227 858 271 235

77 322 210 365 consuluisse.
242 319 293 364 Cum
310 321 362 363 enim
378 322 497 364 necessariis
508 323 527 365 in
540 323 600 366 relius
611 336 635 364 ao
646 321 684 363 deo
694 318 860 363 convenientibus

26 431 27 436 ,
77 389 192 434 dissimilem
212 389 263 433 huno
282 397 301 432 et
317 390 441 447 inaequalem
460 391 479 431 ei
495 406 552 446 quem
569 389 638 448 gennit
655 389 777 442 constituas,
800 388 859 443 idque

77 473 150 515 magno
161 472 209 501 sane
223 472 305 510 errore,
327 459 362 500 sed
377 458 426 501 laisa
441 460 524 514 quadam
535 459 614 515 pietatis
625 458 693 515 specie
705 458 819 512 confingere
830 455 861 497 vi-

77 528 150 580 deare,
166 528 186 569 in
198 527 235 569 lroo
246 527 289 584 ipso
301 533 378 580 tamen,
395 527 446 583 quod
457 527 494 569 deo
505 528 662 584 indignissimum
673 534 717 579 est,
733 526 758 568 iis
770 539 821 582 quae
832 523 861 566 di-

77 596 179 639 vinitalem
197 596 240 637 eins
252 595 332 638 minime
345 597 416 638 deoent
428 595 511 638 similem
525 597 635 653 praedicas.
668 595 762 652 Inprimis
778 592 861 636 enimin

78 672 118 707 tam
128 666 179 706 altas
191 664 215 705 de
227 664 264 705 deo
274 664 407 720 cogitationes
418 679 464 706 sese
479 666 602 706 aommittere
616 664 735 722 impietatis,
755 663 787 706 vel
801 661 862 703 lurio-

78 746 114 775 sae
123 732 188 789 potius
200 733 272 774 mentis
282 733 315 775 ille
327 734 403 775 nunus
415 740 453 775 est.
475 732 527 775 Nam
539 748 582 775 eum
593 733 641 775 haee
651 740 745 790 usurpas,
758 731 862 787 suiipsius

78 817 124 845 esse
137 815 240 853 caussam,
262 808 296 843 aut
311 802 353 858 ipse
370 801 408 843 sibi
423 809 445 842 ut
460 809 514 844 esset
529 802 650 852 contulisse,
673 809 756 857 utraque
772 800 806 842 illa
817 813 862 856 pes-

78 871 128 913 sima
145 870 259 927 suspicione
271 870 395 926 temetipsum
409 870 522 921 conlixisti;
544 884 588 912 eum
600 870 619 911 id
632 870 656 911 de
669 870 706 911 deo
718 870 772 912 velut
782 868 863 926 palpan-

79 941 103 982 do
116 954 139 982 ae
151 939 244 981 tentando
256 938 370 994 perquisisti
390 939 552 993 quemadmodum
569 937 640 989 luerit,
662 946 773 979 utrumnam
784 951 864 992 semper

79 1008 181 1059 extiterit,
203 1020 226 1047 ae
237 1020 283 1047 num
295 1006 381 1063 sibiipsi
395 1012 418 1047 ιιι
427 1012 482 1047 esset
492 1006 595 1057 tribuerit,
619 1020 644 1047 an
656 1020 703 1047 oasu
714 1006 761 1047 illud
773 1005 863 1046 olatinue·

78 1077 113 1119 rit.
143 1075 241 1132 Equidem
252 1090 297 1123 'nou
313 1075 356 1117 sine
371 1081 425 1116 metu
440 1075 525 1130 quodam
540 1082 561 1116 et
570 1075 654 1116 horrore
665 1075 763 1131 meipsam
774 1081 827 1116 tuum
839 1073 863 1114 ad
883 1087 885 1091 ·

78 1145 126 1186 illud
144 1143 251 1200 pessimum
268 1150 406 1198 argumentum
423 1143 559 1184 accommodo.
590 1140 631 1183 Fae
649 1143 717 1198 itaque
732 1143 824 1192 modam,
848 1142 865 1183 si

79 1220 149 1269 potes,
171 1218 193 1254 nt
206 1217 227 1253 et
235 1210 274 1267 ipsi
285 1212 351 1253 faeere
363 1210 473 1267 possimus,
495 1211 566 1267 quihus
581 1211 674 1253 idoneum
687 1211 734 1253 illud
748 1225 772 1252 ae
783 1209 865 1264 religioss

79 1295 124 1323 sum
134 1280 224 1331 videtur,
246 1281 305 1320 deum
316 1293 395 1335 semper
405 1278 518 1334 intelligere
528 1294 551 1321 ao
562 1293 642 1335 semper
652 1280 705 1321 illum
717 1279 810 1322 extitisse
821 1292 865 1319 ore-

79 1349 135 1390 dere.
167 1347 190 1390 ln
209 1363 248 1404 quo
264 1348 342 1403 quidem
360 1346 432 1389 stolide
451 1348 528 1389 loeutus
550 1362 573 1389 ae
589 1347 731 1399 ratiocinatus,
753 1346 811 1403 qnasi
827 1347 865 1388 deo

80 1417 175 1460 honorem
192 1416 299 1458 maximnm
318 1415 414 1467 haberes,
436 1415 504 1457 dixisti
522 1430 558 1457 nee
571 1417 634 1471 ipsum
647 1416 684 1458 sihi
696 1424 717 1458 ut
729 1423 784 1458 esset
796 1422 865 1456 eontu-

80 1486 136 1528 lisse.
167 1483 257 1536 Verum,
273 1484 290 1525 si
303 1485 393 1539 quidem,
410 1491 432 1525 ιιι
443 1484 544 1535 instituis,
561 1485 703 1526 adietionihus
713 1492 733 1525 et
745 1484 866 1541 syllogismis

80 1554 153 1609 pendet
165 1553 208 1595 lidei
220 1552 287 1605 salus,
308 1552 391 1608 quaein
407 1551 480 1593 inlirnis
495 1551 652 1607 miserrimisque
668 1554 785 1609 eorporilnus
802 1552 867 1593 simile

81 1621 154 1678 aliquid
166 1622 209 1664 eins
221 1620 271 1676 quod
283 1634 354 1662 narras
369 1619 454 1662 inveniri
468 1627 545 1676 potest,
570 1635 606 1662 nee
617 1628 728 1663 creatarum
746 1622 824 1677 quidem
834 1634 866 1661 re·

81 1705 124 1733 rnm
136 1690 175 1733 ulla
188 1689 323 1745 suimetipsius
334 1702 406 1731 caussa
418 1696 459 1740 est,
476 1697 510 1731 aut
521 1704 532 1730 a
542 1689 608 1746 seipsa
623 1697 644 1731 ιιι
655 1698 710 1731 esset
720 1690 817 1739 oblinunt,
837 1688 867 1730 id·

82 1773 131 1814 que,
153 1759 170 1800 si
184 1773 195 1799 a
207 1757 277 1799 bestiis
291 1758 315 1797 ad
328 1757 431 1809 homines,
454 1764 474 1797 et
487 1757 511 1798 ab
522 1757 547 1798 iis
558 1760 581 1799 ad
597 1759 680 1813 angelos
693 1759 784 1814 progredi
797 1757 866 1799 volue-

81 1827 122 1881 ris,
145 1842 214 1871 verum
227 1840 273 1870 esse
283 1826 403 1884 comperies.
432 1824 490 1868 Nilril
502 1825 554 1868 enim
568 1841 636 1870 eorum
648 1841 698 1883 quae
709 1828 761 1870 lanta
772 1833 819 1870 sunt
829 1826 867 1869 sibi

82 1905 104 1940 ιιι
116 1898 215 1940 existeret
229 1896 342 1948 concessit,
365 1896 400 1937 sed
415 1895 440 1937 ab
455 1909 480 1937 eo
496 1896 540 1938 solo
557 1897 609 1952 qnod
628 1903 660 1938 est
675 1896 775 1939 existendi
790 1895 867 1938 initium

82 1966 166 2026 aoeepith.
197 1964 332 2022 Quamobrem
343 1978 392 2007 eave
405 1964 501 2006 eiusmodi
513 1965 635 2017 rationibus,
657 1966 727 2022 quihus
738 1972 807 2023 argute
820 1980 868 2007 oon-

83 2037 162 2079 oludere
181 2042 221 2077 tete
241 2043 310 2091 putas,
334 2034 358 2075 ad
373 2033 391 2075 id
405 2034 456 2089 qnod
473 2033 537 2076 mains
553 2049 577 2076 ao
589 2035 723 2091 praestantius
741 2044 773 2077 est
790 2042 869 2092 praeter

82 2113 172 2149 naturam
189 2111 209 2145 te
225 2118 248 2146 ao
265 2102 364 2145 violenter
380 2102 485 2145 extendas.
518 2102 561 2145 lloo
578 2103 662 2145 enimsi
679 2104 763 2157 leceris,
786 2104 867 2146 omnino

82 2174 158 2219 virilnrs
173 2173 262 2216 delectus
280 2172 370 2214 excides.
402 2169 565 2228 Quandoquidem
582 2173 653 2214 unicus
669 2173 700 2215 dei
715 2173 766 2215 lilius
778 2172 868 2229 aequalis

83 2251 126 2296 est,
142 2258 166 2285 ae
176 2242 247 2285 similis
259 2241 296 2283 deo
308 2241 370 2298 patri,
392 2240 438 2282 lieet
450 2241 488 2282 lroe
499 2241 599 2297 diguitatis
612 2242 695 2295 habeat,
718 2249 739 2284 ιιι
748 2243 773 2284 ab
785 2257 810 2284 eo
821 2257 867 2298 pro·

83 2313 153 2355 duatus
171 2307 197 2354 sit
210 2325 233 2352 aa
246 2310 333 2366 genitus.
364 2308 421 2352 Nihil
433 2310 487 2352 enim
502 2310 527 2352 ob
539 2311 576 2353 lroo
590 2310 654 2367 ipsum
667 2311 691 2353 ab
702 2311 821 2367 aequalitate
834 2325 868 2367 pa-

84 2381 120 2423 tris
130 2379 256 2431 abhorrebit,
274 2379 301 2420 uti
312 2393 349 2420 nee
360 2393 371 2421 a
382 2378 518 2421 similitudine.
549 2379 602 2422 Nam
614 2379 662 2421 nihil
674 2394 743 2422 eorum
755 2381 869 2436 quaefacta

83 2456 129 2492 sunt
139 2449 176 2492 sibi
187 2455 208 2489 ιιι
220 2454 275 2491 esset
287 2448 381 2498 eontulit,
399 2448 560 2503 quemadmodum
575 2448 759 2505 praestantissimus
770 2449 816 2500 ille,
839 2456 869 2490 at-

63 2508 65 2511 *
83 2532 121 2575 que
132 2518 185 2560 omni
196 2530 224 2559 ex
235 2523 290 2573 parte
302 2510 415 2574 perlectus,
431 2516 455 2558 ala
468 2517 521 2559 nullo
532 2516 608 2559 initium
621 2516 667 2559 olim
680 2517 758 2570 habuit,
781 2519 869 2574 eoquod

83 2602 184 2644 nunqnam
200 2600 245 2627 esse
261 2586 358 2642 eoeperit.
389 2583 474 2642 Semper
489 2586 541 2628 enim
558 2585 637 2637 extitit,
660 2586 768 2643 existitque
780 2601 867 2644 semper,

84 2657 163 2699 tametsi
176 2656 195 2698 in
207 2654 310 2697 identitate
323 2661 414 2706 maneat,
436 2668 500 2710 neque
512 2655 550 2697 siti
562 2662 584 2696 ιιι
594 2662 650 2697 esset
664 2655 764 2698 tribuerit.
796 2654 818 2697 ln
830 2670 869 2712 quo

84 2740 124 2768 non
134 2725 239 2780 ambiguae
250 2737 312 2765 voees
323 2723 449 2779 quaerendae
460 2731 519 2776 sunt,
536 2725 570 2766 sed
582 2722 661 2771 sincera
672 2738 695 2765 ao
704 2724 772 2781 pietati
785 2739 869 2767 eonsen-

86 2801 146 2836 tanea
162 2792 273 2836 adhibenda
287 2791 430 2834 oonsideratio.

141 2861 169 2905 ll.
187 2860 303 2915 Praeterea,
320 2875 363 2904 oum
374 2860 403 2903 sio
414 2861 456 2917 ipse
466 2861 568 2918 disputes,
585 2859 644 2916 Quod
655 2862 672 2905 si
685 2862 722 2919 ipsi
734 2863 772 2906 sibi
780 2870 802 2906 ut
813 2871 868 2906 esset

107 2953 123 2988 8.
145 2956 188 2988 Verte
204 2953 241 2986 Nee
260 2953 331 2987 eontulit
348 2952 414 2998 quidem
429 2952 467 2996 ipse
514 2954 540 2987 10.
553 2955 614 2996 Scripsi
622 2954 652 3000 τῷ·
657 2965 688 2996 pro
697 2955 733 2997 τοῦ,
745 2957 787 2997 qnod
797 2957 815 2989 a'n
825 2956 870 2989 libris

84 2999 117 3033 sibi
128 3005 148 3031 ιιι
159 3006 210 3039 esset,
222 3011 242 3032 ex
254 3006 283 3033 tua
295 2999 390 3039 sententia,
406 2998 420 3031 si
432 3002 466 3032 cett.
489 3003 512 3033 est
522 3002 599 3033 omnibns.

107 3044 124 3079 9.
135 3040 183 3084 ἔντος
193 3047 239 3078 codd.
249 3057 286 3081 mss.
296 3050 312 3080 et
322 3047 359 3080 edit.
368 3047 420 3087 paine
438 3040 465 3081 dn·
513 3045 538 3078 lt.
550 3048 569 3079 ln
579 3047 622 3078 trans
639 3048 685 3081 editis
700 3047 773 3082 mendose
785 3050 870 3082 caerulum

85 3102 120 3133 τως
131 3093 168 3126 edit.
181 3093 235 3125 Perua.
488 3095 510 3125 est
521 3092 546 3139 τῷ
559 3088 606 3126 εἶναι
