1988 3392
153 232 197 275 384
440 240 649 275 ελωουιεειειιινιι

154 321 176 361 ἒν
188 317 254 377 φάτνη
267 321 367 372 κείμενος,
387 317 412 361 ού
424 319 508 373 λέληθεν
524 317 612 375 άχχέλων
627 317 694 376 χορόν.
726 320 857 372 Πυρεμβολιιὶ
869 319 891 362 δέ
903 320 936 362 ἐπὶ

154 392 179 445 τῇ
190 391 227 428 τοῦ
236 388 332 440 βασιλέως
347 390 383 429 τοῦ
395 387 469 436 αἰῶνος
485 385 556 446 εἷςόδρι
569 390 692 443 δορυφορεῑν
703 382 855 439 ἀπεστέλλοντο,
876 385 937 441 ύμνοι

156 455 266 498 4έπινίκιοι
283 457 395 507 ἐτελοῦντο,
417 453 485 511 εἰρηνη
500 457 522 498 ἒν
533 461 575 505 τοῖς
589 455 681 510 ποιμέσιν
697 454 820 511 ἒκηρύττειο.
846 453 907 498 Ἀλλά
919 458 938 498 τί

156 521 263 583 ἠμαύρωσε
274 523 310 580 την
323 520 386 567 αύτοῦ
403 522 500 581 δύναμιν;
524 522 570 568 Ἔτι
584 522 621 583 γάρ
637 522 695 576 όντος
710 523 773 569 αὐτοῦ
784 525 885 582 βρέφους,
904 525 938 569 καὶ

156 596 314 651 βασταζομένου,
339 591 421 653 άστέρος
436 595 473 652 μὲν
488 598 561 654 γίνεται
577 601 649 651 σημεῖα
664 594 705 639 άπό
722 595 836 648 άνατολολν,
858 595 939 653 Μάχων

157 668 267 723 παρουσία,
287 667 422 723 προςκύνησίς
432 681 453 708 τε
463 666 499 709 καλ
509 668 651 724 Ιλδορυριορια,
672 666 804 723 γραμματέων
813 663 893 721 ζητησις
903 667 939 720 βα-

157 740 216 788 σιλεῖ,
231 733 301 791 ἡπερλ
313 732 375 777 αύτού
386 733 492 791 άπόκρισις
501 736 536 777 καὶ
550 733 654 791 ὁμολογία,
675 733 700 777 τά
709 735 731 777 δέ
743 732 792 777 άλλα
804 733 881 787 πάντα,
901 733 939 777 &aa

157 801 401 859 περιέχειὴολκολουθίοι,
422 806 441 845 τι’
453 804 551 857 ἐνέσκηψε
565 806 591 862 τῇ
604 803 668 845 αὐτοῦ
682 801 774 857 θεότητι;
794 808 855 846 ποῖον
869 801 940 846 ἐπικά-

156 872 296 926 λυμμαέσχεν,
311 868 339 921 ὥς
354 867 444 925 ἒνημῖν,
469 868 569 926 ἡσαριιός
582 869 667 925 κατοχάς
695 869 788 929 Ἐπιτιμηῖ
798 871 834 925 μὲν
844 868 939 922 κλύδωνι,

157 939 192 981 καὶ
203 944 246 988 τοῖς
257 939 349 993 άνέμοις,
364 940 398 981 καὶ
410 942 435 996 τῇ
444 938 548 997 θαλάσση,
567 939 602 981 καὶ
614 938 653 981 ούκ
664 939 753 993 έπέχετοιι
763 936 804 981 άπό
817 943 854 993 της
865 935 940 992 σαρκός

157 1004 172 1060 ἡ
183 1010 219 1061 της
230 1004 294 1050 αύτοῦ
304 1006 401 1061 θεότητος
410 1005 506 1061 δύναμις,
528 1008 642 1050 ε’πιτελούσα
652 1005 675 1055 τό
685 1006 736 1049 κατά
748 1005 810 1060 φύσιν
820 1011 857 1061 τῆς
867 1004 938 1060 θεότη-

158 1092 197 1126 τος.
225 1073 282 1119 Ἀλλά
294 1076 328 1119 καὶ
340 1073 402 1133 όγκου
418 1075 452 1119 καὶ
463 1074 539 1134 βάρους
550 1080 586 1132 τῆς
596 1074 672 1134 σαρκός
681 1072 822 1135 ύιταρχούσης,
843 1074 868 1120 ού
882 1074 940 1134 βάρει

158 1146 265 1202 συνέχεται.
296 1149 408 1204 Περιπατεῖ
415 1144 453 1204 γάρ
465 1143 493 1198 ὥς
505 1147 538 1190 ἐπὶ
550 1153 592 1199 τοῖς
604 1145 686 1201 ύδασιν,
702 1144 730 1199 τός
741 1145 837 1205 άτρεπτος
847 1144 904 1201 θεός,
919 1147 941 1191 έν

159 1217 218 1274 σαρκὶ
229 1217 265 1271 μέν
274 1213 379 1273 ύπάρχων,
395 1215 433 1259 οὐκ
445 1215 487 1260 άπό
501 1215 575 1273 σαρκός
587 1217 608 1260 δέ
618 1216 770 1273 άλλοιούμενος,
785 1218 820 1260 καὶ
832 1222 888 1260 καλεῖ
897 1233 939 1270 φω-

158 1290 190 1346 νῇ,
205 1284 286 1343 Λάζαρε
296 1287 355 1343 δεύρο
366 1286 410 1339 ἔξω,
425 1284 465 1329 οὐκ
475 1284 580 1329 άντίθετον
591 1287 641 1342 έχων
650 1284 687 1341 τήν
698 1285 774 1344 σάρκα,
790 1283 838 1330 ούδέ
848 1291 884 1341 τῆς
893 1283 940 1329 θεά-

159 1372 216 1409 τητος
232 1356 253 1398 ἐν
268 1356 327 1411 σαρκὶ
341 1359 366 1413 τῇ
380 1357 443 1413 τελελρι
458 1354 610 1412 ένανθρωπησει
625 1356 780 1410 δεδουλωμένης.

68 1785 114 1830 Κεφ,
126 1782 146 1821 χ,
221 1768 261 1813 Καὶ
273 1767 336 1814 πολλά
351 1787 385 1826 μοι
398 1770 439 1813 έστι
452 1772 503 1813 1τού
514 1769 583 1827 λέγειν·
606 1765 654 1814 άλλά
664 1770 699 1813 καὶ
712 1770 734 1814 ἔκ
745 1773 821 1827 νεκρῶν
832 1767 941 1822 αἰνλστοιτιιι,

161 1840 195 1883 καλ
207 1837 333 1895 άναμοχλεύει
343 1838 367 1882 τά
379 1836 428 1882 καθ’
443 1836 506 1899 ᾅδου,
526 1840 561 1882 καὶ
573 1838 623 1882 έλολν
639 1837 734 1896 άνὴνεχκε
749 1837 786 1894 τὴν
801 1840 942 1894 αἰχμαλωσίαν,

160 1910 195 1952 καὶ
206 1907 293 1959 άναστάς
303 1907 326 1952 τό
336 1907 443 1965 τριημερον
454 1910 474 1952 έν
485 1906 536 1967 αὕτη
549 1912 590 1967 2τῇ
602 1905 650 1966 ολχίρι
660 1908 726 1964 σαρκὶ,
741 1908 776 1951 καὶ
785 1913 842 1967 ψυχῇ
853 1912 878 1967 τῇ
889 1905 943 1965 ολχίρι,

69 1979 196 2033 »κρητικοὶ
208 1982 250 2036 νῷ,
270 1978 305 2019 καὶ
317 1978 377 2020 παντὶ
386 1981 414 2035 τῷ
426 1976 501 2029 σκεύει,
523 1977 557 2019 καλ
570 1978 627 2035 έντῇ
640 1975 721 2031 θεότητι
735 1974 850 2031 ἡνωμένος,
871 1977 944 2025 τέλειος

125 2086 141 2119 χ
160 2046 241 2103 γέγονεν
252 2042 373 2102 άνθρωπος,
393 2044 507 2095 συνενῶσας
518 2042 555 2099 την
567 2042 723 2101 ένανθροόπησιν
735 2045 809 2088 ἑαυτοῦ
818 2049 842 2103 τῇ
854 2044 943 2099 θεότητι,

160 2113 253 2156 θανάτου
268 2114 332 2156 αὐτοῦ
348 2113 417 2167 μηκέτι
429 2111 563 2168 κυριεύοντος.
596 2117 626 2170 Τῇ
641 2113 663 2154 δέ
674 2111 756 2166 θεότητι
768 2110 942 2166 συνηνωμένοςτδ

162 2180 273 2237 παχυμερὲς
282 2180 399 2235 λεπτομερές
408 2181 502 2231 έτελείου,
518 2177 652 2235 εἰςερχόμενος
663 2184 735 2236 θυρῶν
743 2179 892 2233 κεκλεισμένων,
907 2179 943 2221 καὶ

161 2246 210 2303 μετά
221 2246 257 2303 την
268 2249 347 2298 εἷ’ςοδον
366 2245 445 2297 δεικνύς
456 2245 521 2303 σάρκα
533 2247 567 2290 καὶ
580 2246 650 2299 ὀστέα,
671 2249 705 2291 λ’να
716 2245 739 2290 τό
750 2245 849 2304 σωτήριον
863 2250 899 2301 τῆς
909 2248 943 2288 δυ-

161 2314 240 2372 νάμεως
249 2313 359 2377 ύποφάνη,
374 2317 409 2360 ἰ’να
419 2313 456 2372 την
468 2312 543 2371 3ἡμῶν
553 2316 623 2360 έλπλδα
634 2312 739 2377 ύιιοδελξη,
755 2314 786 2360 ότι
794 2313 819 2361 τά
829 2312 896 2361 πάντα
906 2316 944 2360 ἒιε·
960 2334 962 2338 ·

162 2390 242 2432 λείωσεν
255 2384 321 2432 ἒλθοδν
331 2385 343 2431 δ
352 2384 422 2446 λόχος,
443 2387 478 2432 καὶ
492 2387 513 2431 ἒν
527 2385 580 2448 αύτῷ
591 2391 620 2448 τῷ
633 2384 709 2443 στόματι
720 2385 847 2445 ἀναληφθεὶς
859 2385 945 2440 ἐνδόξως

164 2457 257 2502 ἐκάθισεν
271 2460 293 2503 ε’ν
309 2461 364 2518 δεξιᾷ
376 2463 412 2502 τοῦ
423 2458 511 2516 πατρός,
532 2458 572 2502 οὐκ
582 2456 623 2501 άπό
634 2462 670 2502 τοῦ
684 2456 746 2516 όγκου
759 2447 884 2514 πιεζόμενος,
905 2457 944 2502 ούκ

164 2526 220 2578 ἐκτός
229 2533 266 2572 τοῦ
282 2526 373 2583 σώματος
386 2525 493 2586 ύπάρχων,
514 2526 537 2570 τό
549 2527 571 2570 δέ
583 2532 640 2582 σῶμα
656 2526 791 2582 πνευματικόν
805 2529 887 2585 ἐγείρας.
916 2528 946 2569 Εἰ

164 2594 187 2639 ιδ
200 2594 295 2654 ἡμέτερον
311 2599 409 2655 σπείρεται
420 2598 441 2640 έν
453 2598 537 2654 φθορᾷ,
557 2596 650 2654 ἐγείρεται
666 2597 687 2640 έν
697 2596 809 2656 ἀφθαρσίᾳ.
838 2598 946 2654 Σπελρεται

165 2669 222 2720 σῶμα
233 2664 330 2720 ψυχικόν,
346 2667 440 2722 ἐγείρεται
450 2669 508 2719 σῶμα
518 2663 653 2719 πνευματικόν
657 2699 663 2719 ,
678 2664 736 2724 πόσῳ
747 2681 768 2722 χε
778 2669 852 2720 μάλλον
861 2669 897 2708 τοῦ
910 2681 944 2720 μο-

164 2739 260 2790 νογενοῦς
271 2736 318 2776 υἱοῦ
329 2738 365 2776 τοῦ
375 2738 438 2785 θεοῦς
458 2731 490 2775 διό
501 2731 637 2788 πεπλήρωται,
660 2733 691 2776 Ού
703 2733 774 2783 διέσεις
784 2732 819 2776 τόν
835 2731 892 2776 ὅσιόν
907 2747 945 2775 σου

165 2803 214 2843 ἰδεῖν
225 2799 351 2857 διαφθοράν,
373 2800 421 2843 ούδέ
433 2799 497 2849 ἐάσεις
509 2798 545 2853 την
559 2799 626 2855 ψυχήν
638 2818 678 2853 μου
688 2802 716 2849 εἰς
727 2800 785 2858 ᾅδην.
812 2799 872 2842 Ἀλλά
882 2798 945 2842 ταῦτά
979 2796 981 2799 ’

164 2886 198 2923 μοι
212 2867 279 2910 πάντα
295 2869 341 2923 περὶ
357 2873 392 2922 τῆς
405 2871 479 2916 τελείας
492 2868 556 2909 οιύτοῦ
572 2866 744 2923 ένανθρωπησεως
757 2869 845 2923 εἴρηται,
866 2868 901 2910 λ’να
917 2864 944 2922 μή

187 2958 204 2995 4.
216 2959 292 2995 ἐπινίκια
305 2961 405 2993 desideratur
413 2963 430 2993 ιἰι
440 2961 477 2994 edit.
487 2961 542 2993 Ρειον.
565 2972 605 3005 γειι.

165 3008 218 3041 colon.
230 3010 278 3050 repet.
586 3006 602 3041 2.
614 3007 636 3053 τῇ
650 3005 701 3054 σαρκὶ
712 3005 735 3054 τῇ
747 3002 789 3054 οἷχλρ
800 3007 835 3042 σού.
845 3008 913 3051 λλλιδίς.

188 3052 314 3100 ἔκδωροφορία
329 3056 417 3097 suspicatus
428 3057 451 3090 est
462 3055 542 3090 Ριιυνίοε.
587 3054 603 3090 3.
620 3053 671 3101 ἡμῶν
687 3055 732 3090 codd.
748 3065 784 3089 mss.
801 3058 869 3098 uterque,
897 3051 949 3100 ὑμῶν,

189 3102 229 3137 ῦκο.
240 3102 301 3136 XXX.
313 3121 335 3128 —
359 3104 374 3137 1.
387 3103 462 3146 Suspicor
473 3114 505 3138 που
517 3102 543 3137 λε’-
566 3104 607 3136 edili.
