1988 3392
245 235 338 270 PANARll
349 235 428 270 le.lll.
440 237 525 271 Totum
536 237 605 271 HAER.
613 236 689 269 LXXX.
814 228 857 269 465

73 317 186 365 Secundum
198 331 247 372 quos
258 315 390 371 Euphemitac
401 317 465 359 coorti
475 324 529 370 sunt,
545 317 578 374 qni
589 325 610 359 et
619 314 738 358 lllassaliani
751 323 857 369 vocamur,

72 402 122 445 quos
134 385 228 427 credibile
239 392 271 427 est
281 385 360 441 priores
370 383 415 426 illos
426 385 499 426 imitari
510 386 618 427 studuisse.
650 383 726 426 Verum
737 384 769 426 isti
779 386 857 441 quidem

73 472 84 500 e
94 453 303 512 gentilibusprolecti,
316 466 380 508 ireque
392 451 510 495 ludaeorum
519 461 603 507 sectam,
620 466 685 509 neque
696 450 858 495 Christianorum

72 522 159 581 amplexi
171 529 231 574 suut,
248 535 285 563 uec
295 522 349 562 iuter
362 519 501 563 Samaritanus
514 531 635 575 censentur,
651 523 688 565 sed
698 522 784 579 gentiles
795 522 859 563 omui·

71 608 99 636 no
115 598 174 643 suut,
196 597 216 632 et
233 596 277 632 cuni
294 603 339 632 esse
355 590 403 632 deos
416 597 520 642 asserant,
542 591 615 633 nullum
629 598 694 634 tamen
707 593 803 642 adorant,
823 591 859 632 scd

72 675 132 705 unum
145 660 242 701 duntaxat
252 665 374 700 venerantur
385 673 443 714 quem
454 656 617 715 omnipotentem
627 658 733 717 appellant.
765 658 806 714 Qui
818 659 860 714 qui·

74 730 117 772 dem
136 735 203 769 certas
219 727 256 769 sibi
275 728 344 769 domos
362 727 493 780 fabricantes,
517 735 538 769 et
553 728 655 781 laxiores,
680 730 770 770 sororum
785 728 858 779 instar,

74 810 132 840 areas
143 794 270 837 Proseuchas
280 796 325 838 illas
335 795 471 838 nominarunt.
501 795 603 838 Habuisse
614 797 691 853 quidem
705 796 791 839 ludaeos
802 803 861 838 entra

74 866 143 909 urbem
156 872 176 906 et
190 863 329 908 samaritanos
340 872 395 907 certa
408 866 503 921 quaedam
515 867 540 907 ad
550 867 670 923 precandum
682 867 727 909 loca
738 882 787 922 quus
797 865 860 908 Pros-

74 935 147 977 eucbas
162 935 265 986 dicerent,
288 948 314 976 ex
333 934 468 990 apostolorum
486 934 564 976 actibus
580 935 653 990 liquet,
675 935 708 976 ubi
719 950 819 992 purpurae
831 937 861 978 iu-

74 1004 142 1047 stitrix
154 1001 219 1060 Lydia
231 1001 295 1045 Paulo
307 1002 420 1045 occurrisse
431 1002 511 1045 dicitur.
543 1002 574 1045 De
586 1017 625 1059 quo
635 1002 663 1045 ita
674 1004 772 1060 scriptura
783 1013 860 1058 narrat,

75 1073 190 1121 Videbatur,
207 1071 282 1127 inquit,
299 1074 352 1112 locus
363 1074 457 1112 orationes
468 1086 516 1112 esse.
547 1070 575 1112 El
587 1079 716 1114 accesserunt
727 1073 819 1128 apostoli,
836 1088 860 1115 ac
869 1083 903 1112 au.
911 1082 935 1117 11,
943 1082 966 1112 11.

75 1141 170 1184 mulieres
184 1154 220 1197 per
236 1139 284 1182 illud
302 1148 379 1197 tempus
392 1141 537 1183 convenientes
552 1140 671 1184 docueruut.
702 1139 750 1183 Fuit
762 1149 782 1182 et
793 1142 817 1184 ad
829 1140 863 1185 Si·

75 1210 139 1262 cima,
161 1222 211 1266 quae
227 1209 286 1251 hodie
298 1207 396 1266 Neapolis
413 1209 497 1263 dicitur,
518 1210 607 1252 secundo
619 1209 643 1251 ab
657 1209 706 1252 urbe
721 1210 786 1266 lapide
800 1208 862 1252 Pros-

76 1278 152 1332 eucba,
168 1278 212 1321 sive
223 1275 351 1331 Oratorium,
369 1277 441 1321 theatri
454 1277 518 1320 instar
529 1279 549 1320 in
563 1278 643 1335 planitie
656 1279 724 1332 situm,
741 1279 786 1321 siue
798 1286 861 1332 tecto,

75 1362 98 1390 ac
110 1347 162 1390 nudo
174 1347 230 1389 coelo
241 1346 364 1401 subiectum,
380 1347 401 1388 iu
413 1361 452 1404 quo
465 1347 580 1389 labricando
590 1345 724 1400 Samaritani,
742 1349 795 1391 utin
808 1357 863 1391 cete·

76 1417 104 1460 ris
119 1416 222 1469 omnibus,
238 1414 324 1458 ludaeos
339 1415 411 1458 imitati
425 1423 480 1459 suut.

136 1553 200 1612 lgitur
210 1552 329 1597 Massaliaui
342 1553 465 1610 antiquiores
477 1568 488 1597 e
498 1554 606 1610 gentilibus
620 1555 715 1608 excitati,
739 1556 771 1612 qui
786 1556 865 1598 11111111-
882 1559 923 1605 cap.
935 1561 956 1594 tt.

78 1639 115 1667 uos
135 1624 185 1667 istos
207 1638 219 1666 a
236 1624 307 1680 quibus
325 1620 462 1665 Christianum
481 1638 555 1665 nomeu
575 1632 681 1680 usurpatur
703 1632 864 1678 antecesserunt,

78 1693 178 1736 nonnullis
188 1692 209 1734 in
219 1692 336 1749 regionibus
348 1691 459 1734 carinarum
472 1692 536 1734 instar
547 1693 650 1748 fastigatas
660 1692 760 1736 aediculas
773 1702 865 1736 constru-

77 1770 166 1815 xerunt,
188 1777 237 1818 quas
250 1760 388 1814 Proseucbas,
410 1759 574 1815 siveOratorin,
595 1770 717 1819 nuncupant.
748 1762 865 1805 Alibivero

78 1839 117 1874 tani
128 1830 149 1873 in
161 1831 263 1873 occidente
275 1845 333 1887 quam
350 1830 428 1872 oriente
443 1831 511 1873 eadem
529 1831 562 1873 illa
578 1831 621 1873 loca
634 1831 658 1872 ud
671 1831 768 1874 ecclcsiae
781 1834 864 1874 formam

79 1899 223 1954 condiderunt,
246 1899 278 1941 ubi
293 1900 369 1955 ingenti
382 1900 509 1941 lucernarum
521 1914 544 1941 ae
556 1900 628 1942 facium
646 1914 731 1942 accensa
749 1901 806 1957 copia
817 1916 866 1943 cou-

79 1977 152 2012 ventus
171 1968 252 2011 babent,
289 1967 341 2010 Tum
361 1975 428 2010 certos
445 1968 541 2025 hymnos,
563 1984 612 2024 quos
628 1969 682 2011 illius
698 1969 765 2025 gregis
781 1969 865 2012 studiosi

80 2039 158 2095 quidam
171 2038 295 2095 scripserunt
305 2051 328 2079 ac
340 2037 371 2079 dei
384 2037 452 2079 laudes
465 2037 584 2091 couciuunt3
606 2038 676 2094 quibus
689 2053 761 2094 magno
772 2053 822 2081 saue
834 2054 867 2081 er-

79 2122 126 2150 rore
145 2108 204 2150 deum
219 2121 240 2149 se
258 2106 337 2163 placare
353 2120 376 2148 ao
392 2106 500 2148 conciliare
518 2107 555 2148 sibi
571 2113 649 2163 putant.
684 2105 762 2150 Verum
776 2107 864 2160 inscitia,

81 2192 131 2233 quac
143 2182 249 2219 occaecata
262 2189 341 2232 semper
356 2182 398 2229 est,
419 2176 468 2217 baec
480 2176 546 2218 omnia
557 2175 636 2218 miseris
653 2175 693 2218 illis
703 2190 752 2232 prae
764 2176 825 2218 animi
837 2178 846 2218 l
857 2200 866 2208 -

81 2253 113 2289 stu
130 2253 151 2288 et
163 2244 271 2288 insolentia
289 2245 355 2286 lacere
374 2244 487 2301 persuadet.
517 2244 550 2286 Ac
566 2245 618 2286 forte
634 2253 681 2287 aute
695 2245 773 2302 aliquod
788 2252 866 2302 tempus

80 2328 142 2357 uuum
153 2329 181 2357 ex
191 2314 230 2356 illis
242 2313 338 2356 aediliciis
352 2314 376 2355 de
392 2314 449 2356 coelo
461 2315 534 2356 tactum
551 2321 594 2366 est,
616 2313 695 2357 ubinam
706 2328 756 2357 vero
768 2314 865 2371 gentium,

81 2384 155 2440 liquido
167 2383 254 2426 nondum
267 2390 357 2436 constat3
379 2390 438 2439 atque
449 2383 500 2425 haud
514 2383 556 2425 scio
569 2397 594 2424 au
605 2384 626 2425 iu
637 2381 747 2426 Phoenicia
759 2384 868 2440 contigisse

81 2452 133 2495 istud
150 2451 254 2495 audierim.
291 2450 406 2508 Quinetiam
425 2451 514 2494 uouuulli
530 2452 658 2507 magistratus
675 2453 779 2508 religionis
795 2453 868 2494 ardore

82 2521 190 2578 flagrantes
210 2520 364 2577 quamplurimos
384 2535 411 2563 ex
431 2521 470 2564 illis
490 2521 617 2574 occideruut;
645 2536 670 2564 eo
689 2521 741 2578 quod
761 2521 869 2564 veritatem

82 2590 211 2634 adulterando
223 2597 386 2647 corrumperent,
409 2596 428 2632 et
439 2591 536 2633 ecclesiae
550 2604 625 2632 morem
641 2598 771 2648 praepostera
784 2592 868 2647 quadam

82 2659 193 2702 imitatione
210 2659 306 2701 auderent
320 2658 446 2715 exprimere,
470 2674 514 2702 curn
531 2673 596 2715 neque
614 2656 724 2703 Christiani
740 2659 820 2702 iuterim
837 2674 869 2702 es-

83 2737 140 2782 seut,
162 2741 227 2784 neque
238 2726 356 2770 ludaeorum
369 2735 443 2770 sectam
456 2729 605 2785 profiterentur.
636 2727 772 2786 Lupiciauus,
789 2729 867 2785 opinor,

84 2797 125 2841 dux
136 2812 187 2841 uuus
200 2811 227 2840 ex
238 2796 268 2839 bis
279 2796 326 2845 luit,
343 2796 376 2853 qui
388 2797 409 2839 in
421 2796 551 2855 Euphemitas
560 2797 672 2841 istiusmodi
683 2798 769 2854 gentiles
780 2798 868 2840 animad-

85 2910 110 2953 d:
120 2932 144 2940 -
155 2910 246 2958 alioquinin
259 2916 336 2954 tunquam
353 2914 410 2954 sparto
421 2915 466 2947 1111·-
488 2912 547 2947 laudes
562 2911 612 2945 deum
627 2912 726 2957 placantes,
743 2912 808 2957 seipsos
820 2911 870 2945 deci-

84 2962 110 2994 nts
122 2961 191 2994 iactauit
215 2960 303 2993 comorius
317 2960 363 2992 vertit
377 2964 395 2991 et
405 2958 434 2992 diu
446 2970 467 2992 ac
488 2959 543 3005 piant.
574 2960 646 2992 cetarum
660 2960 697 2993 edit.
716 2961 789 2992 cornuria·
804 2962 871 3000 utroque

85 3004 196 3050 perlongum
210 3011 277 3050 tempus
291 3003 373 3037 lectiones
386 3003 467 3049 quasdam
489 3007 523 3039 1111
532 3005 593 3038 exbibet
601 3003 730 3049 καταλεγμάτια
737 3007 752 3036 et
762 3005 871 3048 καταλεγμα-

85 3049 244 3095 perdoctossuos,
263 3056 281 3083 et
291 3049 349 3083 laudes
358 3050 439 3095 quasdam
448 3050 466 3083 iu
489 3050 540 3094 riou,
558 3060 589 3083 non
605 3046 747 3095 καταληγμσῖτια,
766 3054 784 3083 ut
799 3051 872 3092 affirmat

85 3096 136 3130 deum
145 3097 240 3137 facientes,
256 3096 303 3130 velut
314 3108 345 3140 per
355 3096 438 3130 lectiones
447 3108 468 3130 ac
490 3099 565 3131 Petuutus
575 3097 593 3128 in
603 3097 664 3130 ednott.

122 3151 183 3190 Corpus
192 3151 284 3181 Haerescol.
292 3152 313 3180 11,
322 3152 337 3180 3.
704 3157 732 3198 30
