1988 3392
32 313 79 361 Κεφ.
89 312 123 354 λα’.

50 1979 86 2009 aaa·
94 1972 125 2001 ⁸8⁰1

137 225 177 270 130
426 232 638 269 ειαοτιαειειτιαιι

191 313 273 371 Ἐπειδῆ
285 316 307 360 δέ
317 320 357 360 τῶν
367 317 387 361 έν
396 321 439 366 ταῖς
453 319 541 372 γραφαῖς
553 314 651 370 κειμένων
665 314 738 367 λέξεων
748 312 785 357 τδν
795 317 845 357 νοῦν
857 329 921 372 παρα-

135 386 241 442 τρέποντές
255 403 317 439 τινες,
340 382 756 442 καίέτέρωςῆπροςῆκενέρμηνεύοντες,
776 383 810 425 καὶ
823 382 872 438 μήτε
882 388 922 428 τοῖν

135 452 231 511 ρἠμάτιον
241 452 278 509 τῆν
288 455 384 508 δύναμιν,
407 452 456 507 μήτε
466 457 507 495 τῶν
518 452 642 510 πραγμάτων
652 452 688 508 τῆν
699 451 760 506 φύσιν
770 456 922 506 κατανοοῦντες,

134 527 234 577 τολμῶσιν
246 523 326 565 ἀθετεῖν
336 520 373 575 τῆν
387 519 475 575 θεύτητα
489 526 525 564 τοῦ
543 523 601 573 υἱοῦ,
625 521 783 577 προςκύπτοντες
792 524 818 579 τῆ
826 521 874 571 λέξει
888 525 923 575 τῆς

135 593 218 641 κτίσεως
229 596 253 650 τῆ
265 590 390 649 έμφερομένη
402 594 446 639 ταῖς
457 592 590 645 Παροιμίαις,
611 588 689 644 Κύριος
699 587 737 645 γάρ
749 589 812 632 έκτισέ
826 605 850 643 με
860 585 924 643 ἀρχῆν

136 656 191 701 ὁδῶν
205 657 268 702 αύτοῦ
280 660 308 708 εἰς
321 658 369 713 ἔργα
386 654 461 710 αὐτοῦ,
482 655 519 706 οῦς
533 657 579 700 δέον
594 661 623 715 τῷ
637 655 734 711 πνεύματι
749 662 778 715 τῷ
791 660 924 707 ζωοποιοῦντι

135 726 265 776 ἀκολουθεῖν,
281 727 316 768 καὶ
326 724 354 779 μῆ
364 729 391 783 τῷ
402 723 503 781 γράμματι
512 729 540 782 τῷ
551 721 690 767 ἀποκτείναντι
700 722 731 774 (τὸ
740 723 779 781 γάρ
788 729 866 779 πνεῦμα
876 727 924 775 ζωο-

136 797 210 851 ποιεῖ),
231 794 279 850 φέρε
290 792 315 848 δῆ
327 795 456 849 τολμήσωμεν
467 794 502 837 καί
516 791 575 848 ῆμεῖς
589 790 650 849 μικρά
665 791 801 849 περὶτούτων
816 794 924 847 διαλαβεῖν,

138 863 192 919 1οὐχ
203 862 234 907 ὅτι
245 863 326 915 ἐντελῶς
341 864 418 921 είρηται
428 868 471 915 τοῖς
483 860 523 920 πρδ
534 860 593 918 ῆμοῖν
606 861 707 920 εἰρηκόσιν
717 860 739 918 (ῆ
748 862 786 921 γάρ
797 860 822 906 ἀν
833 860 924 919 μαίνοιτό

135 952 175 988 τις,
197 935 216 977 εἰ
228 937 288 978 τοῦτο
303 935 375 992 λέγοι),
397 931 445 978 οῦδὲ
459 933 490 978 ὅτι
504 932 582 994 χρῄζετε
597 932 729 984 διδάσκοντος
741 932 807 986 (αὐτοὶ
817 932 856 991 γάρ
867 930 925 988 ύμεῖς

136 1006 265 1049 θεοδίδακτοί
277 1006 339 1057 ε’στε),
360 1002 400 1047 ἀλλ’
413 1005 447 1047 ἵνα
457 1008 610 1062 φανερωθῶμεν
622 1005 644 1048 έν
655 1010 699 1055 ταῖς
710 1002 845 1059 συνειδήσεσιν
859 1000 923 1058 ἡμῶν,

135 1072 167 1119 ὅτι
178 1078 220 1118 τῶν
230 1072 387 1130 ἐπιθυμούντων
397 1074 456 1129 έσμέν
465 1076 586 1131 χαρίσματος
594 1071 643 1130 ύμῖν
652 1075 772 1129 μεταδοῦναι
782 1077 924 1129 πνευματικοῦ.

195 1213 307 1254 Πίστευσον
321 1207 359 1253 οῦν
370 1209 402 1253 ὅτι
417 1209 465 1253 οάτε
479 1210 564 1265 ἀλλαχοῦ
575 1215 611 1265 τῆς
624 1216 714 1267 γραφῆς,
735 1209 781 1254 ούτε
793 1211 827 1253 έπί
838 1214 875 1252 τοῦ
887 1226 925 1252 πα-

136 1279 207 1336 ρόντος
218 1281 292 1334 χωρίου
305 1280 384 1321 ἐναντία
396 1275 420 1320 τά
432 1277 512 1333 ρίῆματα
526 1283 562 1333 τῆς
572 1282 652 1334 γραφῆς
663 1277 754 1332 ἀλληλοις
765 1279 817 1330 έστί,
837 1275 877 1320 ullo
888 1276 925 1332 μά-

135 1353 208 1401 χεσθαι
219 1349 271 1405 δοκῇ
281 1344 336 1402 παρά
351 1352 393 1395 τοῖς
404 1350 428 1404 τῆ
440 1348 504 1388 πίστει
517 1344 545 1400 μῆ
557 1343 693 1402 ύγιαίνουσιν,
714 1345 759 1400 ἢτοι
774 1346 885 1388 ἀσθενοῦσι
900 1349 925 1404 τῆ

135 1413 217 1474 γνύμη·
239 1414 275 1458 καὶ
290 1412 318 1464 τίς
334 1411 394 1457 οῦδὲν
405 1418 446 1457 τοῖν
462 1411 514 1457 κατά
527 1412 562 1457 τάν
578 1413 655 1469 κόσμον
671 1412 838 1471 παραδειγμάτων
849 1410 894 1457 οἷόν
904 1414 925 1456 τέ

136 1485 190 1527 ἐστιν
200 1481 310 1540 εύρεθῆναι
321 1481 370 1539 ὅπερ
383 1484 461 1538 ἐξαρκεῖ
469 1480 518 1525 καθ’
528 1480 588 1525 ἓαυτδ
599 1488 671 1536 σαφεῖς
682 1487 808 1539 παραστῆσαι
820 1487 857 1526 τοῦ
866 1499 925 1537 μονο-

136 1557 209 1611 γενοῦς
220 1551 257 1609 τῆν
267 1551 334 1607 φύσιν.
365 1552 407 1595 Καὶ
418 1550 452 1595 διδ
460 1556 519 1596 τοῦτο
532 1549 545 1608 ῆ
554 1551 623 1610 γραφῆ
633 1558 715 1604 πολλαῖς
726 1553 823 1604 ἐπινοίαις
833 1551 926 1608 περὶτοῦ

137 1627 257 1682 μονογενοῦς
273 1624 308 1666 καὶ
325 1623 450 1678 ἐπωνυμίαις
463 1621 566 1679 κέχρηται,
589 1624 608 1666 εί
623 1640 667 1674 πως
685 1625 821 1678 δυνηθείημεν
836 1620 870 1666 διά
885 1626 926 1665 τῶν

137 1690 186 1737 καθ’
199 1690 252 1749 ῆμᾶς
262 1691 284 1736 τδ
295 1691 346 1750 ύπὲρ
356 1690 409 1748 ύμῦς
420 1694 550 1747 καταλαβεῖν,
571 1693 606 1735 καί
616 1691 651 1736 διαί
661 1697 702 1736 τῶν
710 1693 863 1750 γινωσκομένων
875 1709 925 1746 φαν·

137 1767 237 1818 τασθῆναι
252 1760 277 1805 τά
290 1761 426 1819 ἀγνοούμενα,
447 1761 513 1819 ἠρέμα
526 1762 560 1805 καί
576 1760 628 1805 κατά
642 1761 715 1820 μικρδν
727 1760 769 1806 ἀπδ
780 1766 821 1805 τοῖν
832 1765 926 1818 φανερῶν

137 1831 189 1889 πρδς
204 1830 229 1874 τά
245 1832 371 1888 κεκρυμμένα
389 1829 563 1887 προβιβαζύμενοι.
592 1829 649 1874 Ἐπεὶ
666 1834 734 1875 τοίνυν
757 1830 872 1875 2πιστεύειν
886 1831 927 1874 έδει

136 1899 186 1949 τοῦς
201 1898 333 1949 πιστεύοντας
347 1901 375 1948 εἰς
389 1897 477 1954 Χριστδν
489 1896 517 1948 τίς
529 1897 598 1953 ὅμοιός
616 1901 669 1942 έστιν
683 1898 750 1950 δυῖδς
760 1904 789 1958 τῷ
798 1900 870 1956 πατρὶ,
891 1898 926 1942 ἀτε

138 1965 233 2021 δῆεῖκοίν
250 1964 346 2022 ύπάρχων
356 1972 392 2009 τοῦ
408 1967 442 2009 ε’πί
453 1965 546 2018 πάντων,
568 1964 627 2009 δδιά
638 1966 730 2018 πάντων,
751 1966 777 2010 δι’
789 1962 850 2010 οῦτά
860 1967 926 2009 πάντα

138 2033 314 2091 δεδημιούργηται,
329 2033 354 2075 τά
365 2050 386 2076 τε
396 2035 418 2076 έν
428 2039 470 2083 τοῖς
482 2032 576 2089 οὐρανοῖς
587 2035 621 2076 καὶ
634 2032 659 2076 τά
670 2036 704 2077 ἐπί
716 2039 763 2090 γῆς,
779 2034 839 2077 εἰκιδν
853 2035 875 2077 δὲ
888 2034 926 2089 ούχ

138 2100 167 2152 οἷς
178 2099 259 2157 ἀψνχον
270 2101 376 2156 ἐμψύχου,
397 2099 440 2144 οῦδ
453 2099 481 2152 τίς
491 2101 578 2158 ἐνέργεια
594 2102 673 2157 τέχνης,
692 2099 740 2145 ὀὐδ’
757 2100 785 2153 τίς
801 2101 926 2157 ἀποτέλεσμα

138 2172 245 2227 ἐνεργείας,
261 2168 310 2213 ἀλλά
321 2171 408 2227 γέννημα
416 2173 453 2212 τοῦ
463 2167 607 2225 γεννῆσαντος,
621 2171 656 2213 καί
666 2169 698 2213 δτι
708 2169 734 2213 ού
748 2172 808 2225 θέμις
819 2171 860 2214 ἐστὶ
873 2175 926 2226 3τῆς

138 2243 253 2295 σωματικῆς
267 2238 400 2297 ἀνθρωπίνης
415 2236 524 2295 γεννῆσεως
539 2235 576 2292 τῆν
590 2243 627 2282 τοῦ
643 2244 765 2298 μονογενοῦς
783 2240 876 2297 γέννησιν
890 2238 926 2296 τῆν

139 2306 179 2367 πρδ
195 2313 236 2353 τῶν
253 2308 333 2353 αίοίνων
347 2311 534 2366 χαρακτηρίζεσθαι,
554 2309 589 2353 καὶ
604 2307 632 2362 νίς
646 2309 697 2354 κατά
714 2308 736 2354 τδ
751 2309 878 2370 παράδειγμα
891 2315 927 2367 τῆς

139 2382 213 2434 σοφίας
223 2385 259 2435 τῆς
268 2384 394 2437 περιεκτικῖγς
408 2384 447 2422 τῶν
459 2377 594 2435 ἀνθρωπίνων
606 2379 755 2436 ἐνθυμημάτων
765 2385 802 2425 τοῦ
811 2379 887 2438 πατρίς
900 2379 926 2425 οῦ

140 2447 180 2504 μῆν
190 2447 329 2501 ἀνυπόστατός
340 2466 360 2491 τε
372 2449 406 2493 καί
417 2447 554 2506 ἀνύπαρκτος,
575 2450 678 2506 ἑκατέραις
690 2455 733 2501 ταῖς
743 2451 816 2502 λέξεσιν
830 2450 926 2506 έχρῆσατο

139 2516 246 2575 ῆγραφῆ,
266 2523 302 2573 τῆς
318 2534 339 2561 τε
356 2521 438 2568 κτίσεως
452 2519 487 2562 καὶ
502 2522 527 2580 τῆ
538 2522 573 2572 τῆς
588 2518 708 2575 γεννῆσεως,
729 2524 754 2579 τῆ
767 2536 788 2563 τε
798 2524 835 2563 τοῦ
845 2517 926 2563 Ἔκτισε

139 2588 175 2630 καὶ
186 2591 223 2629 τοῦ
231 2584 356 2642 Ἐγέννησεν,
377 2585 413 2641 ούχ
428 2589 462 2630 ίνα
477 2585 502 2628 τά
516 2588 595 2629 ε’ναντία
611 2590 664 2647 δοκῇ
673 2588 708 2631 καί
719 2587 770 2631 κατά
785 2586 807 2631 ul
819 2586 868 2632 αύιδ
880 2590 925 2646 περὶ

140 2660 181 2698 τῶν
195 2654 263 2697 αὐτῶν
273 2655 376 2711 λέγεσθαι,
396 2653 438 2697 ἀλλ’
449 2657 483 2697 ίνα
494 2652 527 2696 διά
539 2654 575 2708 μὲν
588 2660 625 2698 τοῦ
633 2653 713 2699 Ἕκτισε
726 2655 748 2700 ιδ
760 2655 896 2700 ένυπόστατόν
905 2673 926 2700 τε

139 2724 175 2766 καὶ
190 2721 288 2777 μόνιμον,
310 2720 343 2765 διά
359 2723 381 2765 δέ
392 2728 428 2765 τοῦ
440 2721 543 2779 Ἐγέννησε
557 2720 580 2765 τύ
595 2724 693 2779 ἐξαίρετον
706 2729 742 2767 τοῦ
758 2728 880 2780 μονογενοῦς
891 2725 926 2767 καί

141 2788 217 2841 ἰδιάζον
233 2793 327 2846 παριστᾷ.
353 2788 417 2845 Ἐγνί,
438 2792 500 2844 φησὶ,
521 2791 546 2831 ἒκ
560 2795 597 2832 τοῦ
614 2790 690 2847 πατρίς
706 2793 804 2845 ἐξῆλθον,
825 2793 861 2834 καί
875 2790 925 2846 ῆκω.

165 2871 203 2903 cu».
216 2871 319 2903 XXXL-
344 2870 358 2903 l.
376 2866 523 2914 Soubonaumou’x
545 2869 584 2902 dum
594 2870 645 2915 igitur
655 2871 746 2915 oportebat
756 2870 869 2903 credentesin
878 2871 926 2904 ebri-

141 2911 167 2951 ὅτι
182 2911 213 2950 οὐκ
228 2915 309 2958 ἐντελῶς,
327 2916 351 2947 vel
365 2911 396 2961 αἰχ
408 2910 435 2950 ὅτι
449 2912 521 2954 ἀτελῶς.
543 2921 588 2948 stum
598 2916 667 2951 credere
676 2916 722 2962 quod
730 2916 788 2949 similis
797 2923 823 2950 est
830 2916 873 2950 filius
881 2917 925 2962 patri

163 2962 179 2994 ¹2.
193 2964 288 2995 Vocabulum
302 2958 397 3004 πιστεύειν,
414 2962 521 3002 quudubsar·
543 2964 576 2994 cell.

138 3010 184 3048 μευιιι
194 3012 234 3048 ενοι,
245 3009 329 3049 revocavi,
340 3016 386 3040 seusu
394 3008 489 3049 postulante,
500 3016 520 3039 ιιι
565 3006 581 3042 3.
598 3009 703 3043 Sarlbemlum
717 3005 738 3043 ἐκ
753 3008 786 3052 τῆς
802 3010 827 3042 νεῖ
842 3005 871 3046 διὰ
888 3008 926 3055 τῆς.

140 3055 203 3094 syllaba
212 3056 242 3089 ,τῖε
251 3056 324 3088 vocabuli
334 3051 371 3088 ἐπεὶ
381 3057 395 3087 el
404 3055 477 3087 vocabuli
486 3052 520 3088 τοί·
541 3053 613 3098 „Parum
624 3055 712 3100 expeditus
726 3053 754 3088 hic
768 3054 828 3089 locus¹‘
842 3057 899 3099 Ιιρῖλαε
908 3057 926 3090 iu

141 3112 175 3135 νυν,
197 3102 232 3134 lam
248 3103 336 3135 Carnarius
349 3103 394 3134 uerlll
410 3099 520 3146 Quandoqui·
544 3104 710 3146 ποιμιιϋλΡαον.
730 3103 811 3137 θαιίῖῖνιιε
820 3104 849 3139 τοῦ
860 3100 926 3149 πατρὸς
