1988 3392
256 214 443 250 eannauurauu.
455 212 706 249 ron.r.unua.uxxrrr.
848 204 877 246 69

87 300 109 336 ut
119 291 216 334 eiusmodi
232 293 343 336 habeantur
358 294 412 336 Iicel.
444 293 480 337 Sin
494 294 514 335 iu
526 293 563 335 Iaac
574 293 617 350 ipse
628 291 876 348 exclusatioac'acdispu-

87 360 163 405 tatione
176 361 279 405 titulatum
290 362 314 404 alt
325 362 364 404 illis
375 361 464 405 raormiIril
475 370 514 416 est,
528 377 551 405 ao
562 377 631 420 parum
643 368 698 403 recte
710 360 803 419 positum,
818 375 876 403 snom

87 431 138 488 apud
154 432 243 474 eruditos
259 433 324 474 Iocum
341 433 470 488 ordinemque
488 440 576 476 terreant.
607 430 714 473 Postrema
727 432 807 472 cunrade
819 429 877 472 Mar-

87 500 138 544 cello
149 497 273 559 superidrem
289 515 367 544 otonem
386 502 520 545 narrationem
533 501 612 545 alicnde
625 499 782 554 instituerimus,
802 501 827 544 ab
839 500 877 544 lmc

88 571 112 615 ad
128 570 177 616 alias
193 572 289 615 haereses
302 572 439 616 transibimus.
848 580 851 586 ’

160 709 414 789 ἈυνΕΒευε
449 733 789 799 sanuserauoS,

220 835 277 882 quae
295 823 330 868 est
347 819 449 869 Iraeresis
466 818 546 879 LIII.,
564 818 613 868 sire
629 816 742 867 LXXIII.

143 917 275 977 Posteaquam
289 919 398 977 opitulante
410 921 448 963 deo
460 920 518 972 Arii,
541 933 649 976 eorumque
660 919 692 976 qui
706 919 758 961 Ario
769 934 875 963 srrccesse·
895 925 938 971 Gap.
948 925 962 959 1.

86 995 144 1041 runt,
166 989 254 1032 infelicia
272 989 364 1045 dogmata
380 990 516 1047 perrupimus‚
543 989 673 1045 inprimisque
693 986 783 1041 Plautini,
804 990 876 1031 sedet

85 1056 178 1101 Marcelli
194 1059 260 1115 priora
276 1059 309 1100 illa
323 1058 465 1112 discussimus,
487 1058 507 1100 iu
526 1057 597 1114 quilius
613 1057 702 1099 norruiltil
721 1056 806 1100 titubare
819 1058 876 1100 visus

86 1134 129 1179 est,
150 1142 240 1183 quaeque
251 1127 307 1169 initio
318 1127 400 1184 perinde
412 1135 472 1183 atque
483 1126 580 1169 ebrietate
593 1133 697 1183 correptus
709 1127 797 1170 evormrit
808 1131 875 1184 (atque

85 1197 160 1239 utinam
171 1195 225 1238 illins
236 1203 355 1247 sectatores,
372 1197 468 1253 siquidem
480 1195 521 1237 lieri
534 1202 608 1252 potest,
625 1195 774 1248 emendemur),
790 1198 814 1238 ad
827 1197 876 1239 haec
916 1234 918 1237 .

86 1279 130 1306 cnm
144 1272 215 1306 exorta
225 1264 250 1306 ab
262 1265 346 1321 ipsomet
359 1266 409 1307 Ario
420 1264 499 1306 zIzania
511 1264 585 1317 verbo,
601 1266 653 1318 qnod
663 1271 693 1304 est
702 1267 755 1304 amai
761 1268 830 1317 gladio
840 1280 876 1306 aa·
884 1269 933 1299 near.
938 1271 952 1307 l,
957 1270 979 1300 12

85 1335 143 1386 cr'pdi
158 1334 308 1386 penetrabilius,
330 1333 477 1383 excideramus,
498 1333 664 1374 considerandum
684 1333 743 1373 modo
765 1333 822 1375 rutubis
844 1340 876 1375 est

86 1401 262 1457 quemadmodum,
284 1401 391 1457 pullulante
409 1401 459 1442 mala
476 1401 509 1442 illo
522 1401 566 1442 Arii
579 1401 716 1451 truncatione,
738 1414 802 1455 genus
813 1402 876 1457 qnod·

86 1469 129 1509 dam
142 1469 247 1510 erarcrserit
256 1476 323 1509 sectae
334 1482 392 1523 quam
404 1467 575 1511 Senaiarianorum
588 1475 669 1510 vocant.
687 1466 726 1522 Qui
738 1468 816 1523 quidem
828 1470 876 1511 Iicet

84 1534 137 1577 illius
149 1549 222 1577 rtorneu
231 1536 316 1587 citarent,
334 1538 418 1577 eundem
431 1536 494 1592 ipsum
508 1542 586 1587 tamen,
603 1550 626 1576 ac
637 1535 754 1577 sceleratam
767 1536 820 1578 illius
832 1536 875 1593 opi·

85 1602 165 1644 nianem
182 1603 278 1655 iuduunt,
299 1610 319 1645 et
329 1604 424 1645 ementire
440 1604 524 1659 quadam
540 1604 607 1659 speeie
621 1618 644 1644 ac
661 1604 717 1648 larva
735 1604 805 1645 taciem
818 1619 875 1647 suam

85 1671 186 1713 obducunt
198 1686 222 1714 ae
232 1671 365 1714 dissimulant.
383 1670 499 1715 Cuiusmodi
513 1671 630 1714 histrionum
643 1672 663 1713 in
677 1672 760 1714 theatris
770 1687 816 1715 esse
826 1688 875 1715 cota·

85 1741 151 1783 suerit
163 1741 227 1793 aetio,
245 1741 277 1798 qni
288 1741 325 1783 suIt
337 1742 408 1784 alienis
421 1742 508 1783 vulliltus
521 1741 662 1784 delitescentes
675 1756 699 1782 ac
710 1743 811 1799 personati
823 1757 875 1799 quae

84 1811 104 1854 in
122 1810 231 1854 carracediis
248 1811 361 1868 turpissima
378 1819 399 1854 et
415 1811 519 1854 etutuans
536 1811 593 1869 plena
610 1812 738 1869 curatiuentur
751 1813 873 1866 edisserunt,

84 1882 129 1925 sire
141 1890 231 1925 veterum
244 1887 346 1939 potitarmn
360 1883 436 1926 labnlas
447 1889 504 1936 gestu
520 1883 564 1939 ipso
579 1890 599 1925 et
612 1883 771 1925 eonlormatioue
783 1883 875 1940 corporis

85 1950 206 2008 exprimam.
228 1950 263 1994 Sic
272 1959 293 1993 et
304 1951 336 1994 isti
347 1950 501 2008 simplicioribus
513 1952 596 1994 illudere
608 1953 718 2009 eripientes,
730 1967 774 1993 cum
787 1960 807 1994 et
818 1953 874 1995 rultu

84 2021 128 2077 ipso
140 2027 161 2061 et
173 2020 261 2063 rrroribns
273 2027 292 2062 et
306 2020 366 2077 impio
379 2022 471 2076 dogmate
483 2020 508 2062 alt
522 2020 573 2062 Ario
586 2022 708 2077 Arimrisqne
720 2036 760 2063 non
772 2022 872 2074 differant,

85 2089 212 2132 nihilomiuus
227 2090 311 2145 quodam
327 2089 446 2131 adulationis
462 2089 545 2131 artifieio
558 2090 712 2145 perditissimam
725 2090 813 2133 nmmum
826 2106 874 2132 con-

85 2157 173 2200 fessione
189 2158 266 2200 illorum
281 2158 391 2200 doctrinam
408 2160 475 2200 lucare
489 2173 513 2199 ac
527 2157 653 2199 dissimulare
665 2158 781 2214 cupientes,
793 2160 829 2201 ita
842 2160 874 2202 dei

85 2227 145 2269 tilium
158 2234 270 2268 creaturam
283 2234 314 2267 est
327 2226 417 2269 dictitant
428 2234 458 2277 ul,
474 2241 514 2283 quo
527 2226 603 2269 lucilius
617 2227 729 2283 decipiant,
745 2241 769 2268 ac
780 2228 874 2270 videlicet

86 2296 117 2337 dei
130 2295 170 2337 lilio
182 2296 331 2351 gratificentur,
351 2295 368 2336 st
380 2310 429 2351 quos
444 2296 530 2337 viderint
542 2295 568 2336 ab
579 2296 675 2337 eirrsrnodi
688 2310 793 2340 serrnonrs
805 2305 875 2339 extrar-

85 2362 137 2414 bari,
149 2364 352 2405 circumforaneornm
364 2378 419 2405 more
431 2364 497 2405 statim
508 2364 626 2405 blandiendo
637 2364 753 2415 subiiciant,
769 2364 817 2407 Non
830 2380 874 2422 per-

84 2431 131 2473 inde
145 2439 257 2474 creaturam
273 2431 327 2474 illum
346 2432 429 2475 Iacirnus
449 2439 599 2475 accelerarem
617 2432 701 2489 aliquam
716 2448 780 2489 neque
800 2436 874 2476 loetum

85 2507 198 2542 ceterarum
208 2501 273 2542 instar
284 2501 372 2543 foetuum
385 2515 431 2543 esse
443 2501 536 2543 dicimus.
567 2499 607 2543 Iam
618 2503 792 2544 Cansndstanta'ulr's
802 2518 873 2545 r'acem

85 2576 178 2625 lataquam
191 2584 202 2611 a
212 2570 276 2612 sacris
286 2569 350 2611 literis
360 2570 444 2612 alienam
456 2570 534 2626 penitus
544 2570 659 2626 explodunt.
689 2568 729 2613 Sed
741 2572 765 2613 de
775 2573 814 2625 Iris,
829 2587 873 2614 cum

86 2638 183 2680 adversus
197 2638 268 2680 Arium
279 2652 393 2692 ageremus,
417 2637 568 2681 accuratissime
584 2639 735 2695 disputarinms.
767 2638 872 2692 Ceteram,

86 2713 108 2747 nt
119 2706 171 2748 aliud
182 2707 235 2748 illius
245 2706 311 2747 simile
323 2720 395 2748 rroruen
407 2707 515 2757 obiiciant,
532 2705 619 2749 Basilius
630 2708 718 2764 inprimis
726 2723 750 2750 ac
763 2707 872 2764 Georgius,

87 2772 258 2816 semiarianorum
271 2773 330 2815 istius
342 2782 409 2815 sectae
422 2775 533 2831 principes,
550 2772 636 2828 Filium,
652 2776 756 2831 inquiunt,
773 2792 812 2819 raon
826 2773 875 2830 ὅμο-

87 2839 167 2890 odoror,
189 2842 227 2883 lroc
239 2850 283 2894 est,
303 2843 495 2892 consubstantialem,
517 2839 696 2895 scellentonam,
717 2845 755 2886 lroc
772 2853 803 2887 cst
814 2848 876 2886 simili

86 2932 134 2966 tione
147 2932 169 2966 ad
185 2944 214 2966 eon
229 2932 257 2978 qni
275 2944 306 2977 per
317 2943 412 2967 sermonem
424 2934 468 2967 hunc
514 2934 531 2968 5.
541 2931 606 2969 rodam
618 2937 651 2968 aad,
666 2937 731 2977 natam.

87 2977 161 3021 corrupti
172 2986 212 3011 sum
222 2978 370 3023 praestigiatorum
381 2991 428 3012 more
440 2979 468 3012 di-
514 2978 531 3012 6.
543 2979 573 3013 καὶ
583 2981 617 3024 τῆς
630 2983 687 3014 vilium
698 2986 720 3014 esd
731 2983 755 3014 td.
771 2984 827 3016 Pelav.
842 2985 872 3017 Co·

87 3031 138 3062 cunt,
151 3029 186 3058 cett,
491 3027 522 3058 loa.
534 3030 583 3066 repet.

110 3067 127 3105 I.
138 3069 169 3107 aad
180 3080 210 3105 am.
223 3072 257 3106 cad.
269 3072 335 3114 Rnedtq.
