1988 3392
165 214 207 257 306
452 222 535 256 ειαοει
546 222 661 257 mmmm

166 299 217 344 κατά
226 301 345 357 σοφιστικῆν
355 318 399 345 τινα
409 299 519 353 ὑπὺνοιαν,
535 302 556 344 οἱ
566 301 601 356 μὲν
611 302 657 358 περὶ
669 305 705 344 τοῦ
718 305 783 344 κακοῦ
794 300 824 345 ὅτι
835 303 902 347 πόθεν
915 302 950 359 ῆρ·

165 372 223 423 ξατο,
239 368 294 413 άλλοι
308 372 330 414 δὲ
342 371 371 414 ὅτι
384 369 450 412 πόθεν
463 368 475 412 ὑ
486 368 590 424 διάβολος,
605 367 620 424 ῆ
632 368 666 412 διά
676 372 695 413 τί
705 371 795 427 γε’γονεν,
810 371 874 427 ἕτερον
884 372 906 415 δὲ
916 371 951 416 τάν

165 439 259 492 μέλλοντα
269 437 388 497 ἁμαρτάνειν
399 436 511 494 άνθρωπον
523 437 554 482 ὅτι
564 438 598 482 διά
607 441 626 481 τί
635 436 647 481 ὑ
658 438 708 489 θεάς
718 437 783 488 οὑτως
793 437 856 482 αῦτὺν
868 440 950 493 ἔκτισεν,

165 504 210 550 ὑὺὲ
219 512 309 551 τοιοῦτον
320 504 382 549 αῦτὺν
394 506 528 563 ἐργασάμενος
543 505 577 550 ῦιά
591 510 610 550 τί
622 505 706 563 ὑστερον
720 504 781 550 αῦτῦν
797 508 890 550 αἰτιᾶται.
913 507 951 551 Ἵν’

166 573 214 619 ὅταν
225 575 297 626 πάντες
308 574 475 631 περικροὺσαντες
488 573 536 626 τοῦς
548 576 625 618 ἑαυτῶν
634 574 742 631 λογισμυὺς
751 574 897 631 καταμάθωσιν
907 577 951 619 ἕαυ-

164 643 214 696 τοὺς
224 642 340 701 φθαρτοὺς,
362 641 483 687 άποδοίσωσι
496 648 523 702 τῷ
538 645 590 687 1θέν
606 645 667 700 πατρὶ
681 646 716 687 καὶ
729 646 767 702 υἱῷ
779 645 815 687 καὶ
826 642 876 704 άγίφ
891 645 950 705 πνεῦ-

165 731 222 767 ματι,
242 714 331 756 τουτέστι
342 715 366 771 τῆ
376 716 414 771 μιᾷ
427 712 504 769 τριάδι,
524 710 546 755 τῦ
557 713 617 767 σέβας
628 713 662 755 καὶ
676 711 713 768 τῆν
723 717 806 770 γνοῦσιν·
826 710 873 770 παρ’
886 713 949 757 αὑτοῦ

165 781 187 823 δὲ
196 780 308 836 αἰτοῦμενοι
319 786 355 836 τῆς
367 778 465 836 άληθιυῆς
474 783 559 831 πίστεως
567 779 603 836 τῆν
613 786 696 838 γνοῦσιν,
711 782 746 824 καὶ
759 781 902 838 πορισάμενοι,
917 784 951 826 ίνα

164 848 192 904 μῆ
202 848 330 907 ὑπερβαίνειν
343 855 451 906 πειρῶνται
464 848 486 893 τά
502 851 555 893 ἰ’ὑιον
570 851 652 906 μέτρον,
672 850 722 892 άλλά
738 850 832 906 μάθωσιν
848 849 951 906 ἡσυχάζειν

164 917 206 960 ἆπὸ
215 920 368 973 τετυφλωμὲνης
379 920 467 971 ἐννοίας,
482 919 517 960 καί
528 917 555 973 μῆ
565 920 685 971 σοφίζεσθαι
696 916 730 961 διά
740 916 879 974 άναπτομὲνης
889 918 951 975 γλώσ-

163 999 200 1041 σης
212 987 247 1029 καὶ
262 992 361 1043 λογισμῶν
377 985 489 1039 άσυνέτων,
510 989 669 1043 σωφρονίζεσθαι
679 986 701 1029 δὲ
714 990 789 1040 μᾶλλον
801 985 835 1029 διά
848 990 885 1031 τοῦ
895 1000 951 1030 συνε-

77 1078 112 1113 ρες.
121 1070 153 1102 σεο.
164 1060 201 1098 τοῦ
213 1056 276 1112 ῥητοῦ
287 1060 323 1110 τῆς
335 1054 392 1112 άγίας
407 1058 443 1098 καί
452 1057 510 1105 θείας
525 1059 606 1111 γραφῆς
618 1058 653 1109 τῆς
665 1053 760 1111 λεγούσης
776 1053 804 1110 μῆ
816 1053 951 1113 ὑπερφρονεῖν

163 1121 210 1181 παρ’
225 1121 238 1166 ὑ
253 1126 286 1167 ὑεῖ
298 1130 392 1182 φρονεῖν,
408 1122 455 1167 άλλά
470 1129 553 1180 φρονεῖν
567 1125 596 1174 εἰς
610 1122 632 1166 τά
648 1129 766 1181 σωφρονεῖν.
796 1177 797 1180 ¹

219 1260 298 1304 Ἀετίου
309 1261 378 1315 κεφάλ.
388 1260 424 1316 λβ,
454 1261 484 1303 Ei
492 1261 578 1315 διαμένει
591 1262 613 1304 ἒν
623 1260 684 1314 φάσει
696 1259 821 1318 1άγεννῆιου
831 1258 843 1304 ὑ
852 1259 912 1313 θεάς,
927 1260 949 1305 τά

164 1330 185 1372 ἐν
196 1330 289 1385 ’ὶγενέσει
304 1331 339 1372 καὶ
354 1329 462 1387 ὑγεννησίμ
478 1327 550 1372 ἓαυτῦν
566 1330 639 1372 εἰδέναι
653 1327 776 1388 ἆφηρῆσθω.
806 1331 951 1386 Συγγωρουμὲ-

162 1414 199 1440 νου
211 1397 232 1440 δὲ
247 1398 268 1441 ἒν
278 1395 379 1457 οίγεννῆτῳ
388 1399 423 1441 καὶ
434 1402 520 1456 γεννητῷ
537 1396 573 1452 τῆν
589 1399 662 1441 ἑαυτοῦ
674 1397 746 1441 οῦσίαν
760 1401 895 1454 παρατείνειν,
904 1392 906 1394 ’
916 1396 951 1440 αὑ-

162 1465 198 1516 τὺς
208 1467 281 1509 ἑαυτοῦ
293 1464 364 1522 άγνοεῖ
371 1465 407 1520 τῆν
418 1464 489 1509 οῦσίαν
493 1500 499 1518 ,
514 1466 658 1523 περιαγόμενος
670 1464 711 1509 ὑπὸ
727 1467 835 1522 3γενέσεως
847 1467 881 1510 καί
894 1462 951 1523 άγευ-

162 1537 238 1589 νησίας.
268 1536 298 1577 Ei
306 1535 328 1578 ὑὲ
339 1536 374 1578 καὶ
386 1533 408 1578 τὸ
418 1533 513 1591 γεννητὸν
523 1538 626 1589 μετείληφε
637 1537 742 1588 μετουσίας
752 1532 873 1591 άγεννῆτου,
894 1536 916 1578 ἐν
928 1536 950 1578 δὲ

162 1606 258 1659 γεννητοῦ
268 1602 329 1657 φάσει
341 1603 473 1658 άτελευτῆτως
483 1605 579 1657 διαμένει,
601 1604 641 1645 4ἒν
652 1604 689 1657 μὲν
705 1603 731 1658 ὑῆ
743 1601 808 1646 άτελεῖ
821 1602 881 1657 φάσει
891 1602 950 1659 γινοί-

162 1686 205 1715 σκει
215 1668 287 1724 αὑτὸν,
303 1670 382 1729 ἀγνοοῦν
392 1675 453 1727 δῆλον
463 1672 494 1716 ὅτι
505 1671 542 1727 τῆν
552 1669 660 1728 άγὲννητον
670 1674 781 1727 μετουσίαν.
813 1672 844 1715 Οῦ
855 1670 893 1729 γάρ
905 1670 950 1716 οἷόν

161 1757 182 1782 τε
193 1738 255 1783 αὑτῦν
266 1741 312 1798 περί
325 1739 405 1783 θαὺτοῦ
420 1742 455 1783 καί
472 1738 581 1797 άγεννῆτου
598 1738 668 1790 οὑσίας
682 1746 756 1797 γνῶσιν
772 1741 822 1795 ἔχειν
834 1742 869 1783 καί
881 1757 949 1797 γεννη-

161 1814 203 1864 τῆς.
233 1810 263 1852 Εἰ
273 1810 295 1852 δὲ
307 1807 484 1866 εὐκαταφρόνητόν
496 1810 537 1852 ἐστι
550 1807 572 1852 τά
588 1807 696 1866 άγέννητον
711 1808 745 1853 διά
756 1809 865 1865 μεταβολῆς
881 1810 948 1865 ἐπιτη-

161 1877 265 1932 δειότητα,
286 1876 364 1933 άξίωμα
381 1877 462 1931 φὺσεοίς
478 1878 531 1920 ἔστιν
547 1876 606 1920 οῦσία
622 1875 767 1932 άμετάβλητος,
787 1883 822 1933 τῆς
839 1876 948 1935 άγεννῆτου

164 1945 235 1996 οῦσίας
249 1945 316 2001 πάσης
331 1947 396 1997 αἰτίας
408 1949 521 2004 κρείττονος
538 1944 720 2002 6ὑμολογουμὲνης,

215 2152 295 2210 Ἀνατρ.
322 2152 359 2196 Ἐν
374 2150 475 2211 άγεννῆτῳ
493 2151 553 2205 φάσει
566 2153 653 2207 διαμένει
671 2150 815 2208 ἀναμφιβόλως
830 2150 842 2196 o‘
853 2151 914 2206 θεάς,
935 2150 948 2196 ὑ

159 2220 184 2263 τά
195 2219 262 2264 πάντα
272 2224 341 2271 κτίσας
353 2223 373 2272 ἐξ
384 2219 421 2264 οῦκ
434 2219 497 2264 ὄντων
509 2222 545 2263 καί
560 2219 722 2276 ὃημιουργῆσας,
745 2218 757 2263 o‘
770 2219 836 2277 πατῆρ
851 2220 947 2278 γεννήσας

160 2291 181 2341 ἐξ
191 2290 281 2333 7ἑαυτοῦ
293 2288 402 2345 ὑμοοὺσιον
413 2290 478 2349 ἑαυτῷ
490 2287 547 2342 υίῦν,
567 2290 602 2332 καὶ
613 2290 754 2347 σνμπρέποντνι
766 2294 790 2349 τῆ
803 2288 865 2334 αὑτοῦ
879 2288 945 2334 άϊὸιό-

365 2355 435 2372 ὶκθΙ

160 2376 215 2413 τητι,
236 2359 270 2401 καὶ
280 2357 303 2402 τά
316 2361 336 2410 ἐξ
346 2376 408 2401 αυτου
420 2376 479 2414 αγιον
490 2362 568 2413 πνεῦμα
579 2357 672 2412 ἐξελθὸν,
692 2357 810 2416 πρεπόντως
820 2354 912 2417 ὑπάρχον
922 2364 947 2419 τῆ

161 2426 224 2472 αὑτοῦ
242 2425 394 2483 ὑμοονσιάτητι,
416 2428 451 2471 καὶ
466 2425 512 2471 οῦτε
524 2426 632 2485 ἐπειδήπερ
646 2425 660 2483 ῆ
671 2427 728 2486 τριάς
742 2429 817 2472 ἔκτισεν
830 2430 851 2481 ἐξ
863 2427 902 2473 οῦκ
915 2428 947 2473 {fv-

229 2494 260 2510 151
328 2496 334 2512 C

159 2513 200 2540 των
209 2515 234 2540 τα
248 2515 307 2551 οντα,
323 2497 385 2556 ορατά
398 2514 418 2540 τε
430 2498 465 2541 καὶ
476 2494 564 2553 άόρατα,
584 2495 638 2554 παρά
649 2502 708 2542 τοῦτο
721 2497 831 2554 ἀναιρεῖται
841 2497 863 2542 τά
875 2496 947 2542 άναλο-

160 2571 210 2622 γοῦν
221 2571 249 2625 τῷ
260 2572 297 2610 τοῦ
310 2572 363 2611 θεοῦ
374 2565 471 2622 άξιαίματι
482 2565 517 2609 διά
527 2570 563 2609 τοῦ
574 2565 693 2625 προσφάτου
708 2573 748 2612 τοῖν
759 2568 890 2623 κεκτισμένωυ
902 2565 947 2611 α’νά-

161 2653 235 2691 ματος,
256 2634 269 2691 ῆ
280 2642 316 2680 τοῦ
327 2635 384 2688 ὄντος
396 2635 492 2692 ὑϊδιάτης.
518 2635 644 2694 Ἀφαιρεῑται
655 2638 677 2681 ὑὲ
688 2636 728 2682 άπό
739 2641 779 2680 τῶν
790 2637 922 2693 κεκτισμὲνων
933 2633 948 2692 ῆ

161 2704 242 2749 άνωθεν
252 2703 401 2763 ὑπερβαίνουσα
413 2706 484 2759 οὐσία,
500 2702 538 2748 οῦκ
548 2700 599 2749 οῦσα
609 2706 688 2758 τούτοις
699 2705 817 2764 ὄμοοὺσιος,
833 2708 853 2758 ἒξ
864 2705 904 2751 οὑκ
914 2704 947 2750 ῦν-

161 2793 201 2819 των
218 2775 240 2818 δὲ
254 2776 352 2819 καλέσασα
367 2781 403 2820 τοῦ
420 2774 476 2820 εἶναι.
507 2773 546 2818 Διῦ
562 2773 727 2833 ὑγεγεννημένος
743 2775 799 2830 υίῦς,
819 2776 858 2820 οῦκ
873 2777 893 2827 ἒξ
908 2772 946 2819 οὑκ

186 2893 211 2927 10.
224 2895 255 2926 Aut
269 2894 337 2927 delenda
347 2897 370 2926 est
380 2896 458 2927 vocabula
468 2891 495 2933 ἐν,
514 2896 542 2926 σαι
587 2893 603 2929 3.
615 2892 708 2937 γεινίοεως
720 2895 754 2928 τοῦ.
767 2894 833 2936 Βίαὰὶς.

161 2940 184 2972 αα
193 2939 218 2985 τῷ
230 2941 315 2974 articulum
326 2941 402 2986 λογισμῷ
412 2939 513 2983 repetendum
523 2940 543 2972 de
587 2937 603 2974 4.
617 2941 666 2982 Vulyo
678 2939 694 2975 εἰ
704 2939 734 2985 μὲν
744 2939 831 2975 διατελῶν.
856 2941 880 2983 Cf.
890 2948 946 2982 εαμνα

160 2987 272 3026 superioribus.
564 2987 584 3019 Et
597 2988 684 3020 Carnarius
698 2989 745 3020 νντλίι
756 2985 774 3018 in
788 2985 889 3031 imperfecta
904 2995 945 3019 saue

185 3032 199 3065 1.
211 3027 299 3076 οἱγεινῆτῳ
310 3042 361 3074 supra
372 3034 455 3074 ῑεςεῦαίαα.
564 3039 623 3065 natura
634 3044 653 3064 se
664 3032 719 3076 ipsum
731 3032 823 3078 cognoscit.

184 3080 200 3110 ²2.
212 3076 287 3122 γενιέσει
298 3080 332 3112 aad.
344 3079 410 3121 Ιλίιεᾱίμ
587 3079 603 3111 5.
616 3080 671 3120 Supra
682 3077 748 3114 ἑαυτοῦ.
