1988 3392
245 237 339 272 rimanti
350 237 394 272 cre.
402 238 432 272 ru.
445 238 500 274 rom.
508 239 530 272 11.
542 237 610 271 enen.
618 234 708 271 cxxvii.
830 227 872 269 367

90 321 187 362 humanae
201 325 283 361 naturae
297 318 431 360 conditionem
443 320 578 374 extingueret.
609 316 667 360 Unde
678 317 733 358 etad
744 317 800 359 licmn
813 316 872 358 arbo·
895 335 954 364 Maur,

89 403 131 432 rem
147 385 228 439 esuriit,
250 395 270 429 et
285 401 354 429 verum
372 388 434 429 lutum
451 388 505 430 lecit.
536 387 568 430 Ad
585 388 668 429 eandem
686 399 735 427 vero
749 386 802 428 illam
814 371 976 441 licumhil'ffsss,

90 471 133 499 cum
145 455 239 498 nonnulla
252 455 348 509 dixisset,
365 469 400 508 ea,
417 456 445 496 uti
456 456 546 508 dixerat,
568 456 690 498 acciderunt.
724 453 773 496 ltenr
783 456 803 496 in
816 455 966 500 navi-tueam-

90 527 122 583 gio
139 539 184 566 cum
199 532 281 567 ventum
297 524 433 580 increpasset,
455 524 486 565 bic
503 525 568 566 subito
585 526 651 567 desiit.
683 522 737 565 Tum
750 538 800 566 vero
814 531 872 580 sputo
884 532 937 561 loann-
945 531 959 559 9-

89 609 126 637 suo
136 608 159 635 ac
174 593 229 645 luto,
253 601 327 635 etcum
340 592 449 634 divinitatis
462 606 511 635 suae
525 606 630 645 sermone,
645 601 687 635 tum
701 593 798 645 bominis,
815 607 872 648 quem

89 668 236 718 assumpserat,
258 669 328 719 sputo,
352 662 406 714 luto,
427 661 519 717 inquam,
540 661 592 702 sicut
612 662 689 703 Adamo
710 662 822 717 quondam,
845 660 872 702 ita

90 745 150 773 caeco
166 729 194 771 illi
206 731 256 785 quod
273 730 297 772 ad
308 729 442 785 integritatem
459 730 528 771 deerat
542 729 650 771 membrum
669 730 727 772 linxit
742 745 766 773 ac
778 729 871 772 reddidit.

90 799 113 844 Si
125 798 203 855 quidem
215 799 235 840 in
247 812 271 840 eo
284 805 342 840 erant
353 798 418 840 omnia
430 799 530 855 perlecta,
547 798 597 839 adeo
609 798 662 840 utin
675 813 736 841 carne
748 805 872 855 paterentur,

89 869 108 911 in
120 866 223 911 divinitate
233 881 283 909 vero
295 866 334 923 pati
347 867 394 908 nibil
405 874 498 923 possent,
520 867 584 908 donec
598 880 609 907 a
622 866 705 908 mortuis
718 868 817 910 excitatus
832 875 871 920 est,
881 878 946 914 fleme
954 879 967 906 o.

90 936 137 979 nibil
152 935 236 992 amplius
251 936 332 977 omnino
347 937 437 992 patiens,
454 949 519 991 neque
535 934 622 976 moriens
637 935 725 977 omnino.

147 1001 237 1058 Quodsi
252 1004 353 1055 nonnulli,
376 1018 411 1060 pro
428 1017 452 1044 eo
466 1004 517 1059 quod
529 1017 540 1046 e
551 1003 604 1044 virili
619 1011 664 1045 satu
679 1017 750 1059 corpus
763 1018 803 1045 non
813 1018 870 1047 acce·
905 1018 947 1062 Gap.

89 1072 152 1129 perit,
169 1071 244 1114 diversi
255 1071 357 1115 cuiusdam
369 1086 415 1114 esse
425 1073 506 1127 generis
517 1071 651 1124 arbitrentur,
667 1086 707 1114 non
719 1079 749 1114 est
762 1073 814 1128 quod
827 1087 872 1129 pro·
898 1064 951 1097 Μ’

89 1148 157 1198 pterea
168 1142 231 1182 nostri
242 1140 331 1197 corporis
342 1154 388 1182 esse
397 1140 493 1182 dissimile
502 1147 579 1196 putent.
610 1139 718 1196 Postquam
727 1140 779 1182 enim
789 1139 874 1184 eMaria

48 1253 50 1256 Α
90 1217 157 1251 natum
174 1223 219 1251 esse
231 1217 290 1252 extra
304 1208 446 1251 dubitationem
458 1223 536 1251 omnem
547 1216 588 1261 est,
612 1216 701 1251 nostrum
715 1209 778 1251 luisse
790 1224 874 1253 necesse

90 1285 132 1330 est,
153 1275 220 1319 Maria
233 1278 303 1334 quippe
317 1292 356 1319 non
368 1277 450 1319 alterius
460 1292 517 1332 quarn
528 1278 585 1319 cuius
595 1292 679 1334 corpora
691 1285 759 1320 nostra
769 1286 815 1321 sunt
826 1294 874 1321 con-

90 1345 170 1388 ditionis
180 1347 253 1388 extitit.
284 1344 337 1387 Nam
346 1353 367 1387 et
378 1347 466 1387 Adamas
476 1360 488 1387 a
498 1345 542 1388 viro
552 1347 630 1402 genitus
643 1361 682 1388 non
693 1345 737 1398 luit,
750 1347 784 1388 sed
796 1361 806 1389 c
818 1354 873 1390 terra
891 1348 931 1378 ‘iffi'-
940 1349 955 1377 ¹·

90 1416 199 1467 formatus,
221 1429 258 1457 nec
275 1415 321 1457 ideo
337 1414 428 1470 sequitur
444 1415 495 1469 quod
511 1428 551 1456 non
564 1428 575 1456 e
587 1415 639 1457 virili
651 1421 708 1466 satu,
730 1415 765 1457 sed
778 1417 802 1458 de
820 1422 875 1459 terra

89 1483 193 1541 prodierit,
210 1484 309 1525 diversam
322 1484 419 1539 quandam
431 1497 443 1524 a
453 1483 528 1525 nostris
540 1484 657 1540 corporibus
668 1491 758 1525 naturam
772 1498 816 1527 esse
829 1500 873 1526 sor-

90 1552 154 1594 titum.
186 1550 266 1594 Etenim
285 1566 322 1594 nos
338 1552 362 1594 ab
374 1552 408 1604 illo
424 1551 486 1607 geniti
500 1551 524 1593 ab
542 1552 631 1594 eiusdem
644 1567 728 1610 corpore
745 1553 820 1596 diversi
835 1569 874 1596 nou

90 1636 170 1674 sumus,
191 1622 269 1663 tametsi
284 1635 295 1662 e
306 1620 358 1663 virili
370 1628 415 1663 satu
427 1620 534 1673 fuerimus,
556 1635 580 1662 ac
591 1622 680 1663 mulieris
693 1630 750 1664 utero
761 1623 873 1679 propagati.

91 1689 132 1734 Sed
143 1690 191 1733 baec
209 1689 299 1732 nonnulli
314 1690 405 1732 subtilius
417 1689 524 1732 identidem
545 1696 665 1744 tractantes,
686 1698 706 1733 et
718 1690 740 1733 in
751 1691 816 1734 animo
828 1705 874 1734 ver-

91 1767 171 1813 santes,
194 1774 278 1817 ascopo
288 1760 367 1816 penitus
378 1759 503 1801 aberrarunt.
534 1758 576 1801 Alii
586 1774 647 1816 porro
658 1774 686 1802 ex
697 1760 735 1812 iis,
757 1761 790 1817 qui
802 1761 826 1802 ad
836 1774 874 1803 nos

90 1828 226 1883 ventitabant,
247 1829 323 1871 iuliuita
336 1830 432 1885 quaedam
452 1828 496 1871 aliis
506 1828 664 1882 deblaterautes,
685 1829 749 1872 virum
761 1830 875 1874 laudatissi-

91 1914 143 1941 mum
159 1899 201 1941 suis
217 1898 387 1941 criminationibus
404 1898 545 1951 traducebant,
566 1912 590 1940 ac
602 1898 770 1941 vehementiorem
786 1900 872 1956 quidem,

91 1983 149 2024 quam
163 1976 264 2025 parerat,
287 1968 391 2010 tumultum
402 1967 539 2020 concitarunt,
561 1966 604 2009 sive
615 1982 643 2009 ex
654 1968 745 2021 inscitia,
767 1969 810 2012 sive
822 1971 874 2025 quod

91 2037 150 2080 abeo
162 2038 235 2079 dictum
247 2043 290 2079 erat
301 2037 381 2078 minime
392 2035 537 2093 percepissent,
548 2042 568 2077 et
577 2036 600 2078 ab
614 2050 638 2078 eo
650 2037 735 2092 digressi
744 2053 795 2094 quae
806 2039 873 2081 audie·

91 2115 137 2149 rant
153 2107 245 2164 dogmata
262 2106 408 2164 praedicarent.
438 2104 514 2148 Verum
534 2105 558 2147 de
573 2106 729 2162 supervacaneis
743 2107 798 2150 hisce
813 2122 874 2164 quae-

91 2177 189 2220 stionibus
202 2176 306 2219 hactenus.
328 2173 378 2218 lllud
390 2189 438 2219 vero
450 2175 537 2217 lectores
548 2189 617 2217 omnes
629 2175 766 2219 intellecturos
778 2176 873 2230 arbitror,

24 2285 25 2288 ,
91 2233 145 2289 nulla
157 2261 193 2288 nos
210 2253 244 2288 aut
254 2244 329 2288 invidia
346 2252 380 2287 aut
395 2244 441 2286 odio
456 2244 476 2286 in
493 2244 592 2287 homiuem
606 2258 652 2287 esse
669 2253 787 2289 commotos.
818 2245 875 2289 lstud

92 2316 144 2358 enim
155 2315 245 2372 inprimis
257 2321 347 2371 optamus
359 2329 383 2356 ac
393 2313 485 2371 petimus,
496 2320 519 2356 ut
529 2327 554 2355 ne
565 2313 589 2355 ab
601 2314 685 2356 ecclesia
694 2311 769 2358 Christi
780 2323 839 2372 atque
849 2316 874 2358 ab

92 2384 211 2427 suavissima
228 2384 310 2426 fratrum
329 2382 425 2425 societate
437 2382 552 2434 divellatur,
574 2383 610 2425 sed
628 2390 651 2425 ut
667 2383 764 2427 eiusmodi
778 2385 875 2440 dogmatis

92 2453 173 2496 nimium
189 2453 274 2496 studium
291 2452 477 2508 contentionemque
489 2452 586 2509 deponat,
603 2466 627 2493 ac
638 2466 683 2496 sese
696 2453 721 2495 ad
734 2454 817 2496 meliora
828 2469 876 2496 con-

92 2530 166 2576 vertat,
182 2522 234 2564 sicut
244 2521 338 2578 scriptum
350 2529 390 2574 est,
402 2524 510 2571 devertere,
523 2528 625 2571 reuertere,
639 2525 752 2572 Sanmmtr's,
768 2532 872 2574 reuertere,
880 2533 973 2571 cantela.

92 2600 113 2633 et
126 2593 229 2634 vallebanae
245 2594 264 2632 in
281 2599 305 2631 te.
337 2589 407 2633 Redeo
423 2591 462 2632 iam
478 2590 502 2633 ad
512 2590 532 2632 id
544 2590 595 2647 quod
609 2589 667 2633 initio
678 2605 833 2649 proposueram,
854 2601 875 2636 et

94 2662 146 2718 quod
162 2673 287 2715 consequens
303 2666 334 2701 est
348 2667 445 2702 attexam.

149 2729 218 2787 Negat
233 2744 243 2772 a
261 2726 342 2772 Cbristo
358 2730 466 2785 perlectam
484 2728 569 2771 bominis
584 2736 675 2772 naturam
693 2744 739 2773 esse
754 2738 872 2787 susceptam.
905 2744 947 2786 cap.

93 2796 136 2843 lmo
147 2807 168 2842 ct
180 2799 285 2842 nonnullos
299 2798 323 2840 ab
335 2799 387 2840 omni
398 2811 432 2854 spe
444 2797 515 2840 salutis
527 2798 601 2851 deiicit,
616 2799 747 2842 vehementer
758 2800 804 2843 illos
815 2799 873 2843 terri·
904 2789 948 2824 XX

116 2961 132 2995 2.
143 2962 207 2994 buttem
216 2957 256 3005 παρ’
267 2957 338 2998 ἑαυτοὺς
349 2961 382 2993 sice
389 2954 428 3002 παρ’
440 2955 471 2993 cd·
517 2960 534 2995 3.
545 2960 614 2992 Alterum
628 2960 657 2993 boc
670 2958 762 3005 ἐπίστρεφε
775 2961 876 2994 desideratur

94 3003 138 3046 τοὺς.
164 3008 250 3041 Goraurias
258 3008 340 3040 vectitant
349 3017 359 3038 a
368 3017 386 3037 se
396 3004 437 3049 ipsis
445 3017 470 3037 re·
495 3008 512 3039 in
523 3007 560 3039 edit.
571 3007 626 3038 rutae.

94 3051 473 3097 censentesacproferentestnrbamcommo·
518 3049 535 3085 4.
555 3053 651 3094 σουμανῖτις
666 3052 700 3086 cod.
717 3053 750 3085 len.
779 3050 877 3095 σουμανίτις

93 3104 160 3131 verunt.
183 3094 381 3142 Petamusvoacatnup'
394 3092 451 3132 adrat.
496 3098 595 3138 editminc.
