1988 3392
127 197 170 238 252
417 205 502 240 snuch
513 205 629 240 Ettunnuss

129 281 205 343 ὅσαπερ
220 282 285 329 πάθει
302 285 402 343 συνέχεται
412 282 446 329 διά
462 282 499 342 τήν
513 284 609 342 τοιαύτην
619 285 691 332 αίτίαν.
718 284 753 331 Ἐν
766 290 810 347 θεῷ
823 286 845 332 δὲ
857 283 917 334 οὐδέν

129 353 206 400 τοὺτων
216 356 236 399 ἒν
247 361 275 417 τῷ
285 355 321 401 niv
330 356 375 401 νίὸν
386 357 522 414 γεγεννηκέναι
534 358 650 416 ἒννιιῆρξεν.
680 359 709 401 Ei
717 356 755 416 γάρ
767 355 856 415 ὑπῆρξεν
867 359 917 404 ἕντι

130 425 277 470 τῶντοιούτων
287 429 309 471 ἐν
318 431 368 486 θεῷ,
383 425 434 469 κατά
444 426 481 481 τήν
490 427 651 484 προφασιστικήν
660 429 688 478 εἰς
699 425 816 483 ἀνατροπὴν
826 431 863 470 τοῦ
875 443 917 483 γεν·

131 493 220 547 νήματος
231 493 339 547 ὑπόνοιαν,
354 493 396 537 άπὸ
410 499 447 537 τοῦ
459 496 528 551 ἑτέρον
538 494 587 538 καθ’
597 494 653 549 ήμοῖς
663 497 737 551 μέρους
746 495 857 544 ἀντιθέτως
866 493 918 551 πράς

132 561 209 612 αὐτούς
220 564 291 618 ῥητέον
306 561 337 604 ὅτι
351 563 372 604 ἓν
386 561 435 615 ήμῖν
446 569 488 612 τοῖς
501 564 523 605 έν
537 562 601 604 πάθει
611 566 697 617 γεννῶσί
707 579 728 605 τε
740 564 775 604 καὶ
787 562 920 617 γεννωμένοιςΙ

131 627 202 678 πάθος
213 631 253 671 ἐστὶ
265 628 358 683 δεύτερον
367 630 389 670 ἒν
399 633 427 686 τῷ
436 632 518 680 κτίζειν,
539 631 574 670 καὶ
588 629 690 683 πάσχομεν
702 630 723 672 έν
733 633 761 687 τῷ
771 632 844 684 γεννᾶν
852 643 873 670 τε
883 629 918 671 καὶ

133 699 246 752 γεννᾶσθαι.
277 694 327 745 Θεὸς
341 696 363 738 δέ
375 693 386 739 ὑ
397 694 444 754 παρ’
454 694 503 752 ὑμῖν
517 695 609 753 κτιστής,
629 698 663 741 καὶ
675 695 701 741 οὐ
713 697 812 756 γεννήτωρ
825 694 919 741 εἰιινοοά-

134 782 202 823 μενος·
224 764 264 818 Τὺς
276 763 310 811 διά
325 767 361 823 μὲν
374 764 396 812 τά
410 772 483 827 γεννᾶν
499 764 648 825 άνατρεπτικῶς
664 767 687 813 τά
702 768 772 821 πάθος
786 768 919 826 παραφέρετε,

133 839 168 881 ἵνα
178 835 215 893 τήν
225 839 272 880 vinti
281 837 400 899 γνησιὺτητα
411 838 539 896 άρνήσησθε,
560 838 615 898 λήθη
629 839 650 882 δὲ
661 838 797 893 παραδιδάατε
809 837 831 881 τά
843 839 878 882 ἐπὶ
890 842 919 897 τῷ

133 908 204 956 κτίζειν
214 904 294 957 πάθος,
310 906 359 963 ὅπερ
371 910 406 950 καὶ
416 907 466 950 αὐτὸ
479 909 500 951 έν
512 911 555 965 θεῷ
567 905 592 949 οὑ
605 906 674 957 πάθος
687 906 780 964 ὑπάρχει,
796 905 824 961 μή
835 907 919 963 γένοιτο.

137 971 168 1015 Oi
185 989 206 1015 τε
220 972 258 1029 γάρ
272 971 330 1028 ἡμεῖς
351 974 420 1024 πάθος
439 973 494 1032 αὐτῷ
516 974 666 1031 προςάπτομεν,
692 974 836 1030 ὁμολογοῦντες
858 971 920 1015 αὑτὸν

88 1040 89 1043 “
134 1039 216 1094 ναστὴν
230 1039 279 1082 ὄντα
293 1045 333 1083 τῶν
347 1039 448 1084 ἁπάντων.
480 1040 533 1084 Οάθὲ
545 1040 606 1084 πάλιν
618 1040 687 1091 πάθος
701 1040 726 1084 tin
740 1043 786 1096 περὶ
802 1038 864 1083 αὑτὸν
878 1042 921 1081 δια-

135 1106 251 1162 νοούμεθα,
271 1107 402 1165 γεγεννηκότα
419 1107 454 1152 τάν
470 1107 569 1164 άληθινὸν
583 1108 640 1163 viiiv,
660 1108 763 1165 ἀληθινῶς
780 1107 871 1167 άνάρχως
886 1109 921 1152 καὶ

136 1175 227 1235 άχράνως
237 1175 386 1236 ὁμολογοῦντες.
405 1178 443 1223 Ant
452 1177 489 1236 τήν
499 1178 562 1235 φάσιν
572 1178 635 1225 αὑτοῦ
646 1179 771 1239 γινώσκομεν
780 1178 922 1236 ἀκατάληπτον

136 1245 211 1302 οὖσαν,
231 1250 266 1293 καί
281 1249 344 1292 πάθει
359 1248 387 1305 μή
403 1252 540 1306 συνεχομένην,
570 1249 612 1294 Διά
627 1256 686 1294 τοῦτο
705 1249 841 1308 ὁμολογοῦμεν
859 1248 922 1294 αὑτάν

136 1320 171 1362 καὶ
181 1318 256 1372 άπαθή
270 1318 379 1374 γεννήτορά
396 1320 431 1361 καί
445 1318 526 1374 κτιστήν
543 1319 622 1374 ἀπαθῆ.
650 1318 755 1375 Ἐγέννησε
769 1317 807 1376 γάρ
817 1317 853 1361 τάν
863 1335 922 1372 μονο-

136 1392 185 1443 γενῆ
201 1384 229 1440 μή
244 1384 336 1440 πάσχων,
355 1386 390 1427 καὶ
404 1385 516 1429 ἀπέστειλεν
533 1388 553 1437 ἐξ
568 1385 632 1429 αὑτοῦ
645 1386 667 1428 τά
684 1385 742 1442 άγιον
757 1386 821 1429 αὑτοῦ
836 1390 922 1440 πνεῦμα,

137 1451 200 1508 τομήν
211 1451 239 1507 μή
251 1451 350 1504 ὑποστάς,
368 1455 403 1495 καὶ
415 1455 478 1496 έκτισε
488 1452 513 1495 τά
525 1454 632 1496 κτισθέντα
643 1454 678 1496 καὶ
688 1451 792 1506 κτιζάμενα
803 1452 831 1508 μή
843 1458 922 1513 θκαιιῷ,

138 1521 189 1576 μηδὲ
202 1519 267 1563 πάθει
277 1522 390 1575 συσχεθεὶς,
412 1522 446 1563 καὶ
458 1527 513 1564 ποιεῖ
524 1521 537 1565 ὃ
548 1520 640 1578 βούλεται
654 1519 812 1579 σαμπρεπόντως
824 1526 848 1584 τή
859 1521 923 1567 αὐτοῦ

139 1588 233 1647 θεότητι,
249 1588 274 1634 οὑ
286 1594 367 1649 πρῶτον
381 1589 531 1649 9βουλόμενος,
551 1593 586 1636 ’ἵνα
596 1590 655 1653 μάθη
665 1590 807 1649 διανοούμενος
817 1594 836 1637 εί
843 1591 880 1650 χρή
893 1610 924 1652 γε-

139 1663 213 1706 νέσθαι
229 1660 252 1705 τά
268 1661 428 1718 ἕπττελοάμενον,
449 1662 497 1706 οὐδὲ
512 1661 634 1718 βουλόμενος
649 1660 752 1718 πράττειν,
773 1664 808 1706 καί
824 1663 852 1718 μή
864 1663 927 1707 δυνά-

140 1748 199 1787 μενος
215 1732 339 1787 ἐπιχορηγεῖν
355 1736 383 1789 τῷ
398 1731 508 1785 βουλήματι
524 1729 558 1773 διά
572 1732 642 1781 πάθος
656 1729 679 1773 τά
699 1731 840 1784 τείεισιίμενον.
869 1730 925 1785 ’Ἁμα

140 1798 178 1855 γάρ
193 1798 265 1853 έχειτὺ
279 1799 356 1851 θέλειν,
377 1797 399 1841 τά
412 1798 516 1853 πράττειν,
536 1797 558 1840 τά
570 1797 708 1853 γεγεννηκέναι
721 1795 757 1840 τάν
772 1803 881 1853 μονογενῆ,
901 1798 924 1841 τά

140 1868 206 1909 κτίσαι
221 1864 246 1907 τά
256 1865 333 1917 πάντα,
352 1870 389 1919 τῆς
399 1869 471 1919 θεϊκής
485 1864 566 1917 φάσεως
579 1865 612 1907 καὶ
624 1863 737 1918 άξιιάματος
749 1864 854 1908 άνωτάτου
866 1864 926 1916 ὄντος

54 1942 89 1974 nat·
97 1934 129 1964 ⁹⁵⁵·
144 1939 209 1989 ῑθτῆς
218 1932 293 1977 Ἀετίου
308 1938 455 1990 συλλογιστικής
470 1934 547 1983 ἐννοίας
560 1933 595 1976 καὶ
606 1931 673 1988 πάσης
685 1930 855 1990 άνθρωπάτητος,
870 1933 924 1991 άμεί-

140 2021 201 2056 νονος
210 2002 269 2056 ὄντος
279 2008 316 2049 τοῦ
327 2009 379 2049 θεοῦ
390 2002 456 2060 πάσης
468 2004 568 2057 ἐπινοίας,
590 2001 615 2048 οὑ
627 2001 691 2049 πάθει
700 2005 801 2058 ε’ίκοντυς,
822 2002 859 2048 άίί
874 2003 926 2051 τίνω-

141 2076 203 2120 τάτον
218 2074 276 2126 ὄντος
290 2074 372 2119 πάντων
386 2079 425 2119 τῶν
440 2079 515 2118 παθῶν
528 2074 563 2117 καὶ
578 2068 645 2129 πάσης
658 2072 764 2124 ὑπονοίας.

197 2415 277 2461 Ἀετίου
288 2412 357 2471 κεφάλ.
366 2413 393 2459 ιε’.
423 2417 452 2459 Εἰ
463 2414 485 2460 τά
496 2416 584 2474 γέννημα
594 2412 691 2471 άτρεπτάν
711 2417 768 2461 1ἐστι
777 2415 814 2473 τήν
822 2415 885 2471 φάσιν
893 2413 928 2460 διά

143 2487 180 2533 τάν
189 2486 315 2545 γεννήσαντα,
332 2485 367 2529 2τά
381 2485 489 2543 άγέννητον
500 2483 559 2529 ου’σία
572 2486 625 2529 tntu
636 2484 738 2542 άτρεπτος,
753 2485 778 2530 οὑ
791 2485 825 2530 διά
837 2484 927 2542 γνώμην,

145 2555 194 2600 dito}
207 2555 242 2599 διά
253 2556 275 2598 τά
288 2558 310 2599 ἐν
324 2554 384 2612 οὑσίρι
398 2553 482 2608 άξίωμα.

200 2688 278 2744 Ἀνατρ.
286 2687 342 2739 Ἕως
352 2688 400 2732 πότε
409 2688 453 2744 ἥκει
461 2687 530 2743 φέρων
539 2685 588 2741 ήμῖν
599 2682 659 2738 οὗτος
669 2685 692 2731 τά
705 2685 753 2730 αὑτά
764 2688 833 2745 λέγειν,
848 2688 882 2730 καὶ
890 2705 928 2742 μη·

144 2760 179 2805 δέν
190 2756 317 2817 ὑπερβαίνειν
328 2762 368 2802 τῶν
377 2758 495 2816 ἐγκειμένων
499 2773 506 2809 ,·
522 2753 575 2799 Ὅσα
583 2754 622 2816 γάρ
632 2757 672 2813 έφη
682 2754 781 2815 ὑπαρχῆς,
795 2757 830 2801 καὶ
842 2756 887 2817 άχρι
899 2758 928 2803 ιε’-

168 2881 184 2916 Ί.
198 2880 369 2919 Βιευτίῐιεαάαιημαίο
379 2876 441 2919 ὦςδιά
451 2877 481 2923 μὲν
491 2880 525 2910 cett.
549 2887 588 2910 nom
604 2876 695 2922 profertis,
712 2887 746 2921 quo
762 2874 792 2909 fitii
807 2874 929 2919 ingenuitatem

147 2929 300 2962 Uornartnsvertit:
317 2924 358 2958 deus
373 2933 428 2958 autem
439 2924 484 2968 apud
494 2933 525 2956 vos
549 2924 624 2966 negetis:
641 2933 699 2955 verum
715 2921 810 2966 passionem
825 2923 842 2955 in
855 2921 928 2955 creando

147 2981 225 3011 cremor,
248 2978 265 3004 et
280 2982 315 3004 non
332 2969 398 3013 genitor
419 2968 525 3013 intelligitur.
548 2968 629 3002 oblivioni
636 2967 709 3006 traditis,
722 2978 765 3011 quae
775 2978 815 2999 sane
827 2978 881 3011 neque
891 2966 928 3010 ipsa

147 3021 203 3058 Quare
212 3023 282 3060 propter
293 3015 418 3058 generationem
430 3015 497 3058 quidem
507 3019 525 3045 et
548 3013 603 3057 passio
616 3019 641 3045 est
653 3012 669 3044 iu
682 3011 721 3043 deo.

146 3061 272 3095 subversionem
285 3059 380 3094 faciendum
396 3060 441 3093 falso
457 3058 523 3103 passio*
570 3059 587 3091 δ’.
605 3059 674 3100 Βεμυεαί
689 3056 740 3102 κακῷ
756 3065 786 3097 pto
800 3057 870 3100 κακῶν,
887 3063 928 3098 σασα
