1988 3392
120 201 162 242 102
405 207 488 242 SANGTI
499 206 613 240 EPIPHANII

120 286 184 344 δίγιον,
200 289 235 330 καί
249 287 304 331 Ῑοὺκ
316 289 357 330 έστι
369 285 391 331 τῦ
403 291 480 340 πνεῦμα
490 284 513 328 τά
525 285 590 342 άγιον,
603 284 651 329 οῦδὲ
661 284 673 329 ὑ
683 284 757 342 πατὴρ,
773 283 820 329 οῦδὲ
830 283 843 328 ὅ
852 284 904 339 υίὺς,

120 355 169 399 άλλά
184 361 264 410 πνεῦμα
279 355 337 413 άγιον
354 358 375 398 ἐκ
394 354 469 411 πατρὸς
487 352 512 397 δι’
527 356 574 397 υἱοῦ
594 360 672 405 πιστοῖς
687 353 803 409 διδόμενον,
824 353 906 405 εἰκότως

120 423 236 478 ὑφεστῶτος
252 426 286 468 καὶ
303 423 438 480 ὑπάρχοντος,
459 424 511 466 ἳκαί
529 423 592 467 αὑτοῦ
609 429 646 467 τοῦ
662 422 774 479 πνεύματος
788 427 826 466 τοῦ
840 420 905 479 άγίου.

124 493 164 544 Τάς
176 492 289 549 ἰδιότητας,
311 492 338 543 ῶς
350 490 507 548 προειρήκαμεν,
529 492 643 550 προςοίκτων
654 491 774 547 ὑφεστώτων
786 489 907 543 ὑποστάσεις

121 562 256 617 ὀνομάζουσιν
265 566 286 606 οί
296 562 426 616 άνατολικοί,
443 561 489 617 οῦχί
500 561 537 612 τάς
547 568 599 619 τρεῖς
611 560 731 613 ὑποστάσεις
741 568 794 620 τρεῖς
805 559 878 619 άρχάς,
893 562 908 618 ἢ

121 637 174 688 τρεῖς
185 631 248 682 θεοὺς
259 633 358 688 λέγοντες·
380 629 549 685 άναθεματίζουσι
563 630 613 688 γάρ,
636 634 656 674 εί
665 649 696 681 τις
707 633 757 689 λέγει
770 638 823 689 τρεῖς
838 631 906 681 θεοὺς.

121 698 171 743 Ἀλλ’
180 700 228 744 οῦδὲ
239 702 314 757 πατέρα
323 700 356 743 καί
366 698 411 743 υίὺν
422 699 460 743 δὺο
471 699 535 750 θεοὺς
544 700 641 757 λέγουσιν,
670 699 802 758 Ὁμολογοῦσι
811 700 849 758 γάρ
860 703 908 755 μίαν

124 768 174 814 εἶναι
188 769 286 825 θεότητα,
308 771 462 826 ἕμπεριέχουσαν
473 768 497 812 δι’
513 771 561 813 υἱοῦ
573 771 594 813 ἓν
609 769 707 825 πνεύματι
721 768 771 829 άγίῳ
790 769 815 813 τά
834 768 908 823 πάντα,

92 852 94 855 ’
124 838 244 896 ὁμολογοῦσι
253 841 300 893 μίαν
309 838 403 894 θεάτητα,
419 840 453 882 καί
465 841 512 893 μίαν
521 842 628 895 βασιλείαν,
643 841 678 882 καὶ
688 842 735 893 μίαν
745 839 813 896 άργήυ.
837 838 909 895 Ὅμως

123 907 148 950 τοί
164 907 263 965 πρόςωπα
280 911 300 952 έν
317 914 361 958 ταῖς
379 906 464 963 ἰδιότησι
479 914 519 952 τῶν
534 906 664 952 ὑποστάσεων
681 908 768 963 εὐσεβῶς
784 911 908 966 γνωρίζουσι,

123 975 159 1020 τὺν
170 979 247 1034 πατέρα
257 979 279 1020 ἐν
290 982 314 1037 τῇ
324 983 413 1037 πατρικῇ
424 975 521 1036 αῦθεντίμ
533 976 639 1031 ὑφεστῶτα
649 983 752 1030 νοοῦντες,
773 979 808 1020 καί
818 975 853 1021 τάν
863 975 909 1020 υῐὺν

125 1045 149 1089 οῦ
166 1048 226 1103 μέρος
239 1045 288 1089 ῦντα
303 1051 339 1089 τοῦ
350 1045 436 1103 πατρίς,
459 1044 507 1089 άλλά
524 1051 622 1103 καθαρῶς
637 1048 659 1090 ε’νι
669 1045 744 1103 πατρὺς
759 1047 833 1090 τέλειον
846 1047 868 1089 έκ
880 1062 909 1088 τε-

124 1118 178 1158 λείου
193 1116 336 1172 γεγεννημένον
352 1117 387 1157 καί
402 1113 507 1168 ὑφεστῶτα
523 1113 675 1171 ὁμολογοῦντες,
701 1117 734 1158 καί
750 1114 773 1159 τά
791 1115 870 1170 πνεῦμα
886 1113 909 1158 τά

125 1183 194 1239 άγιον,
215 1183 226 1226 δ’
241 1183 254 1239 η
272 1187 320 1226 θεία
335 1183 404 1240 γραφη
423 1186 555 1240 Παράκλητον
571 1183 674 1237 ὀνομάζει,
695 1185 717 1226 ἐκ
734 1182 810 1240 πατρίς
824 1182 849 1226 δι’
863 1186 910 1227 υἱοῦ

125 1250 230 1305 ὑφεστῶτα
239 1255 373 1309 γνωρίζοντες.
395 1250 430 1302 Ὡς
440 1249 452 1295 ὑ
461 1251 589 1308 παράκλητος
600 1250 623 1295 τῦ
635 1257 713 1307 πνεῦμα
723 1257 758 1306 τῆς
770 1252 867 1307 άληθείας
880 1256 910 1296 δι-

126 1321 195 1364 δάσκει
206 1319 259 1375 ἡμᾶς
270 1320 307 1376 την
317 1320 426 1375 ἀληθειαν,
448 1320 491 1375 ἥτις
503 1323 556 1363 ἐστίν
571 1319 583 1364 0‘
594 1321 645 1370 υίός.
677 1320 751 1371 Οῦδείς
762 1320 800 1378 γάρ
813 1323 864 1377 λέγει
875 1320 911 1365 κῦ-

126 1408 169 1446 ριος
178 1388 266 1444 Ἰησοῦς,
288 1392 306 1432 εί
321 1389 348 1445 μη
361 1392 383 1433 έν
398 1390 496 1444 πνεῦματι
514 1388 570 1446 άγίῳ.
603 1389 710 1433 Οῦτωκαί
725 1389 802 1442 ὑυὶὑς,
823 1389 846 1440 ῦς
859 1392 911 1434 ἐστιν

126 1457 218 1513 άληθεια,
233 1457 268 1501 τάν
279 1457 378 1513 άληθιυὺν
389 1457 446 1510 θεάν,
458 1458 493 1502 τὺν
504 1460 577 1502 ἑαυτοῦ
588 1461 664 1515 πατέρα
674 1457 728 1513 ὑμᾶς
740 1457 827 1514 εῦσεβῶς
838 1460 912 1503 είδέναι

126 1526 214 1580 διδάξει,
233 1527 305 1578 καθῶς
314 1528 375 1584 λέγει,
395 1526 418 1570 ‘0
430 1526 656 1585 ἓωρακοίςέμὲέῶρακε
669 1527 704 1571 τιίν
716 1529 798 1585 πατέρα,
830 1527 912 1571 Οὐκοῦν

126 1600 148 1641 ἐν
163 1599 261 1652 πνεῦματι
276 1595 326 1655 άγίρν
341 1594 387 1639 υίῦν
403 1594 463 1647 άξίως
480 1601 578 1651 νοοῦμεν,
598 1598 620 1639 έν
631 1599 670 1656 υίῷ
684 1597 705 1639 δὲ
719 1602 823 1654 μονογενεῖ
836 1598 912 1654 πατέρα

127 1664 214 1722 εῦσεβῶς
223 1667 257 1709 καὶ
269 1664 328 1717 άξίως
341 1664 457 1719 δοξάζομεν,
478 1666 513 1708 καὶ
525 1664 576 1720 αῦτη
589 1667 642 1708 ἐστίν
653 1664 763 1723 ἡσφραγὶς
772 1671 808 1721 τῆς
820 1669 912 1718 πίστεως,

129 1737 150 1778 ἒν
165 1730 180 1795 ᾗ
193 1737 286 1792 σφραγίδι
304 1737 440 1790 βαπτισθῆναι
455 1736 574 1791 προςέταξεν
591 1732 603 1777 ὑ
618 1733 683 1790 σωτηρ
701 1736 735 1778 καὶ
751 1733 822 1792 κάρτος
835 1733 913 1789 Ἰησοῦς

130 1802 227 1860 Χριστιίς,
247 1801 260 1847 ὑ
275 1804 347 1860 λέγων,
365 1804 504 1859 Πορευθέντες
522 1803 661 1858 μαθητεύσατε
677 1802 742 1846 πάντα
753 1802 778 1847 τά
790 1805 855 1858 ἔθνη,
876 1807 911 1859 βα-

127 1875 227 1924 πτίζοντες
238 1870 311 1922 αὑτοὺς
322 1874 350 1921 είς
360 1871 382 1914 τιί
398 1870 462 1926 ὄνομα
473 1876 511 1914 τοῦ
521 1869 598 1928 πατρὸς
608 1873 643 1915 καί
655 1877 691 1915 τοῦ
702 1874 749 1916 υἱοῦ
760 1874 795 1915 καὶ
806 1877 842 1915 τοῦ
853 1871 912 1930 άγίου

127 1940 247 1996 πνεύματος.

35 2021 115 2068 Κεφηζῐ
186 2011 240 2066 Περὶ
255 2007 292 2066 γάρ
302 2014 338 2064 τῆς
348 2007 399 2052 κατά
411 2008 478 2052 πάντα
489 2013 526 2052 τοῦ
538 2011 585 2052 υἱοῦ
594 2008 645 2064 πρὸς
658 2008 693 2052 τὺν
705 2011 781 2065 πατέρα
794 2008 913 2065 ὁμοιότητος

128 2078 249 2135 πλατύτερον
259 2079 295 2133 μὲν
306 2077 390 2133 ἀλλαχοῦ
405 2080 486 2133 εἴρηται.
516 2077 602 2132 Ὁμοίως
613 2079 634 2121 δὲ
646 2079 680 2121 καὶ
689 2083 726 2121 νῦν
737 2080 759 2121 ἒν
769 2081 841 2135 βραχεῖ
849 2097 913 2137 παρα·
966 2113 968 2116 >

45 2177 80 2206 pag.
87 2171 118 2199 564.
128 2147 279 2203 σημειώσασθαι
289 2145 328 2190 οῦκ
336 2146 448 2202 βινήσομεν
458 2145 490 2189 ῦτι
499 2144 511 2190 ὑ
521 2144 631 2195 άπὺστολος
642 2145 709 2189 είκόνα
720 2152 756 2189 τοῦ
765 2145 853 2204 άοράτου
861 2153 913 2191 θεοῦ

127 2214 162 2259 τὸν
173 2215 219 2258 υίὺν
234 2214 329 2272 είρηκῶς,
350 2217 384 2258 καὶ
397 2218 418 2258 έν
434 2214 498 2273 τούτῳ
514 2214 597 2265 διδάξας
612 2214 643 2258 ὅτι
654 2214 726 2269 ὑμοιός
738 2217 792 2258 ἔστιν
808 2214 875 2267 ὑυίὺς
885 2220 913 2275 τῷ

128 2286 200 2342 πατρί,
222 2283 307 2339 άλλαγοῦ
318 2289 361 2333 πῶς
374 2287 405 2326 δεῖ
414 2290 469 2326 νοεῖν
478 2282 513 2327 τῶν
525 2283 570 2327 υίιίν
580 2285 702 2340 παρέδωκεν.
729 2285 766 2326 Ἐν
777 2282 815 2341 γάρ
826 2290 851 2344 τῇ
863 2285 914 2342 πριίς

113 2386 115 2389 -
131 2355 281 2406 Φιλιππησίους
290 2354 382 2411 ἐπιστολῇ
393 2366 449 2407 φησι,
455 2351 493 2402 Ὃς
504 2354 526 2395 ἒν
537 2357 607 2411 μορφῇ
621 2357 673 2395 θεοῦ
683 2351 780 2409 ὑπάρχων
791 2351 828 2408 οὑχ
837 2353 913 2411 άρπαγ·

129 2421 168 2476 μὺν
179 2419 267 2476 ηγησατο
279 2420 301 2463 τιί
313 2419 364 2463 εῖναι
378 2423 412 2463 ίσα
423 2425 477 2479 θεῷ,
499 2419 538 2463 άλλ’
550 2420 622 2463 ἕαυτὺν
634 2421 729 2473 ἐκένωσε,
745 2421 826 2478 μορφήν
839 2423 913 2467 δοῦλον

128 2488 206 2545 λαβοίν,
227 2488 371 2545 ένὺμοιῶματι
386 2488 504 2545 άνθρῶπων
518 2488 630 2546 γενόμενος.
659 2487 725 2532 Ἐνδέ
737 2495 762 2549 τῇ
774 2489 914 2547 πρὺςῬωμαί-

129 2576 176 2611 ους,
201 2557 227 2601 Τά
241 2557 278 2615 γάρ
291 2558 390 2601 άδὺνατον
404 2563 441 2601 τοῦ
451 2557 528 2612 νόμου,
550 2553 599 2616 ε’νρῖ
611 2557 693 2612 ἠσθένει
704 2557 737 2601 διά
748 2564 785 2614 της
797 2558 881 2616 σαρκάς,
902 2558 914 2604 ὅ

129 2626 179 2677 θεάς
189 2626 224 2669 τὺν
234 2628 305 2670 ἑαυτοῦ
316 2626 360 2670 υίιίν
371 2628 453 2682 πέμψας
463 2628 485 2669 έν
495 2624 607 2681 ῦμοιῶματι
618 2626 699 2682 σαρκὸς,
714 2628 805 2684 καὶπερὶ
816 2626 915 2685 άμαρτίας

128 2697 232 2752 κατέκρινε
246 2694 283 2750 την
295 2694 392 2750 ἁμαρτίαν
402 2697 423 2739 ἒν
439 2700 462 2754 τῇ
475 2695 544 2751 σαρκί,
566 2693 593 2744 ῶς
606 2696 689 2737 ἐπὶτῶν
701 2694 737 2738 δῦο
752 2699 878 2752 Ιμαρτυρίωυ
892 2699 914 2740 ἐκ

130 2769 171 2807 τῶν
187 2763 224 2807 δὺο
241 2767 348 2807 ἐπιστολῶν
360 2762 419 2807 ἳάττὸ
433 2769 470 2806 τοῦ
481 2768 597 2817 σωματικοῦ
611 2761 697 2818 εῦσεβῶς
710 2765 745 2806 καί
760 2763 797 2818 την
814 2765 859 2820 περὶ
877 2770 915 2808 τοῦ

131 2831 202 2887 ὁμοίου
221 2834 314 2875 3έννοιαν
331 2831 384 2886 ὑμᾶς
399 2834 434 2875 καί
447 2833 480 2875 ε’πί
491 2835 528 2874 τοῦ
539 2830 647 2885 ἀσωμάτου
658 2831 735 2888 πατρός
745 2848 766 2873 τε
778 2833 813 2874 καὶ
826 2834 873 2875 υίοῦ
885 2836 914 2876 δι-

154 2926 193 2959 CAP.
201 2927 249 2959 XVI.
263 2945 283 2951 -
304 2928 317 2959 1.
328 2921 360 2960 ου’ν.
371 2924 509 2960 ἐσπουδάκατε.
534 2935 588 2967 στηκε
604 2925 624 2960 δὲ
635 2925 665 2960 καὶ
675 2924 695 2961 τὸ
706 2926 774 2969 πνεῦμα
789 2920 836 2969 ἅγιον
852 2930 915 2961 uncinis

131 2968 162 3006 οῦκ
171 2971 196 3005 ἔτι
206 2974 230 3005 ed.
239 2975 291 3013 ρνίκο.
314 2968 372 3006 οῦκέτι
380 2974 417 3004 edit.
425 2974 480 3005 Ροιου.
487 2992 510 2997 -
532 2972 596 3004 inclusit
607 2973 688 3005 Ρειουίυτ.

131 3019 182 3050 Verba
192 3015 219 3052 Τὺ
227 3019 295 3062 πνεῦμα
305 3014 325 3053 οῦ
335 3019 397 3052 νοεῖται
407 3015 455 3057 νἰδς,
468 3014 510 3062 ὑφέ-
555 3016 571 3048 ‘2-
578 3015 654 3060 ,,πατρίς
664 3016 694 3051 καί
707 3016 744 3051 υἱοῦ
755 3016 820 3050 addo.“
832 3019 914 3051 Ριλουίυο.

532 3062 637 3096 scribendum
646 3065 687 3096 τίνοι·
697 3059 807 3108 ὑπάρχοντος,
819 3062 850 3100 καὶ
860 3060 913 3099 αὑτοῦ
