1988 3392
114 221 156 263 760
422 226 497 262 INDEX
508 226 595 263 RERUM.

78 338 81 342 ,
114 308 196 343 Ieiunium
214 313 284 353 quartae
300 315 318 342 et
335 314 393 342 sextae
409 308 463 341 feriae
478 307 496 341 in
541 320 579 342 rum
591 320 600 342 e
613 309 679 342 Graeco
695 309 714 344 in
725 309 827 344 hebraicum
842 314 899 343 hans-

138 366 209 400 eoclesia
221 368 260 398 910.
275 385 298 391 -
321 366 377 399 deso
391 364 497 409 apostolicae
542 365 577 399 lata
588 377 683 399 sermonem
699 366 717 400 in
734 366 834 401 Iudaeorum
847 378 900 411 gazo·

138 422 268 456 constitutiones
279 421 321 455 ibid.
542 422 625 467 phylaoiis
637 423 701 456 servari
712 426 751 456 121.

115 478 178 512 Ieiunia
190 478 291 512 Iudaeorum
303 481 342 513 159,
446 478 448 480 ’
520 480 590 512 loannes
603 480 677 523 Baptista
694 492 724 513 our
741 478 819 513 arundini
830 490 900 522 compa-

114 535 167 569 lelxei
182 535 344 580 pseudoprophetae
361 547 434 579 nomen,
452 535 498 568 unde
543 541 589 568 ratus
608 541 626 568 et
644 535 748 570 mollioribus
772 535 847 569 vestibus
866 545 901 568 non

138 590 233 624 derivatum
243 594 273 623 41.
544 597 621 624 uteretur
632 593 659 625 88.
671 610 694 617 -
717 603 746 626 eur
763 591 817 625 maior
827 591 858 624 illo
873 591 901 637 qui

115 647 186 692 lephtae
197 646 232 681 filia
244 647 309 681 Sicimis
322 648 388 688 colitur,
401 649 446 683 unde
458 649 498 682 ido·
543 647 599 681 minor
611 654 637 681 est
648 648 665 681 in
677 660 730 694 regno
743 649 828 683 coelomrn
840 651 868 684 89.

138 704 206 738 lolatria
216 704 271 738 fertur
282 705 441 750 profluxisse1055.
522 696 593 738 Ioannes
605 705 709 750 evangelium
719 705 805 751 quomodo
817 706 902 752 scripserit

116 762 162 795 Iesus
174 773 208 807 quo
219 768 298 808 tempore
310 770 336 797 est
347 763 442 810 baptizatus
459 768 498 799 499.
544 765 585 796 441·

116 819 162 853 Iesus
175 819 216 866 quid
227 820 311 867 significet
323 822 401 858 Hebraee
414 827 453 858 120.
524 820 560 855 lobi
572 821 671 868 genealogia
683 825 711 856 10.
858 866 859 869 ¹

117 879 163 912 lesus
174 879 250 913 secondo
262 881 336 927 losepho
348 889 419 928 apparet
431 885 469 916 133.
524 880 591 926 Iosephi
607 880 678 915 historia
695 893 716 915 er
726 881 818 928 Epiphanii
833 888 903 917 senteu-

117 938 162 983 Ignis
179 944 197 971 et
214 950 257 983 aqua
272 951 366 985 perquam
382 940 463 975 transitus
474 941 500 985 fit,
546 937 570 972 tia
582 940 633 972 1099.
647 958 667 964 -
691 939 761 973 Iacobus
778 939 812 973 eius
828 939 871 974 filius
883 952 904 975 ex

141 994 227 1041 quomodo
239 996 320 1041 explicari
332 998 386 1041 possit
398 1000 438 1032 5⁷0.
546 995 604 1040 priore
615 1007 679 1037 uxore,
698 995 727 1041 qui
745 1003 763 1029 et
775 996 829 1030 irater
841 996 904 1032 domini

118 1052 175 1086 Inachi
187 1064 250 1086 nomen
262 1053 321 1087 datum
332 1055 384 1089 fluvio
396 1059 424 1090 11.
547 1051 635 1086 dicebatur
646 1053 687 1086 ibid·

117 1110 189 1144 Inachus
201 1117 279 1156 tempore
291 1111 355 1156 Moysis
365 1114 411 1158 apud
427 1114 501 1149 Graecos
525 1109 606 1154 IOSePhUS
627 1111 745 1155 octogenarios
765 1111 836 1146 Mariam
859 1112 906 1147 ducit

142 1170 170 1200 11.
548 1169 599 1199 1⁰40.

118 1225 195 1257 Incertus
211 1230 271 1258 auctor
283 1226 310 1258 cit.
330 1223 349 1269 (ὁ
358 1226 438 1270 κρείττων
450 1227 501 1272 ἐμοῦ)
525 1223 607 1268 I0⁵¹¹2Phus
619 1223 774 1268 quassd⁰ffl⁰fffl¹¹⁵
787 1227 837 1259 1⁰42·

142 1284 170 1319 64,
182 1283 198 1313 6.
211 1288 229 1313 et
241 1284 269 1313 67.
282 1288 299 1314 et
313 1285 340 1314 to.
525 1280 605 1325 Iosephus
615 1280 693 1324 princeps
704 1281 805 1314 Iudaeorum
815 1282 835 1315 fit
847 1282 907 1316 Comes

119 1337 204 1370 Iudicnlus
226 1337 282 1370 brevis
304 1338 397 1372 haereseon
425 1352 468 1385 quae
484 1342 502 1374 in
548 1349 558 1369 θ
570 1336 683 1370 601154461ῑῖῠο
694 1338 758 1380 Magno
770 1340 809 1370 135-
824 1357 844 1363 -
861 1337 906 1371 idem

142 1400 191 1426 sexto
201 1399 250 1425 torno
262 1393 376 1437 continentur,
387 1395 404 1428 in
416 1407 449 1440 quo
459 1397 501 1430 hae·
548 1392 569 1425 ab
586 1393 690 1436 Imperatore
701 1392 782 1436 impetrat
797 1400 816 1426 nt
827 1393 907 1427 ecolesIae

141 1461 187 1482 reses
198 1455 238 1481 sunt
249 1457 315 1493 septem
328 1452 361 1482 906
373 1458 391 1483 et
403 1454 442 1485 809.
547 1449 565 1481 in
583 1449 666 1481 honorem
687 1447 750 1481 Christi
767 1448 785 1481 iu
808 1448 907 1483 Iudaeorum

119 1504 205 1538 Iudicnlus
218 1506 306 1538 continens
317 1506 414 1540 octodecim
425 1508 503 1542 haereses
549 1504 616 1550 oppidis
628 1511 765 1539 construerentur
777 1507 816 1541 136.

143 1562 186 1594 torni
199 1562 253 1607 quarti
266 1565 306 1596 396.
319 1565 357 1596 397.
371 1567 410 1597 398.
528 1563 607 1607 Iosephus
618 1574 669 1595 senex
681 1562 799 1607 octogenarius
814 1563 908 1609 desponsa-

121 1618 206 1651 Indieulus
218 1619 307 1653 continens
318 1632 400 1656 summam
411 1622 504 1659 haereseon
549 1627 577 1654 tus
584 1619 648 1654 Μῦῐῖθθ
657 1620 726 1666 Virginis
736 1632 766 1654 ⁵01
776 1633 786 1654 θ
796 1620 849 1668 Priori
856 1634 909 1657 ⁰1⁰1ss

144 1677 192 1711 tertii
204 1677 260 1719 tomi,
278 1690 321 1725 quae
332 1691 402 1715 numero
416 1689 455 1716 sunt
466 1689 501 1717 tre·
550 1678 619 1713 sublatis
640 1679 698 1721 libris,
720 1691 752 1714 uec
772 1680 910 1715 consuetudinem

146 1736 201 1771 decim
214 1739 253 1772 229.
550 1738 609 1771 hahuit
621 1749 658 1771 eum
670 1738 724 1772 Maria
740 1740 781 1773 432.
795 1758 816 1765 -
839 1751 869 1773 cur
881 1746 909 1774 ta-

123 1795 208 1829 lndieolus
224 1796 318 1830 haereseon
338 1809 381 1842 quae
398 1798 505 1833 eontinentur
551 1801 590 1829 meu
608 1796 634 1829 vir
646 1795 711 1829 Mariae
728 1795 822 1841 appellatus
838 1796 880 1830 ibid·
893 1804 911 1831 et

146 1861 194 1888 tomo
206 1853 277 1899 quinto,
288 1854 306 1888 in
319 1866 352 1900 quo
363 1855 442 1889 haereses
454 1857 506 1902 quin·
551 1855 591 1887 133.
604 1872 625 1878 -
648 1852 679 1886 sed
691 1852 760 1886 nornine
771 1860 820 1887 tenos
832 1856 873 1888 499,

146 1923 179 1956 que
191 1919 300 1945 numerantur
312 1914 345 1945 605
357 1920 375 1946 et
387 1915 426 1946 666.
530 1910 610 1954 Iosephus
619 1909 701 1954 templum
711 1910 757 1955 apud
765 1910 836 1944 ludaeos
844 1911 911 1946 Christo

122 1969 207 2003 Iudicnlus
224 1969 316 2002 haereseon
338 1981 380 2014 quae
398 1971 506 2004 eontinentur
552 1979 616 2001 sacrum
627 1967 730 2000 extruitnon
738 1967 774 2000 sine
782 1967 863 2002 miraculo
871 1971 911 2002 166.

145 2033 193 2059 tomo
204 2025 278 2070 septimo
296 2032 314 2058 et
324 2033 364 2059 sunt
380 2038 451 2060 numero
463 2038 505 2072 qna·
530 2024 611 2069 Iosephus
621 2035 642 2057 ne
650 2024 672 2057 ab
683 2023 749 2057 Arionis
762 2024 867 2065 initiaretur,
879 2025 912 2058 lie-

146 2089 186 2115 tuor
197 2085 237 2115 993.
552 2087 611 2126 retque
623 2080 718 2125 episcopus,
730 2080 813 2114 secundas
826 2082 912 2115 contraxit

123 2139 197 2183 Ingeniti
213 2150 276 2172 nomen
287 2137 305 2171 in
316 2138 403 2184 seripturis
415 2150 451 2173 non
461 2139 507 2183 legi·
517 2132 519 2148 ¹
552 2137 619 2181 nuptias
630 2139 670 2169 129.

147 2204 175 2228 tur
189 2199 229 2228 941,
531 2193 612 2236 Iosephus
628 2193 681 2225 vicem
697 2192 751 2237 patris
763 2192 825 2226 Christi
836 2194 913 2237 gerebat,

124 2251 507 2295 Ioanneseurerangelirrmscripserit433.-
552 2248 584 2282 sed
600 2260 619 2281 re
636 2260 677 2281 vera
694 2260 730 2282 non
747 2256 783 2281 erat
800 2248 845 2282 illius
863 2256 913 2294 pater

148 2307 216 2352 quaudo
233 2313 251 2339 et
267 2319 300 2352 qua
316 2314 372 2340 aetate
388 2307 463 2340 scribere
478 2306 507 2340 in-
554 2307 593 2338 155.

149 2364 205 2409 eoepit
217 2366 257 2396 344.
270 2384 291 2389 —-
314 2364 346 2398 soh
363 2364 434 2398 Cocceio
450 2365 508 2407 Nerva
531 2353 634 2408 Iosephusa
647 2362 712 2397 Iudaeis
727 2363 771 2397 male
783 2363 864 2397 multatur
876 2375 913 2397 cum

148 2428 238 2456 revoratus
250 2429 277 2455 est
287 2422 309 2454 ab
321 2422 371 2454 exilio
383 2422 424 2456 ibid.
436 2441 458 2447 -
475 2433 508 2455 ve-
553 2431 585 2466 pro
597 2419 631 2454 fide
642 2431 701 2466 passus
713 2427 739 2455 est
751 2422 790 2455 135.

148 2491 186 2514 rum
197 2486 264 2525 tempus
275 2486 294 2513 et
304 2480 403 2526 mysterium
415 2480 508 2514 nativitatis
533 2478 599 2525 losephi
616 2478 681 2514 comitis
693 2479 764 2516 historia
781 2479 823 2514 dieti
835 2479 914 2515 Tiberia-

151 2538 213 2573 Christi
225 2538 308 2584 evangelii
318 2539 344 2572 sui
355 2539 426 2575 exordio
443 2540 509 2585 aperuit
555 2537 611 2571 densis
624 2541 663 2572 128.

149 2596 191 2631 ibid.
204 2605 222 2630 et
233 2599 273 2631 435.
533 2597 604 2642 Iosepho
615 2596 645 2630 srlii
657 2597 726 2631 Iriemnt
737 2609 759 2631 ex
770 2596 803 2632 alia
814 2609 868 2632 uxore
879 2609 914 2632 non

125 2655 195 2690 Ioannis
206 2654 278 2689 historia
286 2655 367 2690 Ehionem
379 2656 397 2690 in
407 2656 469 2690 balneo
479 2657 509 2690 su·
555 2667 576 2688 ex
585 2654 650 2699 uirgine
661 2655 725 2698 Maria,
737 2662 807 2689 auctore
819 2656 914 2701 Epiphanio

150 2713 224 2758 gientis‚
235 2724 258 2747 ne
270 2726 308 2748 oum
320 2725 340 2747 eo
352 2714 417 2748 lavaret
429 2716 468 2747 148.
520 2707 522 2713 ’
556 2715 595 2745 115.

128 2771 196 2805 Ioannis
213 2771 299 2815 quomodo
310 2784 344 2805 vox
360 2771 435 2814 dicatur,
454 2770 508 2816 expli-
533 2772 611 2804 Irenaeus
622 2769 668 2803 inter
680 2769 738 2803 Gallos
750 2768 814 2814 degens
824 2772 863 2803 114.

152 2837 200 2864 eatur
212 2833 250 2863 764.
534 2829 610 2860 Irenaeus
622 2826 690 2871 scripsit
701 2833 760 2860 eontra
771 2826 860 2860 Basilidem
867 2825 914 2860 elus-

128 2888 196 2922 Ioannis
213 2886 318 2931 evangelium
329 2885 435 2919 divinitatem
448 2884 510 2918 Christi
556 2895 589 2929 que
599 2883 682 2916 haeresim
695 2886 722 2916 73.

152 2950 192 2977 ante
204 2944 260 2977 omnia
272 2943 338 2976 detexit
350 2945 382 2976 141
534 2942 580 2974 Isaac
591 2940 622 2973 lilii
633 2939 668 2972 duo
680 2941 724 2973 Esau
735 2946 753 2972 et
765 2940 815 2973 Iacob
828 2943 843 2972 9.

129 3000 197 3034 Ioannis
209 2999 295 3043 Baptistae
312 3000 334 3032 de
347 2999 415 3032 Christo
431 2997 510 3031 testimo·
534 2999 599 3031 isaacus
610 3004 650 3041 post
661 3002 748 3041 susceptos
759 2996 822 3029 liberos
834 3006 872 3028 eum
879 2995 914 3028 Re-

152 3057 199 3090 nium
210 3059 249 3088 516.
556 3053 618 3093 hecea,
632 3064 666 3085 non
678 3053 750 3097 amplius
766 3051 856 3086 consuerit
868 3053 914 3083 1654

129 3112 197 3148 Ioannis
214 3111 319 3158 evangelium
336 3117 354 3145 et
366 3114 408 3145 ncta
419 3109 509 3157 apostolo·
