1988 3392
255 211 348 246 romanu
360 212 441 246 mnne
453 212 509 246 rou.
516 214 530 246 1.
542 200 700 245 unumunurm.
827 204 869 245 279

84 294 184 343 tantares,
200 298 221 334 et
230 291 361 347 cogitationes
371 291 467 343 lubricae,
484 299 505 334 et
515 292 535 334 in
546 304 636 334 errorem
646 305 721 346 pronae
733 299 791 344 sunt;
807 305 870 347 quan-

84 360 189 416 doquidem
202 373 225 401 ea
242 367 326 402 naturae
342 359 457 402 conditione
471 374 547 402 sumus.
577 358 656 402 Natura
673 374 733 416 porro
749 359 780 400 dei
792 366 812 400 et
822 359 870 400 sub-

85 428 158 471 stantia
173 428 251 471 dicitur.
283 426 342 483 Quod
360 434 425 469 autem
442 435 532 470 naturam
546 442 569 471 ae
583 432 688 480 naturam,
709 434 729 469 et
740 427 870 469 substantiam

84 504 144 551 atque
154 497 285 553 substantiam
299 496 403 548 audimus,
419 512 459 539 uon
472 496 518 549 ideo
530 496 704 553 incomparabilem
720 502 799 552 oportet
811 497 868 538 derum

84 579 129 607 cum
142 572 212 607 natura
226 565 411 607 nostraconlerre.
442 563 518 607 Eadem
530 572 550 607 et
564 565 635 621 ubique
647 565 699 607 ratio
711 571 754 615 est,
777 563 869 620 quicquid

85 634 160 676 dedeo
178 634 275 677 affirmare
294 635 389 676 volueris.
421 633 460 677 Est
475 633 528 676 enirn
544 633 640 676 eiusmodi
659 643 680 677 ut
696 648 741 676 eum
757 633 812 675 nullo
829 632 869 675 alio

22 747 24 749 ,
85 703 210 747 commisceri
221 712 254 755 aut
267 705 377 761 comparari
390 704 464 761 possit,
481 693 591 761 perlectum
603 704 624 746 in
636 718 694 757 sese,
716 718 740 746 ac
753 703 783 745 rei
796 703 869 745 nullius

84 773 185 830 indigens.
217 773 252 817 Est
271 774 323 816 enim
336 788 372 831 per
385 788 407 816 se
420 775 463 831 ipse
476 788 548 816 sensus
560 781 581 816 et
591 788 626 831 per
640 788 662 815 se
678 773 779 816 voluntas.
812 770 869 816 Unde

84 843 258 900 incomparabilem
278 843 396 900 unicumque
413 844 473 886 lilium
492 843 536 886 sine
558 844 598 885 ulla
614 844 763 901 comparatione
782 842 868 899 gignens

84 927 121 954 nec
133 912 244 955 substantia
255 912 298 970 ipse
307 926 344 955 sua
355 913 444 969 privatus
453 921 492 965 est,
509 927 546 954 nee
557 912 591 954 ille
604 927 661 969 quem
673 927 701 954 ex
711 926 757 955 sese
766 913 830 955 solum
840 927 867 955 ex

84 981 127 1024 solo
141 984 221 1038 genuit,
244 996 308 1038 neque
321 982 402 1039 spiritus
413 988 501 1024 sanctus.
533 979 574 1036 Qui
587 982 644 1023 ambo
657 981 729 1023 nullam
740 996 784 1023 cum
795 982 868 1024 ceteris

84 1050 144 1094 rebus
154 1051 255 1107 dignitatis
265 1058 356 1103 naturae,
374 1051 406 1093 rel
417 1050 499 1094 alterius
511 1050 548 1102 rei,
565 1050 704 1106 aequalitatem
715 1050 795 1092 babent.
825 1049 869 1093 Ne-

85 1133 123 1176 que
136 1133 186 1161 vero
197 1120 325 1177 semetipsum
336 1119 434 1176 privavit,
455 1120 498 1161 sive
510 1120 648 1170 allectionem,
669 1119 712 1161 sive
724 1119 869 1176 incomparabi-

85 1188 109 1230 lis
120 1188 183 1246 ipsius
194 1187 303 1231 diuinitatis
315 1179 445 1231 substantiam
456 1195 548 1245 spectes,
564 1202 602 1231 uec
614 1188 680 1242 illius,
697 1188 726 1230 uti
737 1187 792 1241 dixi,
809 1188 869 1230 sobo-

84 1257 122 1299 lem
139 1263 222 1299 aeterno
240 1258 345 1314 splendore
362 1266 394 1300 est
410 1265 430 1300 et
444 1257 563 1314 aequalitate
576 1257 664 1314 privata,
687 1271 737 1313 quae
751 1257 833 1313 perinde
846 1271 869 1299 ae

84 1325 165 1381 spiritus
180 1334 262 1369 sanctus
282 1341 326 1368 eum
346 1327 400 1368 nullo
421 1326 461 1369 alio
477 1327 497 1368 iu
516 1326 684 1383 comparationem
704 1326 774 1368 deduci
793 1333 867 1382 potest,

84 1409 134 1450 quae
146 1402 177 1436 est
187 1396 275 1450 perlecta
286 1395 377 1448 trinitas,
394 1396 507 1451 perlectus,
528 1395 620 1450 inquam,
643 1402 711 1451 pater,
733 1395 869 1450 perl'ectusli-

84 1463 135 1515 lius,
157 1463 258 1518 perfectus
275 1463 356 1519 spiritus
374 1470 463 1505 sanetus.
495 1461 552 1517 Quae
571 1463 649 1518 quidem
665 1462 743 1504 trinitas
758 1462 813 1504 inse
828 1477 868 1505 non

84 1532 174 1573 confusio
186 1531 250 1587 aliqua
264 1539 307 1583 est,
323 1539 357 1573 aut
368 1532 387 1573 in
400 1545 422 1573 sc
435 1532 478 1588 ipsa
490 1530 660 1588 perturbationem
670 1531 730 1573 ullam
742 1530 813 1583 babet,
834 1540 869 1574 aut

85 1599 182 1656 quicpiam
200 1601 252 1654 quod
266 1600 369 1642 inlerioris
385 1599 504 1642 conditionis
516 1599 555 1652 sit,
578 1594 633 1642 nesi
645 1600 770 1642 discernatur
786 1599 868 1656 aliquid,

83 1668 237 1724 incomparabile
248 1668 312 1724 ipsum
324 1668 379 1710 tollat
393 1682 404 1709 e
416 1668 494 1719 medio,
516 1675 550 1710 aut
561 1668 578 1710 si
589 1669 634 1723 quid
647 1675 788 1710 commutatum
800 1669 868 1720 luerit,

84 1750 129 1778 esse
145 1736 222 1778 desinat
237 1736 349 1792 privatione
365 1736 477 1789 sublatum,
499 1749 522 1778 ae
538 1737 581 1778 sola
597 1736 722 1789 habitudine,
744 1751 785 1778 non
800 1750 827 1779 ex
838 1738 869 1779 rei

44 1830 45 1833 =
84 1804 181 1854 veritate,
197 1812 231 1846 aut
241 1818 291 1846 voce
302 1812 360 1846 tenus
371 1805 410 1855 sit,
426 1803 530 1860 obiterque
542 1805 675 1856 nominatum,
692 1819 715 1846 ae
726 1804 811 1862 denique
822 1819 870 1848 nus-

84 1886 142 1928 quam
155 1878 223 1924 extat,
248 1873 299 1927 quod
311 1886 372 1927 prava
384 1872 419 1914 tibi
430 1873 523 1927 opinione
536 1873 645 1927 contingis,
667 1887 693 1915 ex
707 1887 745 1929 qua
759 1874 870 1929 scripturae

84 1940 139 1994 tiano
150 1941 269 1981 senteutiam
281 1955 292 1981 a
304 1940 348 1980 lidei
360 1940 487 1995 professione
503 1940 611 1982 excludere
625 1947 645 1981 et
657 1941 772 1983 abiudicarc
787 1949 870 1982 conten-

84 2008 126 2059 dis,
144 2010 227 2048 Credere
236 2016 311 2061 aportet
323 2011 441 2048 accedentem
451 2011 478 2048 ud
488 2011 553 2057 deum,
573 2012 661 2062 quomam
674 2017 713 2058 est,
730 2017 750 2049 et
761 2013 869 2064 quaerenti·
874 2031 973 2068 gemm

84 2076 119 2115 bus
130 2078 190 2128 e'psum
207 2083 340 2117 remunerator
352 2083 387 2116 est.
421 2074 464 2117 Hoc
481 2081 546 2116 autem
562 2076 605 2117 solo
621 2077 641 2117 in
657 2083 712 2130 patre
727 2076 813 2132 intelligi
830 2092 870 2119 non

84 2150 158 2200 potest.
189 2141 291 2199 Numqui
309 2143 368 2184 lilium
386 2158 426 2184 uon
441 2143 511 2193 babet,
534 2150 589 2200 patre
606 2158 683 2199 quoque
699 2158 770 2186 carere
784 2159 870 2187 raecesse

85 2218 127 2264 est,
143 2218 165 2254 et
177 2211 210 2268 qui
221 2211 280 2254 lilium
296 2211 396 2265 concinat,
412 2212 456 2255 sine
471 2212 542 2266 spiritu
557 2213 709 2256 sanctotacere
724 2213 776 2256 istud
792 2213 869 2271 nequit.

142 2278 181 2323 ΙΙΙ.
212 2279 250 2321 Est
260 2281 313 2321 enim
326 2295 349 2322 re
362 2281 405 2338 ipsa
416 2288 473 2337 pater
484 2295 544 2322 verus
555 2282 616 2333 deus,
632 2289 654 2322 ut
665 2290 749 2324 testatur
760 2283 820 2335 lilius,
837 2284 871 2338 qui

86 2349 142 2392 novit
152 2356 240 2406 patrem,
257 2357 277 2391 et
287 2363 335 2391 vera
347 2349 384 2393 lux
395 2357 426 2392 est
438 2349 501 2401 lilius,
517 2350 550 2406 qui
562 2350 690 2407 cognoscitur
699 2351 826 2407 eiusdemque
842 2358 871 2394 te-

86 2418 180 2462 stimonio
198 2419 322 2472 declaratur,
346 2426 366 2461 et
375 2419 456 2476 spiritus
468 2418 559 2462 veritatis
571 2428 602 2462 est
615 2420 708 2478 spiritus,
725 2420 758 2478 qni
770 2436 809 2463 nou
823 2420 871 2463 alie-

87 2502 125 2531 nus
142 2494 184 2541 est,
205 2492 239 2531 sert
255 2497 337 2544 epatre
348 2491 490 2544 proficiscitur,
513 2491 611 2544 etcfib'o
627 2494 705 2546 occipit.
737 2492 804 2548 Atque
821 2491 871 2534 baec
890 2503 944 2537 roam

87 2557 153 2600 omitia
171 2565 223 2601 tuam
241 2558 293 2601 illam
311 2565 473 2615 argumentorum
490 2558 573 2602 tabulam
590 2559 762 2603 circumscribunt.
797 2560 871 2618 Neque
892 2543 945 2581 tate.

87 2632 106 2673 id
119 2631 231 2673 hortatione
243 2627 282 2670 ulla
293 2628 389 2684 perficere
400 2635 457 2684 potes
468 2636 489 2671 ut
498 2628 614 2671 Aristotelis
625 2629 761 2686 praeceptoris
773 2630 800 2672 tui
812 2630 871 2673 disci-

87 2700 127 2757 puli
146 2713 192 2742 esse
202 2697 299 2747 velimus,
323 2704 357 2738 aut
369 2697 502 2753 piscatorum,
524 2697 556 2753 qui
568 2697 598 2738 dei
611 2698 682 2753 spiritu
693 2698 803 2741 collustrati
815 2706 870 2752 sunt,

88 2768 197 2811 doctrinam
210 2766 334 2822 relinquere,
350 2764 488 2808 illiteratorum
501 2766 578 2822 quidem
592 2773 612 2807 et
623 2767 713 2819 rudirun,
730 2768 765 2809 sed
779 2767 870 2811 veritatis

87 2836 216 2879 nibilominus
228 2848 355 2892 praeconum,
367 2849 406 2889 quo
418 2849 500 2877 munere
509 2836 540 2877 dei
549 2836 622 2877 virtute
633 2850 656 2876 ac
664 2835 762 2878 beneficio
772 2838 870 2893 perluucti

88 2972 139 3024 λοιφή
151 2975 187 3029 qdr't.
200 2975 255 3009 Petou.
488 2974 555 3025 Rbediq.
628 3014 633 3027 Ι

113 3021 139 3100 ld.
152 3020 379 3109 0artilrlllrllqlllillllldea‘dcrctur
395 3066 412 3098 in
432 3066 467 3098 cod.
488 3019 541 3106 puli.
560 3029 667 3063 reducetur
689 3021 735 3053 llll.
754 3029 792 3054 mss*
811 3023 826 3055 ll
845 3022 870 3056 ld·
