1988 3392
146 222 187 264 396
433 229 515 263 εκαστι
527 229 642 263 εειεωεοα

146 306 214 362 ψυχην
228 305 266 362 εἶχε
278 307 314 362 την
325 306 464 363 ἆνθρωπείαν,
485 307 509 349 οό
521 306 602 356 πάντως
614 305 655 349 ἇπό
668 308 704 349 τοῦ
715 305 762 357 νοός
774 306 930 362 ηχμαλωτεόετο.

147 377 176 418 Εἰ
183 374 221 432 γάρ
231 373 244 419 ό
252 374 303 419 κατά
310 375 371 429 φάσιν
379 377 432 418 ’ίδιον
440 380 490 419 νοῦν
500 377 621 431 κεκτημένος
629 373 740 426 ἀπόστολος
747 374 782 418 τόν
791 375 930 433 άνθροίπινον,

146 445 181 487 καὶ
196 443 232 487 τόν
249 447 271 489 ἐκ
286 448 409 500 συμμετοχῆς
425 446 502 502 δωρεάς
518 445 551 488 καλ
568 446 688 502 χαρίσματος
701 445 736 488 καί
750 443 842 504 χάριτος,
863 444 931 493 οόκέτι

146 513 197 559 κατά
213 514 248 560 τόν
259 519 308 559 ναόν
319 512 355 558 τόν
369 516 422 559 ἴδιον
433 513 567 568 ἐπολιτεύετο,
588 512 628 558 ἄλλ’
638 512 788 577 άπερβαινοόση
800 517 838 560 τινί
850 515 931 572 φάσεως

147 583 216 647 άγωγῂ
227 591 253 645 τῷ
264 590 353 642 Χριστοῦ
363 589 391 645 νῷ
400 591 547 640 καιεκοσμεῖτο,
562 583 619 644 πόση)
630 601 653 642 γε
662 589 736 639 μάλλον
747 584 760 630 ό
769 584 819 638 θεός
828 585 894 644 λόγος,
910 589 932 632 ἒν

147 657 212 714 ἑαυτῷ
221 657 271 710 ἔχων
278 654 315 710 την
324 654 516 709 πάσαντελειότητα,
532 654 654 705 αὐτοτέλειος
663 653 699 708 div,
714 654 814 706 αότόθεος
824 654 860 709 τόν,
873 656 933 700 αὖτο-

150 724 246 779 δόναμις,
264 723 390 777 2αιίτόνους,
408 721 530 777 3αιίτόμως,
551 725 585 766 καλ
596 728 632 766 τοῦ
646 728 684 766 νοῦ
695 725 730 767 καὶ
741 722 816 775 παντός
827 729 883 768 4τοῦ
894 725 932 768 σαί-

149 810 211 847 ματος
225 790 330 848 πληρωτὴς
341 793 428 849 ἐγένετο,
449 796 523 846 μᾶλλον
535 792 556 835 δὲ
566 791 678 847 τελειωτης,
699 793 734 835 καί
745 794 766 836 ἒν
778 791 841 836 δίπασι
852 792 933 849 διαίτης

149 861 213 903 αὐτοῦ
229 861 328 918 ε’νσάρκου
346 864 458 918 παρουσίας
475 857 523 915 ἡμῖν
538 859 561 903 τό
580 860 678 916 σωτήριον
695 859 830 917 ἐξειργάσατος
867 865 933 918 Παρε-

148 931 227 972 νεκτέον
238 932 306 972 τοίνυν
316 928 351 973 τόν
361 933 454 972 τοιοῦτον
463 929 532 984 λόγον,
548 927 575 982 μὴ
586 930 655 983 έχοντα
666 930 753 983 ἔμφασιν
763 930 808 983 περὶ
820 933 856 983 τῆς
866 930 933 972 τοιαά-

147 1015 183 1050 της
198 995 326 1048 ὑποθέσεως,
347 998 382 1040 καὶ
397 998 527 1054 παρενεκτέον
544 994 566 1038 τό
584 995 612 1050 μη
630 994 736 1051 ὁμολογεῖν
752 995 818 1038 πάντα
834 998 897 1039 τέλεια
912 999 933 1040 ἒν

149 1069 239 1123 Χριστῷ,
256 1064 304 1107 άνεν
315 1062 417 1120 άμαρτίας.
449 1063 520 1105 Πάντα
531 1062 569 1120 γάρ
581 1064 685 1117 ἀληθινῶς
696 1065 788 1118 ἐποίησεν
801 1062 867 1106 ἒλθοόν
879 1062 933 1107 όλό-

149 1150 194 1189 γος,
214 1131 239 1175 τά
249 1132 414 1189 προγεγραμμένα
428 1133 474 1188 περὶ
491 1131 671 1184 5αὐτοῦτελειῑόν,
691 1130 743 1174 κατά
753 1130 776 1174 τό
789 1132 932 1188 γεγραμμένον,

145 1199 225 1256 Ἰδοδὴ
236 1202 339 1258 παρθένος
354 1200 516 1256 ε’νγαστρὶὲξει,
536 1201 570 1243 καί
583 1199 673 1256 τολέξης·
694 1195 811 1259 ε’νοίληθείμ
824 1202 945 1258 ἒγκυμονη-’

150 1272 207 1324 θείς,
221 1272 256 1315 καί
268 1268 306 1315 οόκ
316 1272 338 1315 ἑν
349 1268 440 1326 δοκήσει,
454 1270 640 1327 συλλαμβανόμενος
652 1272 673 1315 ἓν
683 1271 751 1329 γαστρὶ
762 1271 784 1314 έν
793 1269 888 1330 όληθείμ,
904 1273 934 1316 έν-
948 1300 950 1302 v

149 1345 219 1397 δημῶν
232 1343 291 1399 σαρκί
301 1344 324 1385 έν
336 1341 428 1400 ἀληθεία,
444 1339 508 1398 σάρκα
518 1342 567 1397 έχων
577 1342 610 1384 καὶ
623 1339 692 1397 ψυχήν
702 1342 724 1384 ἒν
733 1338 825 1401 άληθείμ,
840 1342 874 1384 καὶ
884 1345 934 1386 νοῦν

150 1414 172 1455 έν
181 1410 276 1471 α’ληθείμ,
298 1412 333 1454 καὶ
344 1410 410 1453 πάντα
420 1412 440 1453 εί
446 1413 465 1454 τί
475 1412 515 1453 έστι
527 1408 638 1467 ἅνθρωπος
650 1412 671 1454 έν
683 1409 780 1469 άληθείμ,
801 1411 861 1467 χωρὶς
872 1409 935 1467 άμαρ-

150 1483 198 1530 τίας.
229 1482 271 1522 Καὶ
281 1480 422 1537 γεγεννημένος
432 1480 455 1522 ἐκ
464 1484 590 1535 παρθενικῆς
599 1479 675 1534 μήτρας
684 1480 718 1522 καὶ
728 1477 786 1535 άγίας
795 1479 902 1536 παρθένον
912 1481 935 1523 έν

150 1549 248 1607 άληθείμ,
268 1548 307 1591 οόκ
322 1550 344 1592 έκ
361 1549 474 1603 σπέρματος
488 1546 572 1604 άνδρός,
593 1550 615 1604 ἕν
628 1547 714 1606 άληθείμ
727 1548 749 1591 δὲ
760 1547 825 1604 σάρκα
840 1549 889 1602 έχων
900 1549 934 1590 καὶ

150 1617 219 1673 ψυχὴν
229 1618 264 1660 καὶ
274 1622 334 1670 νοῦν,
355 1614 382 1666 οἷς
394 1618 458 1671 ἔφην,
478 1617 512 1658 καὶ
525 1614 559 1658 διά
569 1620 608 1659 τῶν
618 1621 725 1659 τοκετικῶν
736 1614 806 1673 πόρων
817 1617 839 1659 έν
850 1614 936 1674 άληθείμ

153 1685 318 1742 6εάρισκόμενος,
339 1686 373 1727 καὶ
386 1686 407 1727 έν
417 1683 484 1743 φάτνη
496 1686 518 1727 έν
530 1682 615 1742 άληθείμ
627 1683 813 1741 σπαργανοάμενος,
836 1682 876 1727 όπό
887 1689 936 1726 Μα-

150 1758 195 1810 ρίας
206 1753 362 1808 βασανιζόμενος,
377 1754 412 1795 καλ
424 1754 445 1795 ἐν
456 1751 554 1810 Αἰγύπτῳ
566 1751 720 1807 κατερχόμενος,
735 1752 770 1793 καί
781 1749 816 1793 ἄπ’
828 1750 935 1808 Αἰγόνττου

150 1821 321 1877 μεταφερόμενος,
335 1821 410 1870 καλεῖς
422 1820 514 1872 Ναζαρὲτ
523 1818 702 1875 ἀναστρεφόμενος,
717 1820 752 1861 καί
764 1818 886 1878 ἒνἸορδάνη
897 1836 935 1861 πα-

150 1889 291 1946 ραγενόμενος,
306 1889 340 1930 καὶ
353 1885 394 1929 άπό
406 1886 500 1929 Ἰωάννου
510 1886 665 1940 βαπτιζόμενος,
680 1888 715 1929 καὶ
725 1884 766 1929 όπό
779 1885 882 1940 Διαβόλου
893 1902 935 1928 πει-

150 1957 269 2015 ραζόμενος,
285 1957 319 1999 καλ
331 1953 424 2010 μαθητάς
434 1953 564 2011 ἐκλεγόμενος
575 1956 597 1998 ἐν
607 1954 704 2012 άληθείμ,
719 1955 754 1998 καί
765 1956 866 2008 βασιλείαν
876 1952 936 2011 οόρα-

59 2046 93 2076 μσς.
103 2037 142 2068 ιοοο.
151 2032 193 2070 νεῖν
203 2026 310 2082 κηρύξας,
318 2022 345 2074 τίς
355 2023 380 2067 τά
391 2023 457 2066 πάντα
468 2024 489 2067 έν
501 2021 586 2083 άληθείμ
598 2021 718 2080 εόρίσκεται,
733 2021 774 2067 δπό
786 2041 806 2066 τε
817 2022 888 2083 Ἰοόδμ
899 2039 937 2066 πα-

151 2095 292 2156 ραδιδόμενος,
314 2096 349 2139 καὶ
366 2092 406 2138 άπό
423 2092 526 2138 Ἰουδαίων
541 2092 737 2150 συλλαμβανόμενος,
755 2097 837 2154 Ποντίῳ
852 2093 935 2155 Πιλάτῳ

151 2167 321 2225 προςφερόμενος,
337 2167 371 2209 καὶ
383 2163 417 2208 δυ’
427 2165 492 2208 αὐτοῦ
500 2165 584 2224 θανάτῳ
594 2164 769 2221 καταιρινόμενος,
784 2169 864 2224 σταυρῷ
874 2182 938 2222 παρα·
980 2180 982 2183 ’

151 2237 263 2293 διδόμενος,
279 2241 349 2291 Λιψοὸ,
364 2237 432 2292 λέγων,
448 2234 493 2277 δότε
505 2252 540 2289 μοι
554 2240 613 2287 πιεῖν,
630 2236 650 2277 έν
664 2235 756 2292 άληθείμ,
771 2233 878 2289 λαμβάνων
890 2232 937 2285 όξος

152 2306 200 2362 μετά
210 2310 279 2360 χολης,
294 2304 411 2362 γενόμενος,
427 2305 461 2346 καί
473 2304 542 2357 μηκέτι
555 2302 619 2346 ποτόν
631 2304 770 2359 προςνέμενος,
785 2308 866 2362 σταυρῷ
877 2320 938 2361 προς-

152 2374 288 2432 πηγνόμενος,
310 2372 425 2431 ἐνάληθείμ
440 2372 529 2428 κράζων,
548 2370 604 2423 Ἠλὶ,
623 2371 666 2426 ηλλ,
689 2376 759 2426 7λημοῖ
773 2374 897 2427 σαβαχθανλ,
917 2373 939 2415 έν

153 2442 238 2501 άληθείμ
250 2446 322 2485 κλίνων
334 2442 371 2496 την
380 2440 478 2495 κεφαλὴν,
494 2442 527 2482 καί
540 2441 638 2492 ἐκπνέων,
654 2442 676 2483 ἐν
686 2441 772 2498 άληθείμ
783 2440 805 2484 τό
818 2445 877 2494 σῶμα
888 2446 938 2484 ε’κα-

153 2511 299 2566 θαιρούμενος,
314 2512 349 2552 καὶ
360 2509 514 2564 λαμβανόμενον
524 2510 546 2550 έν
559 2507 652 2567 άληθείμ,
666 2510 701 2551 καλ
712 2508 837 2562 ἑλισσόμενον
847 2506 887 2551 dud
901 2511 938 2550 τοί

152 2578 237 2632 Ἰωσὴφ,
258 2580 293 2620 καὶ
310 2580 331 2620 ἐν
349 2576 436 2632 μνήματι
452 2577 559 2629 τιθέμενον
570 2577 592 2617 έν
605 2573 700 2635 άληθείμ,
720 2580 771 2635 λίθω
782 2576 937 2630 ἠσφαλισμένον,

153 2646 295 2699 κατερχόμενος
313 2648 333 2687 έν
344 2646 425 2699 θεότητι
441 2643 479 2686 σάν
491 2647 546 2700 ψυχῇ
558 2645 586 2692 είς
596 2641 660 2701 δίδου,
678 2646 713 2686 καὶ
724 2643 778 2686 λάων
789 2644 939 2697 πεπεδημένους

153 2716 174 2757 ἒν
184 2711 267 2770 άνδρείμ
275 2715 308 2755 καί
320 2714 341 2756 ἑν
350 2712 440 2766 δυνάμει,
456 2709 587 2767 άνερχόμενος
596 2710 646 2760 θεός
659 2710 729 2767 9λόγος
739 2710 776 2754 σάν
784 2716 841 2770 ψυχῇ
849 2716 874 2770 τῇ
884 2709 938 2769 άγίμ,

175 2901 192 2935 2.
205 2902 256 2943 Vulyo
268 2895 352 2939 αότοιοῖις.
579 2898 595 2935 6.
608 2900 684 2941 διειμένον
694 2894 808 2942 ἑλισσόμενος.
821 2899 939 2933 Ρείουίυεαοα-

177 2948 193 2983 3.
205 2944 286 2992 αότοφῶς
298 2948 321 2980 ed.
333 2950 383 2989 princ.
558 2948 614 2981 λοὶιλιολ
623 2944 733 2990 τικτόμενος,
749 2947 838 2980 (ἕνεαλιοννε
847 2948 888 2988 Ομμ.
901 2946 939 2979 orit.

177 2994 193 3029 λ.
205 2997 235 3030 τοῦ
247 2998 300 3028 omiss.
312 2997 329 3027 in
341 2997 366 3028 ed.
379 2997 434 3029 Ρτίσυ,
445 2996 500 3027 σολον.
511 3003 536 3026 νε·
557 2994 620 3036 γαὸλῖ.
633 2989 766 3037 ἐκπορευόμενος
777 2994 802 3026 vel
814 2990 927 3037 ἐκδιδόμειος.

153 3047 185 3087 μοι.
580 3039 596 3075 ’λ
608 3040 666 3083 λημᾶς
677 3036 762 3084 α’βαχὸανλ
771 3040 816 3072 codd.
828 3049 865 3073 mss.
876 3042 940 3079 uterque

177 3089 194 3123 ὁ.
206 3086 259 3123 αὗταί
271 3089 295 3121 αλ.
307 3089 361 3122 Ρείου,
557 3089 572 3120 εί
580 3087 606 3119 ed.
616 3088 679 3128 μήτε,
690 3088 715 3118 αλλ
725 3087 779 3120 solent.
