1988 3392
251 251 345 287 rancun
355 254 527 289 emundetur.
538 252 697 287 naunnxxrr.
823 241 865 284 265

55 373 56 376 ¹
83 330 258 387 pronuntiaverat,
281 332 350 372 eadem
362 333 386 372 ad
398 333 456 373 linem
471 347 533 387 usqne
547 333 618 373 iisdem
631 331 655 371 dc
665 330 737 380 rebus,
759 343 796 370 nec
813 329 867 370 aliud

83 404 187 454 practerea
201 404 277 441 narrat.
307 396 356 440 Non
374 400 470 456 mysteria
486 399 592 442 ullanobis
609 397 698 454 aperuit,
720 411 760 439 uon
777 397 801 438 de
819 397 865 448 deo,

82 482 140 527 quem
150 469 252 527 professus
263 475 313 521 erat,
330 468 404 525 docuit,
421 484 460 513 non
471 469 537 526 fidem,
553 470 609 514 cuius
621 466 721 529 pracsidio
732 466 867 511 miratatur-

84 548 114 583 tcs
127 541 223 598 apostoli,
240 555 283 582 cum
295 540 378 583 solidam
390 541 479 585 veritatis
490 542 636 585 confessionem
649 540 797 598 concepissent,
814 553 867 581 mor-

19 666 21 668 ·
83 617 128 652 tuos
139 610 264 663 excitarunt,
285 610 433 667 elephantiaccs
446 619 566 668 purgarunt,
589 611 666 667 aliaque
679 609 782 667 praeclare
795 608 867 650 cobae-

82 679 148 720 rentia
160 680 313 735 praestiterunt,
330 694 379 735 quae
391 680 469 735 quidem
482 694 529 722 vere
542 694 582 721 uon
593 680 635 721 sola
648 680 714 735 specie
727 684 813 735 patrata,
830 691 866 718 ve-

82 746 111 787 lut
122 755 237 800 argumenta
249 754 308 801 atque
322 748 395 788 indicia
408 749 546 802 proferebant:
567 747 632 789 atille
644 754 713 788 contra
725 745 774 788 nibil
784 752 866 800 praeter

82 814 202 855 vanissimas
213 821 233 854 et
249 821 343 855 ventosas
358 815 519 869 syllogismorum
536 814 656 855 subtilitates
668 814 688 854 in
701 813 786 854 medium
798 813 865 861 affert,

83 896 133 939 quas
144 881 198 939 ipsas
212 881 322 937 repetendo
333 881 413 938 saepius
427 881 450 923 ad
464 882 576 923 satietatem
588 881 674 936 ingerit,
696 895 733 922 nec
745 879 797 921 aliud
809 893 867 934 prae-

82 960 138 997 tcrea
154 953 252 1012 proponit.
284 950 385 1010 Quocirca
400 953 495 996 teotonem
512 959 602 1010 rogatum
615 952 717 1005 volumus,
740 965 765 995 ne
776 950 794 993 id
808 949 866 993 nobis

83 1024 132 1067 vitio
149 1025 272 1067 tribuendum
291 1024 392 1066 existimet
408 1024 460 1080 quod
477 1031 498 1065 ct
514 1023 551 1081 ipsi
564 1022 643 1080 saepius
656 1024 724 1065 cadem
740 1029 865 1078 repetamus3

83 1095 148 1150 quod,
168 1101 190 1136 nt
205 1094 233 1135 illi
250 1095 416 1150 respondeamus,
437 1093 504 1135 facere
519 1092 615 1134 hocloco
629 1093 726 1148 cogimur.
758 1089 821 1146 lgitur
832 1105 866 1146 ge-

83 1163 125 1204 nita
135 1162 226 1214 soboles,
248 1176 284 1217 pro
297 1176 355 1203 coac
368 1161 489 1203 divinitatem
503 1161 571 1213 decet,
595 1161 722 1202 immutabilis
736 1170 778 1213 est,
800 1163 868 1203 sedet

83 1230 126 1285 ipse
137 1229 217 1284 genitor
226 1229 354 1271 immutabilis
365 1236 408 1280 est,
425 1229 587 1282 quemadmodum
600 1229 700 1269 constanti
710 1229 772 1284 ipsius
784 1236 868 1269 naturae
925 1252 927 1254 ·

83 1296 185 1337 convenit.
217 1293 313 1337 Ceterum
330 1296 409 1351 genitor
425 1295 453 1335 ita
470 1302 550 1346 manet,
573 1302 595 1335 ut
611 1309 667 1350 quem
686 1310 697 1336 e
714 1296 781 1351 seipso
798 1296 868 1349 genuit

83 1372 179 1424 perpetuo
193 1379 261 1408 secum
278 1364 361 1419 habeat3
383 1379 420 1407 nec
437 1364 496 1406 ullam
513 1363 597 1406 conditis
613 1378 624 1405 a
640 1378 662 1406 se
675 1364 736 1407 rebus
754 1364 867 1422 suspicandi

83 1437 208 1480 occasionem
221 1435 315 1494 praebet,
339 1444 360 1479 ut
375 1437 407 1481 vel
420 1435 463 1479 sine
480 1435 519 1479 lilio
535 1435 648 1492 intelligere
664 1444 752 1494 patrem,
773 1437 806 1479 vel
823 1436 867 1479 sinc

83 1515 138 1564 patre
149 1507 237 1564 genitum
250 1507 322 1559 lilium,
344 1506 553 1564 autperlectumeius
565 1506 667 1561 spiritum,
687 1511 867 1561 qzn'opotreprc-
888 1519 943 1564 tqann.

84 1580 145 1625 cedit,
166 1578 349 1630 etufilrbocm'pit,
372 1576 438 1617 animo
456 1575 533 1631 possint
550 1575 664 1630 concipere.
694 1575 762 1631 Atque
779 1576 817 1618 boc
832 1591 867 1618 ua·
893 1555 945 1591 Mi

83 1653 129 1686 tura
145 1644 176 1685 dci
194 1644 331 1699 dignumst,
354 1644 479 1698 maximeque
494 1649 663 1694 consentaneum,
687 1644 759 1685 nullam
769 1650 792 1684 nt
802 1645 869 1699 splen·

84 1711 138 1752 doris
149 1712 285 1752 accessionem
297 1711 425 1751 extrinsecus
438 1710 538 1764 requirat,
561 1710 596 1751 sed
608 1717 670 1751 totum
682 1711 729 1751 illud
742 1718 837 1766 perpetuo
848 1711 868 1751 in

84 1777 162 1835 propria
177 1777 281 1821 identitate
296 1777 405 1820 conticeat.

142 1847 197 1892 Aetli
210 1844 276 1906 Caput
286 1844 347 1892 XVl.
378 1845 401 1892 Si
415 1846 499 1906 ingeniti
511 1862 553 1892 ron
564 1846 695 1892 substantiam
709 1848 810 1909 exprimit,
827 1864 868 1893 mc-

84 1920 124 1962 rito
143 1920 168 1962 ab
190 1920 251 1976 geniti
271 1919 393 1971 substantia,
419 1920 473 1962 velut
494 1920 603 1962 membrum
623 1920 726 1963 divisionis
748 1921 867 1978 oppositum,

85 1989 212 2031 discernitur.
243 1987 280 2031 Sin
292 1996 357 2031 autem
372 1988 510 2030 nihilomnino
523 1988 639 2031 vocabulum
653 1990 700 2031 illud
712 1990 795 2045 ingeniti
806 1991 868 2046 signi-

84 2057 141 2107 ficat,
161 2058 222 2099 multo
240 2057 305 2098 minus
322 2057 383 2111 geniti
402 2070 442 2096 vox
458 2056 530 2111 aliquid
549 2056 658 2111 exprimet;
681 2073 745 2113 neque
764 2060 867 2114 quicquam

84 2125 182 2179 supererit
194 2124 245 2178 quod
255 2125 276 2163 in
286 2124 383 2164 divisione
394 2123 450 2163 alteri
465 2125 590 2177 respondeat.
622 2124 681 2177 Quod
694 2126 711 2164 si
724 2126 807 2177 ingeniti
821 2141 868 2179 pro·

83 2190 131 2230 latio
142 2189 184 2245 ipsa
196 2204 208 2230 a
219 2189 280 2245 geniti
291 2190 414 2245 prolatione,
436 2189 491 2229 velut
507 2190 615 2230 membrum
629 2190 733 2231 divisionis
747 2192 866 2246 oppositum,

85 2259 209 2313 secernitur,
231 2273 274 2302 eum
286 2259 394 2301 secundum
407 2257 587 2316 pronuntiationem
599 2266 687 2313 tacetur,
708 2257 867 2304 Christianorum

84 2346 138 2389 spem
150 2332 208 2374 modo
221 2330 321 2384 existere,
343 2331 402 2373 modo
413 2330 502 2385 extingui
517 2345 599 2373 neccsse
614 2339 656 2384 est,
678 2333 869 2391 quaetctainprc·

84 2401 208 2443 nuntiatione
221 2400 329 2453 consistat,
346 2415 385 2442 non
396 2401 416 2442 in
430 2400 517 2452 naturis,
540 2415 591 2456 quae
602 2401 629 2441 ita
645 2416 691 2444 sese
704 2403 789 2444 babeant
800 2410 821 2445 ut
833 2419 869 2445 vo·

84 2470 197 2512 cabulorunr
213 2468 331 2525 significatio
346 2469 389 2524 ipsa
404 2482 452 2523 prae
467 2482 489 2509 sc
505 2469 557 2510 lcrre
573 2468 659 2511 videtur.

143 2535 225 2578 Corrlut.
239 2534 300 2577 XVl.
331 2535 436 2590 Quomodo
457 2550 508 2590 qnae
528 2544 597 2577 contra
618 2551 640 2577 se
661 2539 735 2579 lacinnt
755 2539 869 2580 testimonia

84 2604 161 2658 priores
173 2616 270 2657 usurpare
280 2603 346 2642 solent
355 2603 369 2642 ii
382 2603 414 2657 qui
427 2604 527 2643 radiorum
541 2603 612 2643 animis
629 2611 729 2658 stuporem
744 2605 828 2645 iniicere
840 2606 869 2645 di-

85 2671 188 2713 dicerunt?
217 2669 295 2712 Etenim
311 2669 396 2723 Actius,
419 2669 452 2726 qui
467 2670 541 2712 insola
555 2672 728 2728 pronuntiatione,
751 2688 790 2714 nun
805 2674 869 2716 inrei

84 2742 181 2795 veritate,
202 2757 257 2801 spem
275 2756 353 2784 ominem
369 2741 488 2794 collocavit,
511 2741 563 2785 istud
575 2741 639 2799 ipsum
652 2744 709 2787 nobis
720 2744 808 2788 obiicere
821 2746 869 2789 nibil

84 2821 115 2855 cst
128 2814 215 2865 veritus,
238 2813 336 2868 cumipse
348 2811 380 2853 dci
392 2811 450 2853 lilium
464 2813 561 2869 deumque
571 2820 647 2869 patrem
659 2816 702 2855 sola
714 2829 765 2856 voce
779 2817 868 2858 confiteri

84 2896 124 2922 non
137 2882 247 2923 erubuerit.
277 2879 329 2922 Nam
341 2881 392 2935 quod
409 2881 433 2919 ad
446 2895 483 2921 nos
500 2882 583 2932 attinet,
600 2883 709 2923 naturalem
721 2884 811 2939 inprimis
822 2898 868 2925 csse

85 2956 160 3005 patrem
173 2950 294 3000 asserimus,
318 2955 338 2989 ct
348 2947 456 2989 naturalem
468 2949 541 3000 tilium,
564 2955 584 2990 ct
598 2951 705 2991 naturalem
719 2951 809 3006 spiritum
822 2966 869 2994 san-

85 3062 138 3115 cctop.
148 3063 260 3104 cccccccccc
270 3064 355 3094 exoratum
365 3062 421 3104 rapitur
426 3057 466 3097 dno·
512 3058 527 3095 l.
543 3063 592 3102 Vntpo
604 3058 661 3104 μόνος.

84 3117 135 3154 popu.
