1988 3392
225 228 318 263 Panthu
330 228 410 262 11111111.
422 229 478 263 ΤΟΜ.
484 231 498 264 Ι.
509 228 577 264 thbll.
583 229 659 263 LXXII.
811 220 839 264 49

52 311 95 355 sive
105 308 196 353 lumbrici
206 309 282 363 instar,
299 317 333 353 aut
344 317 410 352 terrae
422 309 534 364 interanei,
551 311 633 353 missum
645 316 746 367 postremo
759 310 838 352 daciam.

52 380 93 424 lam
105 380 158 423 enim
170 378 226 422 brevi
237 379 341 422 admodum
353 387 441 438 tempore
452 380 506 424 illius
517 388 548 424 est
558 378 649 422 haeresis
660 379 762 436 dissipata.
777 378 839 422 Nunc

51 449 166 507 implorata,
182 456 204 492 ut
216 449 316 503 solemus,
333 464 370 507 ope
381 449 412 492 dei
428 451 452 492 ad
466 450 552 507 reliquas
568 450 663 493 haereses
678 449 836 507 progrediemur.

199 635 353 687 acuunt
375 635 692 697 munemundus,

182 733 238 782 quae
261 722 296 767 est
319 717 421 768 haeresis
443 716 511 780 ult,
535 718 584 769 sive
608 716 709 769 LXXII.

109 817 150 862 Per
162 820 213 862 idem
224 827 301 877 tempus
313 822 368 873 (iram
381 820 402 862 io
413 821 496 862 eandem
512 827 597 863 aetatem
611 820 640 863 illi
652 833 722 862 omnes
737 819 837 871 incidunt)
852 830 894 876 dap.
905 832 918 865 1.

53 889 148 946 Δ1111111
164 887 273 931 Marcellus
289 889 367 940 extitit,
384 889 417 945 qui
432 889 456 931 ad
471 896 539 931 nostra
556 904 619 946 usque
634 898 724 948 tempora
738 889 839 947 pervenit,

53 966 74 1003 et
88 959 165 1001 duobus
177 958 248 1000 abhinc
263 957 307 1015 plus
322 959 387 1000 minus
400 958 458 1000 anuis
474 958 530 1000 obiit.
561 958 600 1001 Hie
615 960 704 1001 nonnihil
720 960 740 1001 in
753 958 841 1002 eeclesia

54 1028 133 1071 divortii
150 1027 255 1079 accubavit,
277 1027 347 1069 eodem
358 1028 401 1069 lere
417 1033 438 1069 ut
454 1027 495 1069 dixi
512 1034 609 1083 ternpore.
641 1027 717 1071 Verum
734 1029 840 1070 obscuram

54 1097 158 1140 admodum
177 1096 275 1153 dogmatis
294 1096 326 1138 sui
341 1095 507 1152 significationem
526 1097 591 1150 dedit,
617 1112 662 1140 cum
680 1099 705 1140 ad
720 1096 803 1141 Sabellii
822 1104 843 1139 et

54 1164 131 1209 Novati
146 1166 253 1208 lectionem
268 1165 420 1222 adiungeretur,
444 1164 527 1208 Arianis
543 1166 666 1223 potissimum
682 1182 717 1224 pro
733 1181 771 1209 suo
785 1166 806 1208 in
818 1167 842 1209 il·

55 1235 95 1278 lum
108 1235 154 1278 odio
165 1234 201 1277 hoo
213 1235 277 1291 ipsum
292 1234 472 1291 exprobrantibus,
495 1235 547 1291 quod
563 1235 656 1278 nimirum
671 1237 769 1279 adversus
782 1234 843 1277 Aria·

56 1318 92 1346 uos
104 1304 242 1346 contenderet.
274 1302 326 1345 ilinc
342 1311 374 1345 est
389 1304 441 1360 quod
457 1304 581 1346 anonnullis
596 1319 620 1346 eo
633 1305 714 1347 nomine
725 1305 841 1356 incessitur,

55 1373 112 1430 quasi
123 1373 147 1415 ad
158 1370 318 1416 Sabetttanonnn
335 1372 472 1415 cavillationes
483 1373 554 1429 partim
567 1373 690 1416 adhaeserit.
721 1372 797 1417 Verum
809 1372 843 1415 alii

56 1442 120 1485 eidem
134 1442 282 1498 patrocinantes
298 1456 367 1484 verum
382 1441 402 1484 id
413 1455 458 1484 osse
474 1448 559 1496 negant,
582 1441 708 1485 econtrario
723 1456 773 1485 vero
786 1456 842 1498 prae-

56 1510 110 1553 clare
120 1510 175 1552 illum
187 1509 264 1552 vixisse
276 1524 300 1553 ac
311 1517 366 1552 recte
379 1510 468 1552 sensisse
479 1511 603 1553 1111111111.
635 1509 691 1554 Unde
704 1525 775 1567 magara
783 1511 807 1552 de
819 1525 844 1554 11

57 1579 195 1622 controversia
212 1578 296 1622 conflata
314 1587 353 1622 est.
384 1577 495 1621 Enimvero
512 1593 563 1636 quae
580 1579 600 1621 in
616 1580 669 1622 illius
684 1579 750 1621 animo
766 1580 844 1622 occulta

58 1649 137 1690 luerunt
152 1648 185 1690 uni
197 1648 234 1690 deo
248 1647 327 1703 cognita
343 1654 397 1690 sunt.
429 1645 524 1690 Ceterum
540 1648 593 1691 illius
608 1656 730 1701 sectatores,
751 1649 806 1691 etah
819 1663 844 1691 eo

57 1716 154 1768 instituti,
171 1731 216 1758 cum
229 1716 272 1759 eius
284 1716 370 1758 urentem
381 1716 509 1772 ignorarent,
525 1731 562 1759 111
574 1730 625 1772 quae
636 1730 685 1758 vere
698 1716 732 1758 ille
745 1717 844 1759 sensisset

58 1775 207 1842 exprimerent,
224 1792 265 1827 tres
278 1784 395 1842 hypostases
407 1785 497 1827 confiteri
510 1785 628 1838 noluerunt,
649 1785 679 1827 uti
690 1785 766 1828 veritas
777 1786 843 1837 docet,

59 1867 109 1909 quae
120 1867 179 1906 uuam
190 1861 259 1896 censet
272 1867 317 1896 esse
332 1853 455 1896 divinitatem
467 1868 566 1910 unamque
583 1853 668 1909 gloriam
681 1861 701 1896 et
713 1854 845 1897 consubstan-

58 1922 124 1965 tialem
137 1922 257 1975 trinitatem,
279 1936 329 1978 quae
345 1922 393 1973 nihil
403 1922 424 1964 in
434 1922 499 1978 gloria
510 1937 547 1965 sua
556 1922 658 1964 diversum
668 1919 752 1976 haheat,
775 1930 844 1979 utpote

59 1992 147 2048 perlecta
157 1991 247 2044 trinitas,
264 1999 284 2034 11
296 2005 335 2033 una
346 1991 451 2044 divinitas,
468 2005 507 2033 uua
518 1991 594 2043 virtus,
612 2005 650 2033 uua
664 1991 763 2046 essentia,
780 2006 845 2048 neque

59 2060 150 2102 inunum
163 2067 265 2102 contracta
277 2068 311 2102 aut
322 2061 416 2112 confusa,
434 2073 471 2101 nec
482 2059 521 2101 ulla
532 2058 563 2101 sui
575 2066 631 2115 parte
641 2060 738 2111 inferior,
754 2068 789 2102 aut
799 2061 846 2102 sub-

59 2128 119 2171 iecta.
149 2125 259 2171 Marcellus
271 2134 337 2171 antem
353 2128 492 2170 nonnullorum
504 2126 603 2169 sententia
618 2142 662 2169 oum
678 2128 751 2182 aliquid
763 2129 846 2185 amplius

59 2196 90 2239 his
101 2203 192 2239 astruere
202 2196 275 2249 vellet,
291 2197 311 2239 in
324 2194 408 2239 Sabellii
418 2210 507 2239 errorem
517 2195 611 2238 incidisse
622 2194 678 2238 visus
691 2203 730 2239 est.
760 2194 795 2238 Ex
807 2211 846 2252 quo

61 2265 180 2308 factumest
192 2272 213 2308 ut
224 2264 277 2308 inter
292 2265 387 2308 haereses
405 2266 443 2308 ista
460 2279 538 2322 quoque
552 2265 675 2306 recensenda
691 2279 714 2307 ao
727 2266 848 2308 confutanda

62 2334 148 2376 veniret.
178 2332 239 2376 Libet
250 2341 317 2377 autem
329 2341 350 2376 11
361 2334 414 2377 111111
427 2334 539 2376 orationem
551 2333 662 2385 subiicere,
679 2347 736 2389 quam
750 2334 847 2390 purgandi

62 2402 93 2444 sui
105 2402 170 2459 gratia
185 2403 209 2445 ad
221 2402 292 2446 beatae
307 2402 415 2445 memoriae
432 2403 502 2445 lulium
514 2401 651 2444 Romanorum
668 2404 783 2458 episcopum
797 2403 848 2444 scri-

63 2470 109 2528 psit.
141 2469 186 2526 Qua
198 2485 226 2514 ex
238 2471 355 2514 defensione
367 2479 386 2514 11
397 2471 464 2514 libello
484 2470 578 2513 nonnulla
594 2477 664 2512 contra
678 2470 778 2513 sinceram
790 2471 848 2512 tidem

63 2539 163 2595 opinatum
176 2554 222 2582 esse
233 2540 340 2583 constabit.
371 2538 451 2582 Etenim
463 2538 480 2582 si
493 2539 542 2581 nihil
554 2539 578 2581 ab
590 2538 623 2580 illa
636 2539 737 2580 diversum
751 2539 849 2582 sensisset

64 2622 162 2665 unquam,
179 2609 281 2651 cuiusnam
293 2610 323 2652 rei
334 2608 398 2665 gratia
409 2608 459 2650 harre
471 2608 524 2650 illam
534 2607 564 2650 sui
576 2608 713 2664 purgationem
725 2607 847 2660 institueret,

65 2677 103 2719 uisi
117 2677 212 2733 quaedam
223 2677 248 2718 ab
260 2677 294 2719 illo
305 2691 373 2734 parum
385 2685 439 2719 recte
451 2677 515 2733 posita
525 2690 548 2718 ae
560 2676 687 2732 pronuntiata
699 2677 778 2729 forent,
798 2690 849 2733 quae
900 2727 902 2730 Ι

65 2760 109 2787 cum
122 2745 198 2802 aliquos
212 2745 373 2802 perturbassent,
389 2744 508 2788 defendendi
522 2747 552 2787 sui
565 2745 750 2799 atqueexeusaudi
761 2744 850 2788 uecessi-
912 2775 915 2779 «

65 2820 126 2856 tatem
142 2814 256 2857 attulerint?
285 2812 405 2871 Exemplum
421 2814 482 2871 igitur
496 2813 592 2870 epistolae
608 2812 637 2855 sio
653 2827 675 2856 se
691 2813 758 2856 hahet.

103 3074 163 3117 Corpus
169 3076 262 3108 1111111111.
274 3076 294 3106 11.
303 3078 316 3105 3.
