1988 3392
250 241 343 276 rxnxmr
355 241 398 275 uin.
405 243 436 276 ιιι,
447 243 503 277 rom.
511 244 524 277 ι.
537 243 605 277 naen.
613 242 694 276 cxxvi.
821 232 862 277 233

81 322 161 367 interim
181 329 239 380 atque
254 321 323 365 eximii
338 321 401 377 gloria
418 324 473 366 salva
489 325 605 381 integraque
623 324 744 375 retineatur,
766 322 804 365 boc
819 322 864 379 ipso

82 393 134 450 quod
143 392 177 435 ille
188 392 218 435 sui
231 392 294 449 ipsius
309 391 390 434 minime
404 393 519 449 principium
534 394 643 446 asseritur,
666 393 701 435 sed
712 392 814 449 aequalem
826 391 864 434 sibi

82 461 170 505 sobolem
183 461 287 518 purissima
299 468 319 502 et
330 460 523 517 incomprehensibili
534 463 645 505 substantia
659 462 864 517 cousubstantialique

82 531 151 581 modo,
175 530 212 572 boc
223 538 255 572 est
265 529 376 572 substantia
390 538 411 572 et
423 531 524 588 hypostasi
536 533 644 589 praeditum
657 531 778 587 produxisse
793 531 862 583 lilium,

83 600 203 656 quiquidem
215 614 254 641 non
266 599 343 641 animae
357 614 430 656 expers
441 600 494 643 illius
505 600 571 657 imago
583 601 620 653 sit,
637 602 672 644 sed
686 608 789 657 paternum
800 613 864 655 genus

82 669 193 725 exprimat,
215 676 236 710 ut
250 668 348 725 scriptura
362 676 459 722 testatur,
482 684 531 726 quae
544 670 631 726 genitum
643 671 702 713 tilium
714 669 817 726 aequalem
830 682 865 724 ge-

82 737 143 780 nitori
160 738 270 780 oonstituit.
300 741 379 791 Imago,
403 738 477 794 inquit,
499 741 599 780 caluitum
612 742 649 780 dei.
680 741 712 782 Ac
723 753 748 781 ne
761 738 805 794 quis
814 738 926 784 ima-eutr,
934 745 957 775 1⁵.

78 807 133 864 -ginis
150 808 251 850 notionem
263 807 288 849 ab
301 806 404 849 idoneitate
420 808 462 864 ipsa
481 808 560 850 differre
578 808 680 860 crederet,
700 808 786 864 ipsemet
798 814 863 864 pater,

82 876 111 920 uti
124 891 161 920 nos
177 884 232 919 certo
247 875 353 932 dirigeret,
375 883 421 917 ante
438 876 533 932 prolatam
548 877 601 919 illam
614 877 731 918 sententiam
744 877 772 919 ita
785 877 864 919 locutus

82 953 125 988 est:
145 949 247 987 Furtumne
261 947 353 986 bominem
368 948 395 985 od
406 948 507 998 tinage'nem
524 954 620 995 uestram,
643 953 663 985 et
673 948 702 986 ed
712 949 861 987 simulitudinem.
873 955 913 984 Gen.
923 953 937 989 1,
945 953 969 982 ts.

82 1016 103 1057 lu
116 1030 154 1071 quo
167 1030 206 1056 uon
219 1014 305 1071 seipsum
318 1029 329 1055 a
341 1014 380 1055 filio
391 1012 493 1064 discrevit,
510 1015 545 1056 sed
555 1014 638 1055 similem
650 1028 732 1066 vocem,
749 1022 769 1056 et
780 1015 864 1058 adduas

81 1084 227 1141 pertinentem,
244 1097 341 1139 usurpare
356 1083 428 1125 voluit:
450 1085 551 1124 Faciamus
563 1085 667 1133 dameam,-
684 1097 723 1139 qua
735 1083 784 1125 duos
797 1084 865 1140 expri·
924 1088 925 1091 ’

83 1160 158 1205 meret,
180 1152 266 1209 seipsum
283 1151 388 1203 videlicet,
410 1166 433 1194 ac
446 1152 518 1203 tilium,
540 1159 573 1193 aut
587 1152 669 1207 insuper
687 1153 865 1208 etspiritumsau·

82 1229 143 1264 ctum.
175 1220 241 1278 Atque
253 1229 274 1263 ut
285 1220 377 1276 imaginis
390 1221 528 1277 aequalitatem
540 1222 666 1274 ostenderet,
688 1221 767 1264 diversa
780 1222 819 1264 duo
829 1237 865 1263 vo·

82 1291 152 1333 cabula
163 1291 253 1333 inserere
268 1291 343 1342 uoluit,
367 1291 402 1332 sed
418 1290 495 1332 urticam
508 1291 605 1332 duntaxat
622 1291 785 1333 commemorarit
795 1291 865 1345 imagi-

82 1373 135 1412 nem,
152 1367 239 1403 nostram
250 1367 315 1401 autem
327 1373 351 1401 ea
361 1373 409 1401 voce
422 1373 472 1414 quae
482 1359 506 1400 ad
518 1360 567 1401 dnos
578 1367 677 1416 spectaret
687 1360 775 1416 protulit.
799 1358 864 1401 Porro

82 1435 170 1470 creatum
187 1428 286 1470 bominem
301 1442 340 1469 uon
358 1428 382 1469 ad
400 1427 459 1469 unius
476 1427 582 1483 imaginem
596 1442 726 1484 expressum,
748 1429 783 1470 sed
797 1428 864 1470 ambo-

81 1511 125 1539 rum
145 1496 279 1539 similitudinis
294 1504 313 1538 et
324 1496 449 1552 aequalitatis
466 1496 548 1552 effigiem
565 1511 610 1539 esse
628 1497 760 1551 significavit3
784 1498 864 1539 utillud

81 1573 150 1622 aperte
161 1566 284 1618 declararet,
302 1566 394 1621 quicquid
407 1565 539 1607 excellentiae
551 1572 594 1617 est,
617 1566 638 1606 in
651 1573 720 1621 patre,
736 1566 776 1607 lilio
791 1580 814 1607 ac
825 1565 865 1622 spi·

81 1634 121 1676 ritu
140 1641 211 1677 saneto
229 1635 280 1677 idem
299 1642 357 1690 atque
377 1648 436 1676 unum
457 1648 515 1687 esse,
539 1649 603 1690 neque
620 1635 696 1677 varium
715 1649 738 1676 ac
754 1634 864 1690 multiplex.

81 1702 129 1745 Non
142 1704 194 1746 euim
205 1710 239 1745 aut
250 1703 273 1744 ab
284 1703 347 1745 altera
360 1710 430 1745 natura
442 1711 510 1759 pater,
528 1703 578 1745 lilius
589 1710 610 1744 et
621 1702 703 1759 spiritus
715 1710 796 1745 sanctus
808 1717 866 1745 acec-

82 1772 122 1828 pit,
145 1779 179 1814 ant
189 1772 208 1813 in
221 1772 302 1814 alteram
320 1779 410 1813 naturam
424 1779 507 1813 naturae
521 1771 661 1828 dignitatisque
677 1786 726 1814 snae
743 1773 865 1814 commuuio-

83 1854 127 1882 nem
147 1840 260 1893 transtulit,
283 1854 347 1897 neque
364 1841 418 1883 velut
430 1841 519 1882 sectione
537 1841 619 1896 quadam
632 1848 666 1883 aut
679 1841 775 1898 prolluvio
787 1842 866 1884 divinae

82 1909 110 1951 illi
123 1916 206 1952 naturae
217 1910 334 1952 varietatem
350 1909 416 1952 attulit
427 1908 523 1964 unigeniti
539 1909 574 1951 lilii
585 1909 705 1966 spiritusque
718 1909 782 1952 sancti
794 1911 866 1967 produ·

82 1977 135 2029 ctio,
152 1979 187 2020 sed
201 1979 363 2034 quemadmodum
375 1978 399 2019 ab
409 1978 465 2019 initio
478 1978 650 2034 praestantissima
661 1978 693 2020 illa
706 1985 776 2021 natura
788 1993 800 2021 a
812 1979 866 2021 nullo

82 2047 134 2088 facta
144 2053 238 2088 creatave
250 2061 329 2103 semper
339 2046 413 2098 extitit,
429 2046 456 2086 ita
468 2059 547 2102 semper
559 2047 749 2102 praestantissimam
762 2062 789 2089 ex
799 2047 866 2104 seipsa

82 2114 171 2157 sobolem
186 2129 224 2157 uua
241 2129 285 2156 cum
297 2121 366 2155 sancto
379 2113 449 2170 spiritu
459 2113 503 2155 sine
516 2114 555 2155 ulla
567 2114 684 2156 diversitate
697 2117 816 2171 produxisse
828 2131 864 2157 no-

81 2184 112 2226 bis
127 2184 251 2240 apertissime
267 2183 397 2240 praedicavit.

139 2253 194 2294 Aelii
206 2250 272 2309 Caput
283 2250 322 2293 lll.
353 2250 394 2293 lam
411 2265 460 2293 vero
474 2252 490 2293 si
505 2252 548 2307 ipse
560 2252 598 2293 sibi
610 2251 690 2293 minime
702 2260 723 2294 ut
733 2261 787 2294 esset
796 2260 866 2294 contir-

81 2321 114 2373 lit,
137 2335 176 2362 uon
192 2328 272 2377 propter
288 2321 347 2362 ullam
358 2327 441 2361 narturae
451 2319 618 2372 imbecillitatem,
641 2322 676 2363 sed
692 2322 742 2376 quod
760 2336 832 2364 caussa
841 2323 867 2364 sit

81 2390 134 2430 omni
147 2389 245 2445 superior,
263 2390 307 2445 quis
317 2389 431 2445 productam
447 2396 535 2429 naturam
548 2389 573 2430 ab
585 2403 616 2440 ea,
634 2404 685 2445 quae
696 2391 821 2446 produxerit,
837 2392 868 2432 ni·

81 2458 108 2499 hil
124 2457 266 2499 insubstantia
283 2458 401 2499 discriminis
421 2457 494 2498 habere
515 2457 619 2509 fatebitur,
644 2473 687 2499 cum
708 2458 805 2501 eiusmodi
819 2460 866 2501 sub-

80 2526 153 2568 stantia
168 2527 318 2582 generationem
334 2540 412 2567 omnem
428 2527 534 2567 excludat?

140 2592 223 2636 Consul.
235 2593 273 2635 lll.
292 2593 309 2635 l.
323 2592 388 2636 Multo
399 2601 427 2646 tu,
440 2594 518 2645 caeti,
531 2594 641 2635 consultius
651 2596 735 2645 faceres,
749 2596 766 2635 si
777 2597 867 2652 superio-

80 2663 136 2706 ribus
152 2678 175 2705 ac
188 2663 307 2705 coelestibus
318 2663 377 2705 rebus
388 2664 490 2714 intentus,
504 2670 524 2704 et
533 2662 670 2704 infelicitatem
681 2672 732 2705 tuam
744 2679 865 2719 agnoscens,

81 2731 200 2773 temerariae
211 2731 282 2772 mentis
292 2731 389 2785 insignem
401 2732 454 2772 illam
465 2732 584 2787 impietatem
596 2745 744 2787 compesceres,
761 2747 786 2773 ne
798 2740 817 2773 et
829 2748 866 2774 nos

80 2800 135 2856 ipsi,
146 2800 201 2841 velut
212 2799 281 2841 iisdem
294 2799 351 2841 luriis
364 2799 445 2855 perciti,
469 2807 535 2842 tantae
549 2798 643 2841 andaciae
656 2800 786 2843 succubuisse
798 2801 866 2843 videa·

80 2883 135 2920 mur,
158 2869 193 2910 sed
205 2869 239 2910 tibi
253 2869 318 2925 potius
334 2883 357 2910 ac
373 2868 430 2909 nobis
449 2868 498 2924 ipsis
513 2883 563 2924 quae
580 2868 649 2924 pietati
665 2877 712 2910 sunt
730 2877 865 2912 consentanea

103 3006 119 3039 5,
136 3006 181 3039 Libri
192 3016 245 3040 amnes
258 3005 350 3049 πρακτέον,
369 3007 411 3048 qaod
426 3016 461 3039 cor-
484 3014 534 3051 patre
547 3013 564 3040 et
575 3005 640 3039 filioac
651 3013 710 3040 saneto
722 3006 783 3052 spiritu
797 3019 866 3042 manere

79 3053 119 3085 reci.
142 3053 195 3084 Etiam
208 3054 294 3085 comorius
307 3054 397 3096 vertitque
411 3053 461 3095 peni·
484 3057 518 3087 cett.

79 3104 106 3134 tus
120 3096 227 3132 manifestum
237 3098 270 3139 sit,
282 3098 431 3144 praeeminentiam
443 3099 462 3133 in
509 3102 524 3134 1.
537 3095 558 3134 σύ
571 3102 592 3133 est
603 3101 660 3135 attium
671 3102 747 3135 librorum
759 3110 796 3134 mss.
