1988 3392
268 249 327 287 τονιι
337 252 425 287 imonis
436 252 491 287 PARS
503 228 635 287 τοεττιιιιοιι.
799 240 840 282 637

63 335 87 381 τῇ
96 331 214 375 Ἀποκαλύψει
224 332 285 364 absunt
295 343 305 364 a
315 332 357 364 Ven.
371 350 394 357 —
417 332 429 366 l.
440 331 457 367 9.
469 333 490 366 ab
500 332 531 367 inf.
542 331 637 375 τέσσαρας,
654 327 796 374 οινίεδιαφσρᾶς,
809 339 842 361 0¹1¹·

62 394 106 427 Ven.
117 410 139 416 —
155 389 168 423 l.
176 386 194 424 7.
205 388 226 422 ab
235 388 266 422 inf.
277 388 308 424 καί
316 386 376 433 Μηδοι
384 391 427 424 Ven.
446 389 522 424 Ceterum
533 389 555 423 cf.
565 386 771 427 Anastas.Sin.Quaestt.
781 383 842 432 p.374.

63 449 90 483 od.
100 448 157 481 Grets.
171 465 192 471 —
208 445 220 478 l.
227 445 244 480 6.
256 445 278 478 ab
288 445 320 479 inf.
333 445 380 480 Gorr.
393 446 481 492 βασιλείαι,
493 453 512 479 ut
523 453 548 480 est
558 446 609 480 etiam
619 445 637 478 in
647 445 690 476 ven.
700 461 722 468 -
733 443 744 477 l.
751 446 767 478 5.
779 443 800 477 ab
811 442 842 475 inf.

65 503 176 554 ἐβασίλευσαν
187 505 231 539 Ven.
243 521 267 529 -
289 502 302 537 1.
313 502 330 537 3.
342 510 382 537 ante
391 502 421 536 fin.
434 499 453 544 ὁ,
465 511 505 537 ante
517 502 604 551 βασιλεὺς,
616 514 650 537 om.
661 501 706 548 λίειι.

108 562 163 608 Pag.
174 561 226 598 110.
249 560 299 603 110.
310 559 340 597 διὰ
354 558 374 596 τὸ
391 560 465 606 μηδέπω
476 563 553 596 Vem-
575 562 587 595 1.
601 561 628 596 11.
643 559 677 604 τῆς
692 558 717 598 είς
730 557 770 598 τούς
784 557 844 603 ἁγίους

63 622 105 656 Ven.
118 639 141 645 -
163 618 176 654 1.
188 618 215 654 13.
227 615 321 663 κινούμενοι
331 618 347 654 οἱ
356 614 426 664 ἄχχελοι
435 630 468 653 om.
480 621 522 654 νεα.
533 639 555 645 -
578 619 590 653 1.
602 617 628 654 11.
640 613 719 656 θειώδεις
728 615 759 651 καλ
767 615 844 661 πυρίνους

63 680 105 714 ven.
128 676 175 710 Idem
188 676 245 722 paullo
256 682 296 721 post
307 675 389 720 Stipant:
401 675 503 722 ἐσήμαινεν,
516 672 564 713 ούδὲν
576 674 685 724 ἀμφιβάλλει.
699 697 719 701 -
743 674 755 707 l·
768 673 794 708 15-
805 675 844 718 τῆς,

63 742 102 771 αντε
111 732 202 778 τοιαύτης,
214 745 247 768 om.
258 735 308 777 Van„
320 734 348 779 qui
359 734 421 768 deinde
430 734 486 780 pergit
497 733 532 770 έκει
541 733 573 780 την
583 732 653 780 α’μφίαν.
665 756 688 760 -
710 735 722 768 λ
734 733 760 769 17.
773 730 845 767 κύκκινα
914 729 915 732 ’

63 794 97 830 ἐνδ.
108 790 168 828 καὶτὰ
179 789 218 827 tax.
227 792 269 826 ven.
281 811 304 818 -
326 792 338 825 1.
352 792 378 827 18.
394 790 486 837 καλλαῖνην
498 791 542 825 acuit
553 793 595 826 Veni
607 812 631 819 -
653 793 664 826 l.
675 793 703 827 20.
714 788 760 827 κατὰ
769 789 804 824 τών
813 786 844 823 λύ-

62 855 97 897 ’γων
108 850 138 885 τοῦ
154 848 250 893 πνεύματος
262 846 361 895 βουλόμενοι
372 849 415 883 Ven.
426 869 450 876 -—
472 849 483 882 l.
494 849 521 884 22.
533 845 620 894 οἷληὲινώς
629 851 671 883 Ven.
695 848 738 882 Ibid.
754 847 800 880 idem
810 857 844 880 om.

65 907 89 954 νῷ
105 913 147 952 post
162 905 259 952 ἐρρωμένῳ.
270 925 293 931 -
315 905 327 938 l.
340 905 368 941 2¹4.
381 903 410 942 διοί
421 918 440 942 τε
451 907 481 943 τοῦ
497 902 556 951 εύαγχ.
569 907 611 940 Ven.
624 926 644 932 —
668 906 719 940 125.
733 897 850 950 μεταδέδωκε

63 962 140 1012 τῇοὶχίᾳ
154 962 244 1011 ἐκκλησίᾳ.
268 961 422 1000 Φὶλάνειλῑειν.-
445 963 456 998 l.
467 963 495 999 27.
507 962 525 998 έν
538 960 593 1010 τούτῳ
604 964 629 1010 τῷ
641 963 689 999 αἰῶνι
702 964 745 997 ven.
758 982 780 988 —
802 962 814 995 1.
826 959 844 995 3.

63 1029 103 1056 ante
114 1022 143 1056 fin.
155 1020 217 1055 excidit
228 1020 289 1055 vocula
296 1020 333 1064 καλ,
344 1027 383 1054 ante
391 1020 414 1066 τῇ
424 1020 520 1064 περιοδυνία
531 1020 641 1066 (περιωδυνίαι
650 1020 708 1065 ven).
719 1040 742 1046 -
758 1019 770 1052 1.
780 1019 844 1065 penult.

65 1079 193 1126 μακροείκελον,
205 1084 224 1111 ut
235 1077 287 1121 edidi,
299 1078 351 1111 hahet
362 1077 413 1111 etiam
422 1078 464 1112 ven.
477 1098 498 1103 —
522 1077 627 1122 Subscriptio
638 1077 687 1111 huius
696 1077 770 1111 haeresis
777 1077 796 1109 in
807 1076 844 1109 cod.

65 1138 107 1172 Ven.
118 1143 144 1170 est
154 1133 206 1171 Κατοί
215 1135 249 1171 τών
260 1133 285 1180 μη
296 1134 392 1181 δεχομένων
403 1133 423 1171 τί
435 1132 480 1170 κατοὶ
488 1131 569 1179 Ἰωάννην
582 1131 679 1180 εύαχγελιον
690 1132 761 1178 κοίτην
771 1131 845 1169 'ttond-

65 1196 125 1237 λυψιυ,
138 1191 164 1233 οἷς
174 1188 251 1237 ’Δλὸχωυ
264 1188 317 1237 ’ὄνομα
328 1189 444 1236 ἐπεθήκαμεν.

110 1251 228 1297 Pag.112.
250 1249 340 1294 Inscriptio
354 1249 427 1283 haeresis
442 1249 460 1283 in
475 1248 513 1284 cod.
525 1250 573 1283 Ven..
580 1256 605 1283 est
615 1248 666 1286 Κατὰ
676 1250 763 1295 δαμιανών
774 1247 844 1292 εἰκοστή

65 1307 95 1345 και
104 1307 176 1353 δευτέρη
188 1306 229 1352 (οι)
245 1301 298 1351 ἥκοι
308 1294 347 1341 ΝΜΒ.
361 1327 381 1332 -
405 1306 417 1340 ι
426 1307 443 1342 3.
455 1303 557 1343 ’.ισιάιωιι
572 1308 614 1341 ven.
637 1307 734 1341 tdemiibid.
746 1306 769 1352 γη
780 1304 811 1341 και
820 1305 847 1340 το

66 1377 159 1445 έμφύλεῦον
169 1397 261 1444 τετράπουν
272 1396 339 1443 ῥηττειν
354 1410 373 1434 τε
383 1397 415 1442 την
427 1401 470 1444 γῆν,
488 1398 519 1433 καὶ
528 1398 546 1433 ἐν
561 1403 597 1439 τοῖς
608 1396 708 1445 μυχετοίτοις
717 1398 750 1444 τῆς
759 1399 793 1443 γῆς
802 1397 846 1445 έχειν

66 1458 125 1493 ἑαυτοῦ
135 1455 167 1501 τήν
178 1457 253 1500 οίκηοιν,
269 1455 291 1491 τοί
303 1455 323 1491 δὲ
333 1468 351 1490 π.
364 1454 416 1491 αύτού
430 1454 474 1497 ζώον
485 1453 565 1501 ύπάρχειν
577 1453 618 1495 ώςεί
629 1468 647 1499 μ.
663 1453 750 1496 σκύλακάς
759 1467 803 1495 τινος
814 1456 846 1501 (sic

66 1514 156 1562 restitue),
172 1513 202 1549 καί
212 1512 310 1558 περιφέριαν
324 1513 357 1557 τῆς
373 1510 401 1557 ηλ.
415 1512 463 1559 ἔχων.
476 1533 496 1537 -
521 1513 532 1545 1.
543 1512 559 1547 6.
572 1509 608 1548 οὐδ’
623 1509 668 1553 ὅλως
677 1515 720 1546 Ven.
732 1533 755 1539 —
777 1513 789 1547 1.
797 1513 814 1548 1.
826 1510 846 1549 δὲ

65 1566 88 1618 τῖν
96 1569 116 1608 τί
128 1571 170 1613 ζῶον
180 1572 222 1604 Ven.
232 1589 254 1597 —
270 1570 286 1612 1.
292 1571 309 1605 8.
320 1568 342 1606 τά
352 1581 372 1605 τε
383 1569 479 1614 σικυηλατα
487 1567 543 1605 πάντα
553 1567 628 1614 μάλιστα
637 1570 667 1605 καὶ
676 1569 698 1606 τὰ
705 1570 768 1615 δριμέα
776 1572 818 1604 Ven.
825 1589 846 1595 -

65 1630 77 1664 1.
87 1629 104 1664 9.
117 1625 195 1673 σκόρδων
207 1625 274 1674 βᾶλβων
288 1626 318 1662 καί
328 1639 343 1662 τ.
354 1639 369 1662 τ.
381 1627 439 1663 κίννων
450 1638 470 1662 τε
480 1625 510 1662 καὶ
520 1627 554 1662 τών
565 1623 621 1663 ἄλλων
631 1629 672 1661 7ου,
683 1646 707 1653 -
729 1627 778 1662 1.10.
790 1625 847 1662 λαὲών

67 1685 117 1732 ἐντῷ
129 1682 196 1730 ῥύπτειν
206 1685 250 1717 Ven.
263 1704 285 1709 -
307 1680 493 1724 1.12.ὓοττ.ούτως.
517 1686 535 1717 ln
546 1686 589 1717 Ven.
600 1691 626 1717 est
637 1680 694 1720 Ούτω.
707 1704 729 1711 -
752 1684 798 1719 113.
807 1685 849 1717 Post

68 1742 151 1787 αἱρέσεως
162 1742 180 1775 in
191 1743 227 1774 Bas.
239 1741 328 1775 asteriscus
339 1741 447 1786 conspicitur.
460 1760 481 1766 -
504 1741 516 1774 1.
532 1738 558 1775 11.
569 1742 619 1785 τυφλ.
631 1741 661 1777 καί
671 1738 735 1787 α’νοητί.
747 1740 818 1787 ἐρημίαν
829 1740 849 1777 δὲ

68 1799 124 1846 ἑαυτῷ
134 1800 176 1833 Ven.
188 1818 211 1824 -
234 1799 246 1833 1.
257 1796 389 1842 18.τήναύτού
399 1797 485 1844 τύφλωσιν
496 1796 535 1842 έμπ.
546 1796 576 1834 διὰ
584 1794 746 1843 τὴνοῖορασίανκαὶ
761 1797 785 1843 μὴ
804 1796 849 1843 εύρί-

69 1858 199 1893 σκωνλίειν.-
222 1856 233 1890 l.
245 1856 272 1891 19.
284 1851 397 1901 αίίτηηαῗρ.
409 1862 466 1889 tuetur
476 1857 553 1889 λῖτα-
576 1854 802 1902 120.τού,οιντείλδο“ιμ,
815 1867 848 1890 om.

68 1916 111 1949 Ven.
124 1933 145 1940 -
168 1914 217 1948 121.
229 1909 317 1958 ηύραμευ,
330 1908 369 1948 οὔτε
380 1911 414 1957 μην
425 1912 545 1959 περιέτυχομεν
556 1913 598 1947 ven.
613 1932 635 1939 -
657 1913 670 1946 1.
681 1914 709 1949 23.
721 1911 849 1958 παρεικάοαμεν

69 1970 86 2007 ἐν
98 1972 124 2017 τῷ
133 1983 162 2015 πρ.
172 1968 229 2016 τούτῳ
241 1969 281 2015 ζώω
291 1983 307 2006 κ.
317 1967 333 2006 οἱ.
345 1967 365 2005 ου’
375 1982 391 2005 τ.
408 1970 503 2017 φαινομένῳ
515 1971 556 2004 ven.
568 1989 590 1995 -
613 1970 646 2004 1.5
658 1970 679 2004 ab
690 1970 722 2004 inf.
735 1971 811 2014 ζιζανίων
825 1968 850 2011 ώς

70 2027 189 2074 ἐσπαρμένων,
207 2023 222 2071 ἥ
231 2039 257 2062 τοι
268 2026 293 2073 μ’
305 2027 350 2063 ἐστιν
360 2028 402 2063 Ven.
415 2047 436 2053 -
460 2028 471 2060 l.
482 2027 547 2073 penult.
564 2027 676 2063 καταλέλυται
690 2028 720 2064 καλ
732 2026 764 2064 ου’νι
778 2028 803 2064 ἔτι
815 2026 848 2064 ύπ-

71 2084 130 2133 ἄρχει,
148 2084 194 2131 quod
204 2083 227 2117 de
242 2084 338 2118 coniectura
347 2084 425 2129 reposui,
441 2084 555 2128 nuncfirmat
566 2085 627 2118 Veneti
639 2085 736 2119 auctoritas.
748 2104 772 2112 -
794 2085 806 2119 l.
818 2085 849 2120 ult.

59 2138 82 2187 ἦ
95 2143 179 2185 indias.
201 2134 288 2185 n’ttVen.
884 2184 886 2187 .

116 2200 171 2247 rag.
181 2197 234 2236 114.
255 2198 267 2231 l.
284 2194 421 2244 1.”Αρξομαιδ“ε
433 2197 506 2234 τίλλειν.
518 2217 540 2225 -
563 2198 601 2233 1.2.
616 2197 717 2240 τόπέυὲτος·
732 2197 769 2245 ἅμα
783 2198 849 2246 γὰρτά

71 2255 103 2292 δύο
113 2256 150 2303 ἔχει
161 2255 224 2301 γέλοιον
238 2254 269 2290 καὶ
279 2256 348 2297 πένὲος,
365 2252 393 2292 ὅτι
405 2268 443 2296 πως
458 2254 467 2292 α’
478 2253 524 2302 διύβ.
535 2254 626 2301 ἐνεκύησεν
636 2255 653 2292 ἐν
662 2257 685 2303 τῇ
694 2258 729 2293 τών
739 2254 786 2302 ἅνδρ.
800 2259 850 2301 Ven„

74 2314 118 2347 unde
132 2320 150 2347 et
159 2312 261 2359 supplendus
276 2313 304 2347 hic
317 2314 363 2347 locus
379 2321 397 2346 et
407 2314 502 2358 poliendus.
514 2333 537 2339 -
559 2312 790 2359 1.7.οπηλυπᾱςνεν.-
812 2315 824 2349 l.
834 2315 850 2349 8.

71 2368 173 2411 ύποκαύτοις
187 2370 250 2411 οἰκοδ..
263 2367 349 2406 ύποκαίειν
361 2382 380 2406 τε
390 2371 422 2416 (ita
434 2371 512 2412 restitue)
524 2368 603 2406 κοίτωὲεν
612 2369 642 2407 διοὶ
651 2369 671 2406 τὸ
682 2368 725 2407 εἶναι
734 2372 800 2418 αἰὶνμην
809 2372 851 2419 (sic)

72 2427 97 2467 είς
106 2426 170 2468 ἓοίλπος
180 2429 228 2475 Ven⁸>
236 2446 258 2453 —
280 2427 292 2461 l.
304 2429 329 2461 10.
342 2427 376 2462 εἰσι
389 2426 433 2471 πρὸς
442 2427 474 2468 τὰς
483 2425 538 2472 λύρας
547 2430 589 2461 Ven.
602 2447 624 2454 -
646 2429 658 2462 1.
669 2429 695 2464 17.
708 2427 773 2470 δόξειέν
783 2441 816 2465 τινι
827 2428 852 2470 ώς

72 2485 114 2518 Ven.
125 2505 147 2512 -
164 2485 176 2518 l.
184 2483 210 2519 19.
220 2482 303 2528 κρίνουσιν
312 2483 402 2525 έξεούσλαι
413 2487 454 2518 Ven.
473 2485 551 2518 ceterum
561 2485 599 2518 dele
609 2497 674 2520 comma
682 2493 723 2531 post
733 2485 851 2529 ἐξεώσῆαο-

71 2540 84 2574 1.
94 2542 121 2576 22.
134 2536 163 2579 ούυ
172 2544 206 2579 τῶν
216 2542 271 2588 λόγων
281 2540 329 2578 ύττοκ,
339 2544 382 2576 Ven.
395 2561 417 2569 -—
439 2542 486 2577 125.
499 2542 555 2576 Verba
565 2538 600 2587 οίήρ
609 2541 731 2589 καθαρώτατος
740 2556 768 2578 om
778 2547 821 2579 Ven.
829 2565 851 2571 -

72 2597 118 2635 126.
130 2600 200 2645 Repone
209 2599 338 2646 μεμετρημένος
346 2612 366 2633 ex
376 2599 477 2634 auctoritate
487 2601 529 2633 Ven.
542 2619 563 2625 -
581 2600 616 2635 LE.
626 2601 647 2635 ab
657 2601 688 2636 inf.
702 2602 749 2636 Gorr.
760 2602 850 2647 διαίτη-
887 2618 889 2621 v

72 2653 138 2691 Μαί)
147 2657 179 2692 inf.
191 2658 216 2693 Εἰ
226 2655 246 2693 τί
259 2655 283 2701 δή
294 2656 325 2692 καὶ
336 2655 392 2702 ἕτερον
404 2668 442 2698 σκ,
453 2657 491 2697 πώς
502 2653 515 2700 ti
527 2652 586 2692 ἅπασα
598 2659 624 2692 πλ-
637 2660 679 2692 Ven.

118 2715 172 2762 vag.
183 2716 236 2752 11⁶.
257 2714 269 2748 l.
281 2715 295 2748 1.
310 2709 396 2758 Ἀπῆρται
405 2713 438 2759 γὰρ
448 2713 467 2756 ἐξ
477 2710 555 2757 αύτώντῑ
566 2708 621 2754 αἰδώς
632 2716 665 2760 (sic
676 2717 745 2763 conig.)
755 2720 798 2751 Ven-
808 2716 851 2753 αίδώ

72 2768 134 2814 legitur
143 2771 161 2804 in
172 2771 211 2804 edd.
222 2779 297 2816 utraque.
309 2790 330 2796 -
354 2771 365 2804 1.
375 2773 392 2806 ὁ,
405 2769 457 2812 εὐθὺς
467 2770 529 2811 ἐκεῖνος
539 2770 592 2815 καίη“
603 2770 655 2808 αύτσύ
666 2772 707 2818 γυνη
719 2774 792 2819 ἱματίοις
801 2772 852 2810 εύπό·

74 2838 139 2871 ρησαν,
151 2824 195 2864 οἷλλοί
204 2840 231 2872 πρ.
241 2828 271 2872 μὲν
281 2827 337 2872 φύλλα
346 2829 401 2872 συκῆς
410 2828 477 2868 ἑαυτοῖς
488 2828 552 2872 ἔραψαν
563 2828 615 2874 (sic),
628 2828 687 2866 ἔπειτα
695 2830 716 2866 δὲ
728 2833 799 2877 χιτῶνες
810 2834 852 2875 δερ·

75 2880 140 2926 μνίτιυοι
149 2881 208 2925 αύτοῐς
215 2882 302 2929 έδύδησαν
312 2886 354 2917 Ven.
366 2904 388 2911 -
411 2885 422 2919 l.
431 2887 447 2921 7.
461 2886 506 2919 Corr.
517 2885 635 2928 παμποίκιλος.
646 2907 668 2913 -
691 2887 726 2922 19.
737 2886 798 2933 τρόπον
807 2882 854 2924 ούτοι

1 2983 3 2986 Ι
74 2940 246 2984 χλευασ3.λίειν.-
268 2941 279 2975 1.
292 2941 318 2975 12.
330 2942 360 2977 τού
369 2943 483 2987 πνευματικοῦ
494 2937 552 2987 ὄφεως
561 2943 638 2976 Ven·—
661 2944 672 2977 Ι.
683 2944 708 2980 13.
721 2943 790 2989 διαίτης
798 2957 853 2989 παρα-

75 2998 189 3043 πεποιημένης
198 3000 241 3032 Ven.
254 3017 276 3024 -
298 2998 310 3031 l.
322 2998 347 3034 17.
360 2997 425 3045 ῥάβδου
434 2999 453 3036 τὸ
464 2999 537 3035 τοιοῦτον
546 2996 657 3045 ἀφανίζεται,
668 2999 750 3037 πολλὰδὲ
759 3013 777 3045 μ.
786 3013 802 3036 τ.
812 3000 853 3038 ἅνε-

75 3053 156 3099 νεχὲῆναι
166 3055 197 3090 τοῦ
208 3054 237 3100 (ἐκ
246 3054 303 3096 deest)
318 3056 387 3100 φωλεοῦ
397 3058 440 3090 ven.
452 3075 475 3084 -
502 3056 514 3088 Ι.
525 3054 551 3090 19.
570 3057 600 3091 καὶ
616 3056 640 3102 μὴ
657 3055 740 3102 εύρίσκων
754 3057 786 3104 τήν
801 3072 855 3096 κατα-

75 3107 142 3155 φυγὴν,
161 3111 185 3152 οἷς
201 3111 232 3148 καλ
248 3108 296 3147 αύτοὶ
312 3108 382 3153 οἱλύντες
398 3112 504 3161 αἰσχύνονται
519 3110 548 3149 διὰ
562 3113 595 3158 τῆς
608 3115 679 3160 παχχελ.
693 3114 758 3162 χλεύης
772 3118 816 3153 ven.
832 3137 854 3146 -
