1988 3392
264 238 357 273 canaan
368 239 411 272 ure.
420 240 450 272 ru.
463 239 518 273 rom.
528 238 541 270 r.
552 237 622 271 naun.
629 235 710 270 mxxvi.
789 262 791 268 ,
836 226 878 268 285

97 318 202 362 affectione
220 324 241 361 et
252 319 363 361 substantia
380 318 437 361 uobis
456 318 554 371 obtrudit;
575 332 619 360 eum
636 316 684 358 illurl
699 315 720 357 in
734 317 827 358 confesso
844 315 878 367 sit,

97 393 176 430 creatas
187 400 220 429 res
234 402 304 430 omnes
318 401 364 430 esse
376 401 399 429 re
413 401 473 440 vera,
494 401 559 443 neque
571 394 636 429 tamen
646 385 672 427 cb
684 385 744 426 ullum
756 384 879 426 commodum

96 463 130 499 aut
139 456 283 499 incrementum
295 457 371 513 gloriae
382 470 393 497 a
405 457 454 509 deo,
475 457 508 513 qui
520 457 571 498 nulla
587 471 608 499 re
621 470 671 513 opus
683 454 753 506 babet,
776 453 879 509 excogita-

96 533 127 569 tas
138 524 211 580 luisse3
232 541 271 569 nou
282 540 340 569 secus
353 533 411 583 atque
423 527 442 569 iu
456 526 514 569 unico
528 527 559 568 dei
572 527 623 579 filio,
645 525 727 581 eiusque
738 530 807 567 saneto
821 522 879 580 spiri·

96 604 126 649 tu,
142 596 198 637 nefas
209 603 240 638 est
249 611 292 638 cum
304 603 415 639 creatarum
425 611 491 639 rerum
503 596 616 638 conditione
625 596 670 638 illos
682 595 803 651 adaequare.
835 592 879 635 Dici

97 665 150 708 enim
166 665 218 708 istut
235 666 289 709 nullo
304 667 362 709 modo
376 674 449 723 potest.
480 667 508 708 At
524 680 573 708 vero
589 665 700 708 rationibus
718 663 879 721 syllogismisque

97 735 139 778 suis
150 749 187 777 uos
202 736 317 792 aggreditur
327 736 411 789 Aetius,
429 737 452 778 cle
465 736 585 778 coelestibus
595 736 655 778 rebus
667 734 770 791 garriens,
787 740 807 775 et
819 733 879 775 autla-

97 811 140 847 eter
152 804 176 847 ad
188 805 291 862 superiora
302 806 437 858 contendens,
454 812 513 861 atque
525 805 550 847 ab
561 805 690 847 interioribus
703 804 801 846 creaturis
812 803 879 860 petitis

97 874 221 930 argumentis
232 889 269 917 nos
280 888 409 932 oppugnans,
429 889 472 917 cum
484 881 549 916 tamen
562 874 604 916 suis
616 873 656 915 illis
668 867 806 929 disputationis
819 886 877 928 argu·

97 943 130 985 tiis
141 943 189 985 uibil
204 944 284 986 omnino
298 951 421 1000 promoveat.
452 942 560 984 Hominum
576 942 647 999 quippe
664 942 759 998 sapientia
775 942 877 999 praeterit,

97 1012 324 1055 bumauaratioeinantli
342 1012 373 1054 vis
385 1026 408 1054 ac
420 1012 518 1054 subtilitas
535 1012 651 1069 consepulta
662 1011 725 1053 iacet:
746 1013 825 1060 nantia,
847 1011 877 1052 in·
898 1022 957 1052 Psatm.

98 1081 152 1138 quit,
174 1085 255 1136 spiritus
265 1085 306 1123 eius
317 1090 337 1123 et
347 1090 454 1123 revertebar
467 1084 487 1122 in
496 1083 594 1135 pulverem
608 1096 670 1122 mum.
702 1078 878 1137 syllogismorum,
896 1060 960 1095 mala.

96 1151 190 1207 iuquam,
213 1152 304 1194 acumina
323 1150 389 1193 omnia
401 1151 501 1193 bominum
516 1150 603 1206 ingeniis
616 1150 731 1206 excogitata
742 1157 878 1206 praetereunt,

97 1220 227 1276 hominesque
238 1220 313 1277 pariter
324 1234 368 1262 cum
379 1219 412 1261 illa
422 1219 478 1262 Accii
490 1219 655 1272 ratiocinatione,
673 1226 693 1261 et
704 1219 798 1261 affectato
810 1224 880 1260 contra

97 1289 155 1332 fidem
173 1287 286 1331 calliditatis
303 1288 395 1331 artilicio.
425 1292 495 1330 Monet
508 1295 574 1330 autem
591 1303 615 1331 ee
629 1303 686 1345 quam
699 1288 821 1345 syllogismis
837 1287 879 1330 suis

97 1357 242 1401 circumvenire
258 1365 353 1410 conatur,
363 1359 428 1411 fides,
444 1373 499 1412 spes,
516 1361 632 1408 eroaricus,
649 1358 678 1400 nti
692 1358 787 1414 scriptum
802 1364 841 1399 est.
901 1367 957 1397 nou.

156 1426 210 1470 Aetii
223 1423 288 1483 Caput
299 1425 374 1468 XXll.
404 1425 427 1470 si
442 1427 551 1469 substantia
569 1427 634 1469 omnis
649 1427 737 1483 ingenita
753 1427 790 1480 sit,
812 1427 878 1469 cuius·
895 1403 949 1440 Μ’

98 1496 151 1539 modi
164 1502 194 1538 est
204 1496 344 1553 omnipotentis
357 1495 400 1548 dei,
418 1496 462 1552 quid
476 1495 547 1537 attinet
557 1495 608 1538 bane
619 1496 696 1552 quidem
708 1496 834 1553 passionibus
845 1496 880 1537 ob-

98 1565 193 1618 noxiam,
218 1564 272 1607 illam
288 1579 338 1607 vero
354 1572 457 1621 expertem
475 1566 607 1607 asseverare?
642 1563 700 1620 Quod
717 1565 734 1606 si
751 1565 879 1607 attributione

99 1634 182 1691 quadam
192 1634 293 1689 ingenitae
305 1640 400 1686 naturae,
416 1634 480 1676 altera
491 1633 612 1689 quantitate,
629 1634 733 1690 qualitate,
757 1642 815 1691 atque
827 1633 881 1675 omui

98 1717 181 1761 prorsus
201 1710 268 1745 manet
287 1703 397 1745 mutatione
416 1703 518 1760 superior,
542 1703 605 1745 altera
625 1702 763 1745 affectionibus
783 1704 879 1756 obnoxia,

99 1786 149 1829 quae
160 1779 225 1814 tamen
236 1771 291 1828 ipsa,
308 1779 330 1813 ut
341 1771 458 1814 immutabili
469 1772 591 1814 substantiae
604 1772 717 1814 conditione
729 1772 766 1826 sit,
783 1772 880 1814 beuelicio

99 1842 183 1897 quodam
193 1840 275 1883 alterius
285 1841 311 1883 sit
322 1841 404 1896 adepta,
426 1841 443 1883 si
453 1840 513 1891 baec,
533 1841 627 1897 inquam,
647 1841 675 1883 ita
690 1855 712 1883 se
727 1841 825 1894 babeant,
846 1849 881 1883 aut

99 1924 159 1962 casu,
181 1924 205 1952 ac
217 1909 299 1952 fortuito
309 1910 329 1951 id
341 1909 450 1965 contigisse
463 1910 567 1952 dicendum
584 1918 626 1963 est,
648 1918 682 1952 aut
694 1910 741 1952 illud
755 1924 880 1966 consequeus

100 1985 143 2031 est,
159 1985 180 2020 ut
190 1986 210 2020 et
220 1992 304 2035 eaquae
317 1978 358 2034 agit
367 1977 469 2033 ingenite,
490 1985 510 2020 et
523 1992 574 2034 quae
588 1981 716 2022 mutationem
728 1980 803 2036 patitur·
813 1980 881 2036 genita

100 2054 213 2089 censeatur.

159 2113 242 2159 Conlut.
255 2113 327 2157 XXll.
359 2112 376 2156 l.
392 2114 465 2171 Neque
478 2115 607 2159 substantiam
622 2130 700 2159 omnem
711 2116 820 2172 ingenitam
835 2131 880 2159 esse

101 2185 195 2237 dicimus,
216 2198 254 2227 nec
265 2198 343 2226 omnem
357 2197 368 2224 a
380 2184 417 2226 deo
431 2185 530 2240 genitam,
552 2186 644 2241 quoniam
659 2185 690 2242 qui
702 2185 762 2227 lilium
773 2200 830 2227 suum
845 2199 880 2241 gc-

100 2254 155 2306 nuit‚
177 2260 198 2295 et
208 2267 219 2295 a
230 2267 253 2296 se
266 2253 310 2310 ipso
326 2252 416 2309 spiritum
430 2261 519 2296 sanctum
531 2254 607 2309 emisit,
628 2255 682 2297 illum
696 2253 776 2310 iuquam
790 2254 879 2311 spiritum

101 2322 135 2379 qui
145 2336 214 2365 eorum
225 2336 274 2378 quae
286 2322 320 2364 lilii
329 2328 375 2364 sunt
384 2322 483 2380 particeps
491 2323 535 2376 luit,
552 2337 591 2365 uon
603 2337 680 2376 omnes,
696 2324 732 2365 sed
743 2339 802 2366 unum
811 2324 881 2366 dunta-

101 2399 138 2434 xat
146 2390 227 2447 genuit3
243 2392 295 2434 unde
306 2398 326 2433 et
335 2390 448 2446 unigenitus
460 2398 503 2444 est,
519 2398 539 2433 et
549 2406 610 2435 unum
620 2392 686 2438 emisit
697 2407 709 2435 a
720 2406 743 2435 se
755 2393 812 2449 ipso,
829 2393 881 2435 nude

102 2460 183 2517 spiritus
200 2466 288 2501 sanctus.
319 2457 360 2501 Per
375 2474 433 2502 unum
453 2474 512 2517 porro
528 2461 615 2513 creavit,
639 2468 659 2503 et
668 2461 689 2503 in
704 2476 743 2503 uno
757 2461 882 2504 confirmavit

68 2584 69 2587 Ἴ
102 2542 184 2579 omnes,
202 2541 284 2583 quorum
295 2527 327 2569 alii
337 2528 446 2583 generandi
457 2529 497 2570 vim
507 2528 591 2581 babent,
614 2537 634 2570 et
647 2537 691 2586 post
702 2530 784 2586 primam
796 2529 881 2571 creatio-

103 2610 149 2639 nem
161 2595 254 2651 deinceps
263 2603 398 2651 generantur,
414 2597 447 2638 alii
459 2597 488 2639 sie
499 2597 561 2638 creati
574 2605 621 2639 suut
632 2607 654 2639 ut
665 2612 729 2654 oeque
739 2598 829 2655 gignant,
846 2612 881 2640 ne-

102 2679 141 2722 que
152 2665 267 2721 gignentur.
299 2663 374 2706 Verum
390 2664 479 2707 increata
495 2665 589 2708 trinitatis
606 2665 718 2708 substantia
734 2667 793 2723 louge
810 2667 835 2709 ab
851 2666 882 2708 bis

102 2733 193 2775 omnibus
204 2732 268 2784 abest,
285 2745 335 2787 quae
346 2732 371 2773 ab
382 2733 426 2788 ipsa
437 2733 525 2775 trinitate
537 2741 603 2775 ereata
613 2742 668 2787 sunt,
684 2749 724 2777 non
736 2735 811 2791 genita.
834 2732 882 2776 Ideo
900 2726 959 2786 m,

102 2801 197 2844 trinitatis
207 2801 254 2843 illud
263 2800 363 2858 proprium
374 2807 418 2854 est,
434 2808 456 2843 ut
466 2815 531 2857 neque
541 2802 580 2858 pati
591 2802 702 2859 quiequam,
719 2817 782 2860 neque
794 2792 889 2845 commu-⁸
902 2790 924 2827 ¹²¹
933 2791 955 2820 ³²

101 2900 181 2954 habere,
193 2925 214 2947 eo
232 2914 278 2960 quod
294 2921 356 2959 sponte
371 2925 401 2947 sua
417 2915 480 2949 amiens
503 2912 541 2958 (mlo
551 2918 617 2950 articulo
627 2917 691 2961 omisso)
702 2914 724 2952 τὰ
733 2914 777 2953 κατὰ
788 2915 819 2957 τὰς
827 2927 882 2962 προει-

101 2959 186 3005 permittit
197 2971 217 2992 ea
228 2971 271 3005 quae
282 2967 321 2993 sunt
332 2960 430 3004 praedicte,
447 2965 482 2995 cett.
504 2960 584 3005 ρημέιας.

125 3003 142 3038 lt.
153 3007 179 3038 Itu
188 3005 234 3038 codd.
246 3016 283 3039 mss.
307 3007 350 3039 tutu
361 3007 417 3040 mooe
428 3003 481 3042 αὔτο-
526 3006 542 3040 o.
556 3008 605 3049 Vulgo
616 3002 629 3050 ἦ
641 3006 661 3042 τό
674 3004 690 3051 γ’
702 3000 736 3043 οὖν,

104 3049 158 3096 polru-
526 3050 543 3086 7.
554 3053 584 3087 τοῦ
596 3054 655 3086 eccidit
665 3056 685 3086 ub
697 3055 733 3087 edit.
745 3055 813 3088 Patauii.

126 3098 143 3131 ὑ.
160 3097 214 3138 Supra
227 3099 275 3140 uulgo
288 3100 331 3132 catut
344 3100 420 3140 scriptum
434 3098 482 3144 pltea
