1988 3392
245 243 339 278 rancun
349 240 394 279 ‘mc
405 244 434 280 iu.
447 244 502 280 sou.
511 244 523 278 r.
536 243 604 277 uasa.
612 243 677 280 cxxi.
824 235 853 277 45

65 336 146 366 caruem
156 330 250 366 mutatum
265 324 336 377 luerit;
356 325 384 367 ita
395 325 446 367 enim
458 325 490 367 ille
506 326 557 368 lalso
568 324 592 366 de
605 324 643 366 bec
654 330 773 380 argumento
787 322 852 365 disse-

65 392 113 435 ruit.
144 390 171 434 Et
183 407 232 435 vero
244 394 261 435 si
273 394 363 437 Adamus
376 393 438 436 verbo
450 394 547 449 originem
561 393 681 446 antecessit,
699 407 734 449 per
747 407 851 448 quemnam

66 473 106 503 uon
124 461 182 503 modo
195 462 297 515 Adamas,
314 462 348 504 sed
362 462 421 505 etiam
438 477 488 517 quae
499 462 577 505 Adanio
595 461 672 519 priores
688 468 734 503 sunt
747 469 852 503 ercamrao

65 529 96 571 dei
113 544 183 572 omues
199 532 307 586 productae
324 531 384 572 sunt?
413 529 464 586 Quis
477 532 510 573 ille
521 546 570 573 vcro
582 540 613 573 est
623 531 654 571 eui
667 537 724 587 pater
736 529 799 582 dixit,
816 532 853 570 Fc-

65 601 138 640 ciamus
146 601 253 640 laume'nem?
281 597 348 641 Nemo
359 598 411 642 euim
422 607 456 642 ant
468 601 492 642 ad
503 600 592 642 intimum
605 599 686 642 verbum
700 613 765 649 suum,
782 605 816 640 aut
828 599 852 641 ad

64 666 113 709 illud
130 668 181 722 quod
197 667 289 710 exterius
300 670 402 725 prolectur
417 669 581 711 consultationem
592 667 795 722 deliberationemque
805 667 853 709 diri·

64 734 102 792 git.
129 733 181 778 >ldee
197 735 277 778 insitum
289 736 327 779 sibi
338 738 524 794 sanctissimumque
537 753 594 781 suum
606 737 689 779 verbnm
701 737 804 792 alloquens
819 750 852 792 pa-

66 811 97 845 ter
110 804 194 845 luteram
213 804 299 846 bominis
313 805 472 861 procreationem
485 806 630 861 sapientissima
644 820 694 847 irone
711 805 810 857 declarat,
831 813 852 847 ut

65 871 125 914 lilium
142 874 192 929 apud
209 881 284 929 patrem
296 873 353 915 initio
366 874 460 916 extitisse
472 875 581 925 sciremuS,
603 888 667 930 neque
681 874 804 916 conditorem
816 888 852 916 ne-

65 948 128 984 strum
140 955 211 984 reeens
224 942 243 984 in
257 942 321 984 lucem
334 942 407 985 editum
421 943 576 994 arbitraremur,
592 943 626 984 sed
640 958 684 985 cum
697 950 751 998 patre
765 942 850 999 priorem

65 1009 151 1052 saeculis
166 1010 257 1053 omnibus
274 1012 344 1053 luisse.
376 1008 398 1053 ld
409 1012 460 1068 quod
475 1010 560 1054 loannes
572 1012 599 1053 ita
612 1013 746 1053 demonstrat:
762 1014 785 1053 In
795 1015 851 1066 prin·
860 1016 913 1047 tcacn.
923 1016 957 1053 bl·

65 1082 115 1133 capia
130 1087 175 1121 erat
186 1081 274 1130 uerbum,
291 1088 312 1121 et
324 1081 401 1121 verbani
415 1088 460 1122 erat
472 1083 524 1135 apud
537 1083 599 1122 deum.
635 1074 637 1078 ¹

123 1217 185 1273 Atqui
200 1218 295 1270 verbum,
316 1218 381 1274 inquit
391 1219 499 1261 circulator
514 1219 564 1270 iste,
587 1217 704 1275 aprincipie
717 1218 809 1260 extitisse
822 1219 851 1260 la·
867 1219 944 1265 caplv.

65 1294 121 1339 tenca
144 1287 204 1328 lilium
220 1287 350 1342 deigeuitum
368 1287 443 1339 luisse,
465 1288 483 1330 id
499 1302 549 1329 vero
566 1302 605 1329 uon
621 1289 692 1329 lateur.
723 1286 799 1329 Verum
813 1286 851 1328 uisi

65 1355 97 1397 dei
107 1355 134 1397 sit
145 1354 203 1407 lilius,
220 1356 285 1397 inanis
296 1362 327 1398 est
338 1355 391 1398 illius
403 1357 467 1409 labor,
483 1356 542 1398 inane
554 1362 574 1397 et
582 1356 642 1398 animi
654 1357 784 1413 propositum,
799 1369 851 1397 vana

65 1423 150 1480 denique
170 1438 217 1481 spes
234 1424 299 1466 emitis
317 1432 338 1466 et
354 1425 458 1479 cogitatio.
498 1423 555 1466 Nibil
572 1424 625 1466 enim
646 1425 729 1481 amplius
748 1424 851 1466 excelleu-

65 1491 144 1548 tiasque
161 1493 185 1535 de
198 1489 280 1534 Christo
294 1493 397 1548 profitetur
411 1508 468 1550 quam
481 1491 549 1536 ludaei
559 1492 609 1549 ipsi,
626 1493 658 1548 qui
669 1495 753 1535 eundem
765 1493 851 1548 abuega-

65 1568 119 1604 ruut.
150 1559 215 1603 Porro
232 1576 271 1603 rica
288 1562 383 1618 seriptum
400 1570 431 1604 est
448 1562 468 1604 in
480 1562 596 1617 euangelio:
616 1564 639 1603 In
647 1565 745 1615 principib
756 1570 852 1603 erctcer-

66 1631 122 1680 bam,
144 1638 165 1671 et
175 1631 252 1671 verbum
262 1639 307 1671 erut
318 1634 337 1672 in
348 1634 395 1680 dea,
416 1632 463 1682 sed,
486 1632 567 1672 Verbum
582 1633 689 1684 erotcpcd
699 1633 766 1680 decim,
783 1631 851 1672 necin

66 1700 103 1741 dec
116 1699 198 1742 verbum
211 1700 342 1742 modoluisse
356 1700 415 1752 dicit,
437 1701 472 1742 sed
483 1703 535 1741 Heus
547 1701 682 1741 contuendum.
716 1698 737 1741 lu
754 1698 852 1756 ipscqui-

66 1768 110 1810 dem
123 1768 202 1811 bomine
214 1781 281 1809 sermo
292 1768 339 1820 ille,
356 1768 388 1825 qui
401 1775 496 1824 perpetuo
506 1776 540 1810 aut
551 1769 644 1820 interior,
661 1774 695 1810 aut
705 1775 790 1810 externa
802 1782 852 1810 voce

65 1837 208 1894 prolatusest,
231 1836 392 1879 bcmcdieiuou
406 1844 482 1893 potest,
504 1839 538 1879 sed
550 1838 635 1879 bominis
647 1852 722 1879 sermo.
754 1834 850 1891 Quodsi,

65 1912 88 1949 ut
99 1905 132 1948 ille
142 1912 240 1961 tingatur,
262 1907 348 1947 noirdum
361 1905 415 1948 velut
427 1907 491 1948 foetus
502 1914 571 1957 erant,
594 1913 628 1948 aut
639 1906 669 1947 dei
682 1906 732 1947 tilius
746 1905 795 1947 deus
806 1919 852 1946 ver-

65 1974 119 2026 bum,
137 1988 172 2031 per
182 1988 286 2030 quemnam
298 1974 364 2016 omitia
377 1975 470 2030 producta
481 1977 540 2016 sunt?
569 1974 742 2030 Quandoquidem,
758 1981 779 2015 ut
791 1988 852 2015 eran·

66 2042 139 2100 gellam
155 2043 240 2094 asserit,
264 2045 330 2084 Omnia
343 2057 381 2096 per
395 2046 456 2096 rpeiam
464 2045 522 2097 sacta
535 2052 592 2093 sunt,
608 2051 628 2085 et
637 2048 680 2084 erbe
691 2046 732 2096 ipsc
740 2044 814 2097 suctum
823 2051 854 2084 est

65 2114 121 2154 nabal.
160 2113 241 2155 Areuim
261 2112 436 2169 quemadmodum,
459 2112 535 2168 iuquit,
556 2111 615 2153 liciaco
635 2126 670 2168 per
689 2112 772 2153 uerbum
794 2126 851 2152 suum

66 2181 158 2237 quidquid
171 2182 250 2224 libuerit
262 2181 332 2231 efficit,
349 2180 407 2222 itaet
419 2186 475 2236 pater
484 2194 520 2237 per
531 2180 612 2222 verbum
626 2194 694 2230 suunt,
711 2180 794 2235 quadiu
806 2181 850 2235 ipso

66 2257 118 2302 erat,
135 2250 228 2292 universa
239 2249 359 2307 procreavit.
391 2247 497 2304 Quomodo
508 2249 568 2304 igitur
578 2249 615 2290 boe
625 2248 645 2289 iu
659 2249 764 2304 evaugelio
777 2248 851 2289 domini

63 2317 138 2361 'dierum
150 2318 285 2375 acccipiendum
298 2325 342 2360 est:
363 2320 667 2372 Puterusquemodccperatnr‚
690 2320 850 2371 etegoopercr?
878 2333 932 2364 tuaac.

67 2385 125 2442 Quae
135 2387 197 2429 verba
209 2402 248 2429 non
258 2386 288 2428 sic
297 2387 426 2442 intelligenda
436 2394 495 2439 suut,
512 2386 574 2442 quasi
582 2387 601 2428 iu
615 2386 645 2428 bis
657 2399 707 2442 quae
722 2385 773 2427 lilius
790 2386 849 2427 efficit
883 2370 898 2406 ⁵⁷
908 2370 924 2398 ¹³

66 2455 114 2498 nibil
128 2463 184 2512 pater
195 2456 238 2512 ipse
252 2456 355 2507 moliatur,
378 2462 412 2496 aut
425 2462 495 2497 contra
507 2455 649 2497 abalienandus
663 2455 764 2507 sirlilius,
786 2469 850 2511 neque

66 2538 89 2566 se
101 2525 162 2581 patris
176 2521 254 2581 opificio
271 2524 348 2579 agendo
361 2523 433 2579 aliquid
449 2522 567 2565 immisceat.
598 2521 701 2578 Siquidem
713 2537 774 2580 opera
784 2525 850 2566 cuma

67 2605 79 2634 a
90 2599 146 2648 patre
154 2592 212 2634 simul
225 2600 244 2634 et
256 2592 295 2633 lilio
305 2599 326 2634 ct
335 2591 405 2648 spiritu
417 2598 486 2633 saincte
497 2593 591 2647 producta
602 2598 655 2632 sunt.
678 2589 732 2633 Nam
743 2607 779 2648 per
787 2593 852 2650 ipsum

68 2661 133 2702 omitia
149 2668 195 2703 sant
210 2675 222 2703 a
237 2668 293 2718 patre
308 2661 415 2717 producta,
437 2655 520 2716 ipseque
535 2660 585 2700 adeo
605 2674 650 2700 eam
670 2667 726 2716 patre
748 2668 767 2702 et
781 2661 956 2717 spiriturcatmaac

67 2736 138 2771 sancto
155 2728 260 2771 fabricavit
274 2729 348 2771 omnia.
380 2729 440 2769 Ilerda
457 2732 506 2769 enim
520 2730 593 2768 domini
606 2730 657 2768 coeli
664 2730 747 2783 [armati
755 2739 811 2779 siant,
833 2740 852 2772 et

68 2800 139 2850 sptia'tu
147 2801 187 2838 oris
198 2801 239 2838 eme
249 2801 309 2837 cannis
320 2800 382 2837 cartas
393 2811 465 2837 cornui.
497 2795 598 2851 Quocirca
609 2803 666 2838 caute
677 2797 723 2838 illud
735 2800 852 2854 prudenter-

51 2871 54 2878 ’
68 2880 106 2921 que
123 2866 214 2907 dominus
231 2865 251 2907 iu
268 2865 373 2920 evangelio
390 2865 452 2915 dixit,
469 2879 525 2917 cum,
542 2871 609 2920 utpote
624 2865 672 2906 deas
690 2867 756 2907 omnia
773 2867 852 2922 praevi-

90 2956 107 2991 3.
114 2955 144 2992 καὶ
153 2956 217 3001 ματαία
227 2954 279 2992 αὐτοῦ
288 2954 403 3001 ῆπροαίρεσις
411 2956 446 2989 cod.
491 2953 507 2988 6.
518 2952 604 2998 ἀλλοτρίου
615 2950 663 2995 ὄντος
673 2958 762 2989 emendavit
769 2958 850 2993 Peucen

67 3003 134 3044 amata.
469 2998 594 3043 ἅλλατριοῦντος
608 3004 656 3043 culpo
672 3005 715 3034 catat
728 3004 745 3035 tn
759 3004 809 3035 tibris.
831 3006 852 3037 Et

90 3046 107 3082 4.
114 3047 129 3083 εἰ
138 3045 158 3083 δὲ
167 3044 199 3083 cdx
208 3039 230 3092 ἦν
238 3049 328 3088 suspicatus
336 3050 359 3081 est
365 3047 445 3081 Petaurus,
470 3048 557 3080 Camarina
573 3048 607 3080 iam
622 3049 668 3080 vertit
682 3058 738 3093 neque
751 3048 798 3093 quod
808 3048 852 3085 lilius

90 3094 106 3126 5.
114 3094 144 3128 τοῦ
155 3103 185 3126 aar.
197 3094 233 3127 cod.
242 3094 308 3135 uacca.
469 3092 533 3125 alienus
544 3091 572 3124 sit.
