1988 3392
341 254 561 288 maceruauanosrs.
805 244 847 285 547

64 341 87 382 ab
106 336 204 379 divisione
227 335 347 389 linguarum.
384 332 458 376 Postea
481 349 530 377 vero
553 332 699 376 recentioribus
726 332 848 388 temporibus

64 407 141 449 Graeca
153 403 269 458 superstitio
282 408 348 442 certas
359 401 380 441 in
391 403 486 443 haereses
499 417 523 444 ac
535 410 602 444 sectas
615 400 676 453 abiit,
692 407 761 456 utputa
773 399 849 457 Pytha-

64 486 182 531 goreorum‚
200 468 326 521 Stoicorum,
343 467 505 522 Platonicorum,
526 469 684 526 Epicureorum,
701 477 741 509 ete.
771 467 849 509 Eodem

64 555 123 601 porro
134 546 223 595 tempore
236 538 317 594 propria
329 538 393 579 ferma
405 552 429 579 ac
443 544 489 579 uota
501 553 562 581 verae
574 539 653 594 pietatis
665 544 685 580 et
697 536 801 592 religionis
813 551 850 579 ex-

65 611 114 661 titit,
131 622 224 649 unacum
236 607 280 662 lege
291 613 385 658 natm-ae,
403 620 453 662 quae
464 607 489 648 ab
501 607 578 662 origine
590 607 657 648 mundi
670 620 716 649 sese
731 606 756 647 ab
764 605 803 647 illis
815 620 850 648 na·

65 677 150 722 tionibus
164 683 260 733 perpetuo
270 676 396 732 segregavit,
419 676 506 718 adhaec
523 691 586 733 usque
599 676 650 718 diem
664 676 718 718 inter
731 673 850 729 barbaram,

65 747 181 807 Scythicam
195 745 332 803 Graecumque
345 746 507 803 superstitionem
519 746 635 799 interiecta,
652 747 716 789 donee
728 762 772 789 cum
784 745 852 788 Abra-

66 819 103 863 ami
120 818 193 874 pietate
206 816 286 859 coaluit.
319 816 371 858 Tum
390 831 440 859 vero
453 816 564 859 Iudaismus
580 818 604 859 ab
618 817 714 860 Abraami
728 816 851 874 temporibus

66 888 163 946 propriam
182 887 264 928 formam
282 887 377 942 adeptus,
398 901 422 928 ae
439 900 474 942 per
487 885 575 942 Moysen
588 887 612 928 ab
628 888 729 928 Abraamo
745 887 851 942 septimum

66 973 89 1000 ac
100 959 164 1012 legem
175 956 233 997 adeo
245 954 338 996 traditam
350 955 493 1011 amplificatus,
515 962 535 996 et
548 955 572 996 ab
583 954 631 997 lnda
642 964 713 1011 quarto
722 955 789 997 laeobi
802 955 851 1007 tilio,

67 1028 99 1085 qui
109 1034 129 1067 et
140 1024 204 1066 lsrael
215 1025 327 1065 nominatus
341 1031 385 1076 est,
407 1038 443 1080 per
453 1022 562 1075 Davidem,
585 1025 618 1079 qui
630 1024 705 1080 primus
717 1038 728 1066 e
741 1024 793 1066 tribu
804 1022 852 1065 luda

67 1109 148 1151 regnum
165 1099 269 1135 assecutus
281 1100 324 1145 est,
346 1095 456 1148 perlectum
468 1091 563 1134 Iudaismi
576 1107 648 1148 nomen
662 1093 755 1135 obtinuit.
786 1091 853 1135 Grae-

68 1179 135 1207 corum
151 1177 211 1219 porro
226 1163 265 1204 ista
281 1169 328 1203 suut
342 1162 464 1204 discrimina.

124 1230 257 1287 Pythagorei,
274 1231 317 1272 sive
331 1229 474 1287 Periparetiei,
491 1231 595 1272 monadem
608 1237 629 1271 et
640 1231 785 1286 providentiam
797 1244 853 1271 asse-

68 1307 163 1351 ruerunt,
181 1300 218 1341 diis
230 1299 357 1349 sacrificare,
375 1299 467 1340 animatis
480 1299 546 1350 vesci,
564 1313 588 1340 ac
599 1299 645 1339 vine
658 1299 686 1340 uti
700 1299 852 1355 prohibuerunt.

69 1368 130 1411 lidem
143 1381 193 1423 quae
204 1366 228 1408 ab
241 1367 286 1408 luna
297 1382 375 1408 sursum
389 1374 467 1422 pateat,
483 1367 610 1418 immortalia,
627 1382 677 1422 quae
689 1367 787 1409 inferiora
797 1374 851 1418 sunt,

69 1436 158 1478 mortalia
170 1435 269 1476 dicebant.
300 1436 385 1476 Animas
398 1449 409 1476 e
419 1436 536 1490 corporibus
546 1436 565 1476 in
576 1436 615 1476 alia
627 1449 723 1490 corpora,
740 1436 800 1477 etiam
811 1435 854 1476 aui-

71 1505 148 1545 rnalium
160 1517 183 1544 ac
195 1503 303 1544 bestiarum
315 1503 435 1543 trauslirndi.
466 1501 543 1544 Horum
555 1502 650 1557 magister
660 1501 785 1558 Pythagoras
794 1502 855 1544 silen-

69 1572 90 1612 tii
106 1571 181 1626 rigidus
197 1571 316 1611 observator
331 1571 390 1611 deum
405 1570 474 1611 baberi
490 1584 512 1612 se
528 1570 600 1611 voluit.

126 1705 225 1749 Platonici
237 1707 294 1748 deum
308 1713 328 1748 et
340 1707 442 1748 materiem
455 1721 479 1748 ac
493 1708 575 1747 formam
588 1708 746 1760 constituerunt,
762 1708 856 1748 mundum

71 1776 158 1832 genitum
170 1790 194 1817 ac
205 1774 329 1831 corruptioni
341 1775 462 1828 obnoxium,
479 1775 562 1817 animam
573 1775 682 1832 ingenitam
694 1783 714 1819 et
725 1776 857 1819 immortalem

73 1861 95 1888 ae
110 1845 195 1888 divinam
212 1844 302 1888 arbitrati
315 1853 368 1887 suat.
401 1844 466 1888 Huius
483 1854 525 1888 tres
543 1860 588 1888 esse
604 1853 682 1903 partes,
706 1861 765 1888 unam
778 1847 856 1889 ratione

72 1917 191 1973 praeditam,
219 1917 301 1958 alteram
324 1931 362 1971 qua
383 1916 500 1969 irascimur,
529 1916 607 1958 tertiam
630 1931 667 1972 qua
688 1917 855 1974 concupiscimus.

73 1983 194 2028 Communes
205 1986 297 2028 omnibus
312 2000 388 2027 uxores
400 2000 445 2028 esse
459 1985 535 2037 voluit3
557 1999 616 2027 nenio
629 1993 651 2027 ut
662 1986 758 2042 privatam
773 1987 857 2028 baberet

74 2069 96 2097 ac
108 2055 240 2113 praecipuam,
257 2056 292 2097 sed
305 2062 326 2096 ut
335 2054 417 2111 quilibet
425 2068 508 2110 quarum
518 2054 577 2097 vellet
588 2055 664 2110 copiam
676 2055 766 2098 haberet.
794 2054 857 2098 lidem

74 2125 182 2167 animarum
195 2124 215 2166 in
227 2124 283 2166 varia
300 2138 396 2180 corpora,
419 2124 479 2166 etiam
490 2124 610 2175 bestiarum,
631 2124 727 2166 transitus
739 2124 856 2168 affirmabat.

69 2190 130 2234 'Deos
145 2194 230 2249 denique
245 2193 358 2248 complures
373 2193 397 2233 ab
413 2207 453 2234 uuo
469 2207 514 2234 esse
529 2193 643 2248 productos.

132 2260 196 2305 Stoici
213 2276 285 2319 eorpus
298 2261 413 2303 universum
430 2275 476 2303 esse
489 2262 595 2314 definiunt,
619 2269 639 2303 et
651 2261 792 2318 aspectabilem
805 2262 857 2303 huuc

75 2332 166 2373 muudum
177 2332 234 2373 deum
246 2344 292 2373 esse
301 2338 398 2373 statuunt.
429 2329 526 2372 Nonnulli
537 2330 596 2372 etiarn
607 2332 691 2385 exigue
703 2338 794 2373 naturam
804 2330 858 2372 illius

76 2407 167 2442 constare
179 2400 295 2441 del'endunt.
326 2398 391 2440 Deum
403 2400 474 2455 quippe
491 2406 576 2440 mentem
589 2413 634 2441 esse
647 2407 728 2456 putant,
751 2414 774 2441 ac
786 2399 859 2442 vastis-

76 2468 137 2510 simae
149 2470 209 2510 totius
220 2469 289 2520 molis,
306 2467 357 2509 coeli
370 2475 474 2522 terraeque
491 2467 595 2519 videlicet,
613 2468 706 2510 animam.
738 2465 802 2509 Cuius
814 2481 859 2509 cor·

77 2550 124 2590 pus,
140 2544 163 2578 ut
176 2536 229 2587 dixi,
246 2542 309 2577 toturn
322 2536 359 2577 boc
371 2537 397 2577 sit
409 2535 531 2587 universum,
549 2536 600 2576 oculi
613 2550 663 2577 vero
676 2536 754 2590 sidera3
771 2537 859 2578 omnium

77 2602 159 2646 interire
174 2608 271 2656 carnem,
291 2611 311 2644 et
326 2605 410 2645 animam
426 2604 447 2645 iu
462 2604 541 2645 diversa
561 2604 647 2646 transire
663 2618 748 2660 corpora
763 2605 801 2646 sibi
816 2618 861 2660 per-

78 2672 169 2713 suadent.

134 2738 229 2795 Epicurei
240 2746 317 2780 atomos
332 2745 352 2779 et
364 2738 465 2780 individua
482 2752 566 2795 corpora
578 2738 676 2780 similibus
693 2739 804 2781 constantia
816 2752 862 2793 par·

79 2804 143 2858 tibus,
162 2814 183 2848 et
194 2806 283 2858 infinita,
304 2819 371 2847 rerum
383 2806 470 2848 omnium
487 2805 603 2862 principium
618 2821 641 2847 ac
653 2807 711 2848 finem
727 2821 772 2849 esse
789 2807 862 2847 docue-

101 2964 129 3000 49.
142 2964 178 3001 ἀλλ’
190 2964 253 3006 αὐτοὺς
265 2969 308 3000 editi.
501 2968 528 3001 52.
546 2968 591 2999 Libri
609 2969 658 3009 eutqo
677 2964 774 3011 εὐδαίμονα.
804 2968 863 3000 Vitium

103 3012 129 3045 50.
141 3015 183 3048 Edit.
196 3015 260 3049 Petccti
277 3015 330 3049 Geton.
341 3016 388 3055 repet.
403 3015 457 3048 vitiose
480 3016 566 3055 scripturae
581 3016 648 3046 eorrertt
659 3017 695 3047 ante
707 3015 790 3046 Patavium
803 3014 864 3046 Gorne-

82 3054 129 3094 edat.
481 3063 516 3094 rins
526 3062 544 3093 iu
555 3062 625 3093 versione
638 3061 702 3094 Latino.

104 3107 131 3138 al.
143 3107 172 3142 τοῦ
186 3108 231 3141 codd.
244 3117 281 3142 mss.

679 3164 725 3209 35*
