1988 3392
158 221 200 264 (510
390 211 501 264 ππυπππι
513 230 544 265 ππ
555 230 708 265 confflem.

158 312 202 353 tum)
213 308 309 354 δεοσημεία
324 308 440 353 θαυμάζοντες
454 313 550 355 προςκυνεῖν
561 309 592 355 την
603 306 656 346 αύτοῦ
666 321 707 345 ποτε
722 307 780 346 εἰκόνα
788 307 940 356 ιίνατυπωσοίμενοι

158 364 267 411 προςεκύνονν
279 366 412 412 πεπλανημένοι,
430 364 450 403 ον’
461 368 491 403 τοῦ
509 367 575 405 δικαίου
592 366 647 403 αἰτίου
664 364 833 413 αῦτοῖςγενομένου,
852 365 896 404 οἷλλοὶ
906 369 940 414 τῆς

158 422 223 469 πλάνης
233 420 290 459 αύτων
298 423 328 460 διαί
338 425 368 459 τοῦ
378 424 444 460 δικαίου
455 427 497 459 Ven.
511 445 532 451 -
551 425 563 458 Ι.
573 425 681 471 21.-Repone
691 431 779 459 accentum
787 425 805 458 iu
812 426 873 459 vocula
881 424 909 461 τὰ.
916 446 939 452 -

158 481 169 514 1.
180 479 209 515 21.
222 478 290 523 αύτοῖς,
307 489 347 527 post
357 480 468 527 πράγματος,
486 495 519 517 om.
530 484 574 516 ven.
585 502 608 509 —
631 482 679 516 Idem
689 482 732 516 liber
741 482 783 516 ibid.
793 482 844 528 paulo
855 490 895 528 post
904 483 939 520 Σε-

159 538 262 586 βαστίᾳ.-
285 539 296 573 1.
306 539 333 573 25.
346 537 374 573 ἐπί
387 537 451 585 ταύτην
464 527 506 574 ven.
531 540 581 583 Quod
597 540 719 585 reponendum.
732 559 753 566 -
777 539 861 576 126.τά
881 539 939 583 ἔνδοξα

158 595 189 632 καί
200 596 246 643 σοφοί
257 598 299 631 Ven.
311 616 333 623 -
356 595 367 629 l.
377 596 405 633 27.
419 596 449 639 είς,
460 605 500 632 ante
510 595 608 643 ύπέρογκον,
621 610 655 632 σπι.
666 599 709 631 ven.
723 617 743 624 -
767 597 779 633 1.
790 599 801 632 5
812 597 833 631 ab
842 597 875 631 inf.
886 595 940 634 ἔνδιαὲ

159 653 220 695 λε’τους
236 655 289 690 τοῦτο.
312 652 366 690 Εἶπον
378 654 399 690 δέ
409 666 453 695 τινες
469 652 575 700 Ἠρακλαοίμ
591 668 628 691 τινα
643 657 681 691 καλ.
694 653 723 691 τὸν
740 651 792 691 αύτοῦ
804 667 854 698 πατ,
867 667 907 700 μητ.
920 654 940 693 δὲ

158 708 247 757 Ἀσὸὰρδ,
264 709 296 755 την
308 710 330 755 δὴ
343 710 373 747 καί
384 709 499 757 Ἀστοριανῆν.
523 705 579 753 Ούτος
590 711 610 750 δὲ
622 712 641 755 ἐξ
653 711 691 753 ἑνὸς
701 713 735 749 τῶν
747 713 789 749 υἱῶν
800 712 834 749 τῶν
846 712 890 759 ἐπιγ.
902 710 940 750 κατ’

159 768 184 805 ἐκ.
197 772 255 814 καιροῦ
266 769 300 805 τῶν
311 768 328 805 ἐν
339 769 392 815 Σαβῄ
404 771 426 815 τῇ
438 767 508 806 πεδιάδι
519 771 556 805 κτλ.
563 772 607 807 Veu.
620 791 640 796 -
660 771 673 804 1.
684 771 713 804 ult.
726 768 759 817 γὰρ
771 769 823 816 φασίν
834 767 888 815 αύτήν
898 768 941 807 εἶναι

158 825 189 872 την
201 827 228 862 νῦν
240 824 280 872 Ἱερ.
293 840 321 869 κ.,
333 839 350 863 π.
362 825 382 863 δὲ
392 823 460 873 Ἰεβοῦς
471 826 575 873 καλουμένην
588 830 630 863 Ven.

204 885 259 931 Ρη.
267 885 319 921 132.
340 885 353 918 l.
364 884 380 918 2.
395 884 479 929 Σηκίμων
494 881 532 921 κατ’
543 881 612 931 οίντικρῦ
623 886 656 932 τῆς
670 886 705 922 νυνλ
714 886 737 921 Ν.
750 882 804 927 ούτως
815 887 853 921 καλ.
864 887 906 920 Ven.
919 906 940 913 -

158 941 170 974 1.
181 939 197 976 4.
215 938 333 987 ἀφεστήκασιν
345 943 388 975 Ven.
399 961 423 986 ,-
451 943 463 975 1.
475 941 493 976 9.
508 941 537 978 τίν
554 941 635 990 Ἀβραὰμ
653 945 684 989 (ita
700 951 808 986 constanter,
825 944 850 977 uti
865 943 940 983 videtur)

158 998 270 1043 προςενέγκας
282 1000 330 1041 λίπα,
342 999 371 1044 qui
381 1011 422 1033 mox
431 999 461 1035 καί
472 999 571 1045 particulam
582 1007 621 1034 ante
632 999 691 1045 ἐπειδὴ
706 1013 740 1035 παπ
751 1000 833 1046 agnoscit.
845 1021 867 1027 -
889 1000 901 1034 l.
913 1001 940 1035 10.

159 1054 220 1100 ἔμελλε
231 1057 261 1091 τοῦ
272 1054 353 1102 Ἀβραὰμ
365 1055 385 1092 ἐκ
395 1058 488 1102 περιτομῆς
498 1057 576 1102 γίνεσθαι
586 1059 629 1103 ἱερ.,
648 1058 709 1092 omisso
719 1056 737 1104 η’,
749 1060 791 1093 Ven.
805 1078 826 1083 —
849 1058 861 1092 l.
873 1057 899 1092 11.
910 1057 940 1093 τοῦ

160 1114 200 1149 θεοῦ
211 1114 309 1159 ταπεινωὲῇ
324 1111 366 1158 πρὸς
376 1112 395 1149 τί
410 1112 434 1158 μή
446 1110 532 1160 αύγοῦσαν
547 1115 608 1157 (verba
618 1115 648 1152 διὰ
659 1117 691 1160 τῆς
701 1114 784 1161 γνώσεως
793 1116 861 1160 καὲαιρ.
871 1114 940 1158 desunt)

159 1182 174 1204 τ.
185 1183 202 1205 π.
215 1169 243 1206 ἐπὶ
253 1172 276 1217 τῇ
287 1168 372 1216 ἱερωσύνῃ
386 1172 409 1217 τῇ
422 1168 447 1215 μη
458 1171 600 1218 παρατηρουμένη
616 1171 681 1217 σαρκδς
692 1172 785 1218 περιτομὴν
796 1168 809 1217 ἦ
821 1169 941 1220 ἀκροβυστίαν,

160 1226 230 1273 ἔχουσαν
241 1226 261 1263 δὲ
269 1226 300 1271 την
312 1228 380 1272 μείζονα
389 1227 419 1263 καί
429 1226 536 1273 τελειοτάτην
547 1227 639 1275 περιτομήν
650 1228 669 1266 τᾶ
682 1228 751 1274 λουτρὸν
762 1231 795 1274 τῆς
805 1229 940 1275 παλιγγενεσίας.

159 1284 183 1320 El
193 1283 225 1330 γὰρ
236 1281 317 1331 ’Δβραοὶμ
328 1286 363 1320 κτλ.
387 1285 399 1319 l.
410 1284 436 1319 16.
448 1283 513 1330 φάσκει
523 1287 545 1332 τῇ
557 1286 617 1332 γραφῇ
628 1285 657 1323 διὰ
666 1298 680 1322 τ.
691 1288 711 1321 Δ.
721 1289 763 1320 Ven.
776 1307 797 1313 -
820 1286 832 1321 l.
843 1286 869 1322 17.
880 1285 942 1333 γεννη-

161 1353 216 1387 σεως,
235 1341 277 1378 ἑπτὰ
293 1341 313 1379 δὲ
330 1341 364 1379 α’πιλ
375 1343 408 1387 τῆς
421 1339 448 1377 Ἀ.
459 1345 503 1379 διαδ.
515 1341 532 1377 ἐν
547 1343 572 1389 τῷ
582 1341 691 1389 Μελχισεδὲκ
705 1342 737 1389 την
748 1341 843 1389 ἱερωσύνην
853 1344 941 1384 ἵστασθαι,

160 1398 213 1444 φύσει
224 1398 286 1442 ἔδειξεν
302 1396 334 1435 ούκ
350 1398 367 1435 ἐν
378 1400 400 1446 τῇ
412 1400 476 1447 παλαιᾷ
486 1400 520 1444 τῆς
531 1400 625 1445 περιτομῆς
635 1399 721 1448 ἱερωσύνη
732 1398 752 1437 τό
764 1400 848 1446 ἱερατικὸν
859 1400 943 1445 ἐπιμένειν

159 1457 223 1503 τάγμα
245 1457 350 1493 Μετετίδετο
365 1455 398 1502 γὰρ
415 1456 440 1496 είς
456 1456 488 1503 τήν
504 1455 536 1501 πρὸ
554 1457 584 1492 τοῦ
600 1458 645 1493 Λευὶ·
660 1459 739 1492 Ven.—
760 1458 772 1491 l.
784 1460 811 1494 20.
827 1456 941 1504 τοίξινΜελγ,

160 1514 253 1560 ἱερωσύνην
259 1541 265 1560 ,
282 1515 299 1549 εί
307 1527 333 1555 τις
348 1514 384 1550 νυνί
395 1514 411 1550 ἐν
422 1514 445 1560 τῇ
458 1514 504 1550 ἐκκλ.
517 1527 535 1549 π.
547 1510 581 1550 dee
594 1516 627 1559 τῆς
639 1517 670 1551 τοῦ
680 1516 739 1561 κυρίου
749 1514 832 1561 ἐνσοίρκου
842 1515 941 1560 παρουσίας,

160 1572 191 1608 καλ
201 1573 251 1617 δεῦρο
261 1574 304 1605 Ven.
317 1592 338 1598 -
361 1572 411 1607 126.
423 1571 529 1616 τελειότητος
542 1570 595 1606 hahet
608 1573 651 1606 Veu.
665 1591 685 1598 -
709 1571 773 1608 λύοίν
783 1573 814 1606 inf.
828 1572 892 1612 πάσαις
908 1570 940 1617 γὰρ

161 1631 221 1675 ῥηταῖς
231 1629 270 1673 (καὶ
280 1629 337 1674 deest)
349 1630 392 1664 Ven.
416 1628 462 1662 Idem
473 1629 516 1662 liber
526 1629 577 1674 paulo
590 1635 650 1674 postea
661 1629 734 1675 πατέρες
743 1624 757 1675 ἦ
768 1631 786 1666 αἱ
796 1642 812 1675 μ.
832 1627 873 1665 Ἵνα
882 1628 902 1666 δὲ
911 1628 942 1665 καλ

162 1687 186 1732 μη
199 1685 229 1724 διὰ
240 1688 294 1723 τοῦτο.

207 1744 321 1791 Pag.134.
343 1744 354 1778 l.
367 1747 382 1778 1.
394 1740 482 1789 ηύραμεν,
494 1740 564 1789 ἥντινα
575 1743 605 1779 καί
616 1742 656 1779 παιδ’
669 1742 727 1788 εἱρμὸν
738 1741 791 1790 ύφηγ.
815 1738 871 1785 Ούτος
880 1741 942 1793 Ἠλίας

161 1803 209 1843 Vm,
222 1803 250 1847 qui
258 1802 304 1835 idem
313 1801 363 1847 paulo
375 1809 415 1846 post
424 1798 488 1841 Ἰωδολς
499 1802 529 1837 τοῦ
540 1801 571 1846 ἱερ.
580 1821 603 1827 -
620 1800 630 1835 l.
637 1801 654 1836 3.
665 1799 756 1847 Ἀγινοιοίμ7
767 1799 852 1848 Ἀγιναοίμ
861 1799 881 1837 δὲ
892 1803 941 1840 Ven„

161 1860 189 1905 qni
202 1860 252 1905 paulo
268 1866 307 1904 post
317 1871 350 1892 om.
365 1858 385 1894 δὲ
398 1865 438 1903 post
452 1857 525 1894 Σαδιδκ.
537 1879 558 1885 -
582 1859 594 1892 l.
605 1858 622 1891 5.
633 1855 716 1903 Ἀμορίοι,
733 1854 807 1903 ’Δμορία
820 1859 850 1894 τοῦ
866 1855 942 1900 Ῥοιζαζοί

161 1919 207 1959 (Bas.
220 1917 279 1959 ζαζᾶ),
290 1913 367 1958 Ῥαζαζοί
378 1916 409 1952 τοῦ
418 1911 487 1957 Ἀαζία,
498 1912 560 1958 Ἀαζία
571 1917 601 1951 τοῦ
612 1915 634 1950 Φ.
646 1917 688 1950 ven.
701 1936 722 1941 -
745 1915 757 1948 1.
767 1914 784 1949 6.
794 1916 838 1949 Voc.
848 1913 891 1955 υίὸς,
903 1922 943 1949 ante

160 1977 191 2010 τοῦ
200 1972 277 2019 Ἀαρών,
290 1973 338 2007 deest
353 1973 370 2006 in
381 1975 423 2007 Ven.
435 1992 457 1999 -
480 1973 492 2007 l.
503 1973 520 2008 7.
532 1973 583 2017 δῆλον
594 1969 610 2010 δ’
626 1968 654 2009 ίίτι
667 1970 734 2016 Ἀαριλν
744 1971 781 2012 υἱὸς
791 1973 821 2008 τοῦ
833 1971 901 2017 Μαρμοί
911 1972 941 2008 τοῦ

160 2030 225 2072 Reae,
236 2030 290 2067 Καοὶλ
300 2031 329 2066 τοῦ
341 2029 408 2075 Δευῖη,
419 2030 475 2075 τρίτος
486 2028 524 2071 υίίς
534 2032 563 2066 τοῦ
573 2027 639 2076 Ἰακοίβ
649 2026 725 2075 οἷδελφός
734 2027 764 2075 μἐν
773 2023 795 2073 η’ν
804 2025 870 2071 Ἠσαῦ,
881 2032 943 2072 παῖδες

161 2088 181 2125 δὲ
193 2090 223 2125 τοῦ
238 2085 299 2124 Ἰσαὰκ
311 2087 348 2129 υἱίς
364 2085 451 2134 Ἀβραάμ.
462 2088 505 2122 Ven.
518 2108 540 2114 -
563 2087 574 2121 1.
585 2087 602 2122 9.
620 2087 680 2132 ῥηταῖς
695 2087 759 2134 βίβλοις
775 2087 837 2132 σαφῶς
850 2087 868 2122 αἱ
878 2084 942 2122 τούτων

161 2144 180 2182 ού
191 2146 234 2183 πάνυ
246 2158 280 2191 γεν.
292 2147 334 2180 ven.
346 2165 368 2171 -
390 2146 402 2178 l.
410 2145 435 2179 12.
447 2141 487 2180 οὔτε
499 2144 516 2180 ἐν
528 2143 649 2189 παραδύσεσιν,
661 2139 701 2180 ούτε
712 2143 730 2180 ἐν
742 2140 846 2189 οἷποκρύφας
856 2142 896 2184 τοῦς
907 2156 942 2179 πα-

160 2204 211 2249 τέρας
222 2199 299 2248 ηύραμευ
311 2204 354 2236 Ven.
377 2203 422 2235 Hine
438 2201 541 2247 supplendus
558 2208 584 2235 est
600 2202 646 2235 locus
658 2201 675 2235 in
687 2200 728 2235 edit.
740 2201 784 2246 vulg.
796 2220 819 2228 -
841 2199 942 2236 11122-

161 2259 211 2307 δρολχ,
223 2259 290 2302 Μισᾶκ,
301 2257 401 2306 ’Δβδεναγῶ
411 2259 452 2303 γοίσ)
463 2258 576 2304 φαντοίσουσιν
587 2258 640 2305 (λέγω
651 2258 708 2302 deest)
719 2260 762 2293 Ven.
774 2278 797 2284 —
820 2258 832 2291 1.
842 2259 869 2292 15.
882 2257 942 2303 μέτρον

162 2317 236 2362 ἐκάστην
249 2316 282 2353 fiee
294 2317 341 2353 ἕλε’σιν
354 2313 440 2362 οἷποίτορας
451 2316 481 2352 κοιλ
492 2313 582 2362 οἷμήτορας
594 2312 656 2356 αύτούς
668 2313 787 2361 λογισάμενος
809 2312 862 2351 Ἀλλὰ
874 2313 899 2360 μη
912 2315 942 2361 γέ-

161 2388 209 2412 νοιτο.
228 2372 279 2419 Ὅροι
291 2373 323 2419 γὰρ
335 2375 380 2410 5151.
392 2377 434 2408 ven.
447 2395 469 2400 —
492 2374 503 2407 1.
514 2374 541 2409 18.
554 2376 598 2410 διαδ.
608 2372 716 2409 διδασκάλων
725 2372 755 2409 καί
765 2384 835 2417 πανταγ.
847 2372 877 2416 (ἐκ
885 2372 942 2415 deest)

161 2434 203 2465 Ven.
217 2451 238 2458 —-
261 2432 310 2465 120.
326 2431 430 2476 προκείμενα
442 2427 520 2475 είςύιπερ
539 2425 585 2466 σύτοι
598 2432 643 2464 ven.
656 2450 677 2457 -
699 2430 747 2465 121.
764 2433 816 2464 Sanat
827 2430 886 2464 vulnus
898 2431 942 2463 Ven.

157 2484 199 2524 ΗΟτι
215 2487 291 2534 μὲνγὰρ
309 2485 357 2533 ύίγιος
369 2486 378 2524 ὁ
390 2489 460 2529 δίκαιος.
473 2509 495 2515 -
523 2489 535 2522 l.
545 2488 572 2522 22.
590 2486 657 2532 Σαλήμ
673 2489 735 2532 δῆλον,
751 2485 788 2523 ἄλλ’
800 2484 820 2522 ου’
832 2488 865 2532 τῆς
877 2485 895 2522 ἐν
907 2484 942 2531 ούρ.

161 2547 204 2581 ven.
212 2565 235 2571 -
250 2546 298 2580 125.
310 2546 364 2591 Μελγ.
375 2547 462 2590 κρατοῦσα
470 2547 513 2579 Ven.
520 2565 543 2571 -
558 2545 570 2578 1.
579 2545 607 2581 26.
619 2543 705 2581 διδάσκων
715 2545 759 2579 Ven.
768 2564 791 2570 -
806 2544 819 2577 1.
826 2545 855 2579 28.
867 2543 943 2577 Emenda

162 2615 183 2636 ex
194 2604 237 2638 Ven.
250 2604 314 2649 μετοχῇ
327 2601 392 2647 σαρκιλς
403 2603 477 2649 διαδοχῇ
488 2599 515 2646 η“ν.
527 2621 550 2628 -
573 2602 626 2638 1-30.
639 2601 755 2648 διαδέσγεν,
768 2597 859 2637 ἄλλ’νεπ.
873 2620 894 2627 -
911 2600 942 2634 15

161 2661 183 2694 ab
194 2660 226 2693 inf.
238 2657 289 2695 αὐτὸν
301 2661 356 2694 firmat
367 2662 409 2694 Ven.
420 2678 442 2685 -
465 2660 477 2693 l.
490 2657 502 2693 4
513 2660 534 2692 ab
545 2658 576 2692 inf.
587 2658 646 2706 χρόνον
657 2659 690 2703 τῆς
702 2656 754 2694 αύτοῦ
767 2657 862 2703 ὑπηρεσίας
870 2654 942 2702 ἱερωσύ-

161 2730 191 2763 νην
204 2718 246 2752 Ven.
259 2737 281 2744 —
304 2717 315 2750 l.
327 2719 343 2752 3.
355 2716 386 2762 ἐκ,
399 2725 438 2750 ante
449 2717 501 2757 fleefi,
513 2728 546 2750 om.
557 2718 607 2758 νεα,
619 2716 660 2750 item
672 2716 722 2761 paulo
733 2722 773 2761 post
784 2715 835 2750 verba
847 2714 877 2751 καλ
888 2711 943 2762 α’χρύ·

161 2787 200 2815 νως,
213 2794 235 2800 -
257 2775 269 2808 l.
281 2774 345 2819 penult.
357 2773 447 2819 γενόμενος
458 2772 478 2810 δὲ
490 2769 512 2809 δι’
523 2772 571 2818 ημᾶς
580 2775 622 2807 Ven.

207 2833 263 2879 Pag.
273 2832 326 2868 136.
347 2829 386 2865 14.
404 2829 463 2866 ἑαυτὸν
474 2827 503 2866 διὰ
518 2830 548 2865 τοῦ
561 2832 634 2876 σταυροῦ
650 2830 772 2876 προςενέγκας,
790 2829 873 2876 ίναλύση
885 2831 942 2865 πᾶσαν

162 2889 223 2926 ξλνσίοιν
234 2890 273 2924 παλ,
285 2889 337 2930 διαδ.,
349 2886 380 2931 τήν
392 2886 509 2931 ἐντελεστέραν
521 2885 541 2923 δὲ
552 2888 582 2923 καί
594 2888 650 2930 ζῶσαν
663 2885 705 2932 ύπὲρ
716 2886 779 2928 παντὸς
789 2887 819 2923 τοῦ
832 2886 898 2930 κύσμου
909 2888 943 2921 Ve-

161 2954 217 2980 netus.
229 2966 251 2972 —
274 2946 286 2980 l.
299 2945 316 2981 6.
330 2945 377 2978 (ἴση.
390 2946 478 2989 ‘1151—
500 2944 512 2978 l.
526 2946 552 2979 11.
564 2944 609 2982 κατὰ
625 2944 648 2981 τὰ
660 2943 767 2989 σπερματικά
778 2943 809 2980 καί
819 2942 851 2985 τὰς
863 2942 943 2991 διαδοχὰς

162 3005 206 3038 Ven.
218 3023 242 3030 —
264 3004 275 3038 ί.
287 3004 313 3039 13.
326 3000 442 3045 Φαντοίζονται
458 3002 479 3039 δὲ
497 3001 546 3038 πάλιν
563 2998 609 3039 ἄλλοι
621 3004 664 3037 Ven.
687 3003 738 3043 Quod
749 3002 866 3048 reponendum
877 3009 908 3035 est.
920 3019 942 3027 -

163 3061 174 3094 1.
186 3063 212 3096 15.
225 3061 242 3097 ἐν
253 3062 276 3108 τῇ
288 3058 333 3107 αύτῇ
345 3061 425 3106 ἐπιστολῇ
437 3059 480 3106 πρὸς
490 3057 582 3106 Ἑβραίους
594 3060 625 3105 (τῇ
635 3059 691 3104 deest)
703 3061 746 3094 Ven.
759 3079 780 3085 —
803 3059 815 3093 1.
825 3059 852 3095 16.
863 3056 943 3105 Ἱέρακας

164 3116 174 3155 ὁ
186 3117 277 3166 Αἰγύπτιος
289 3117 400 3165 αἰροσιοίργης
411 3118 475 3164 νομίζει
489 3118 548 3154 τοῦτον
559 3115 588 3155 τίν
604 3117 658 3163 Μελγ.
675 3117 718 3153 ven.
732 3137 754 3143 -
777 3117 789 3151 l.
802 3117 827 3154 17.
838 3114 943 3163 Ἀφομοιού-
