1988 3392
173 229 215 271 564
462 236 669 271 εκαοειεειειεκαιι

173 330 212 366 σεις
221 312 277 366 τινάς
288 312 405 374 Ἑβραϊκαῖς
414 316 486 367 λέξεσιν
499 316 620 373 ἐπιλέγοντες
632 317 666 359 ἐπί
678 320 702 376 τῇ
712 319 789 376 κεφαλῇ
801 320 837 359 τοῦ
849 318 914 372 δήθεν
925 321 958 360 λυ-

172 386 291 444 τρουμένου.

226 456 320 512 ’οφῖται,
336 458 357 500 οἷ
366 455 401 500 τόν
410 455 459 511 ὅφιν
468 457 591 511 δοξάζοντες,
612 458 647 501 καί
657 461 729 501 τοῦτον
743 455 831 515 Χριστδν
842 455 956 515 ήχούμενοι,

172 528 249 582 ἐχοντες
264 527 285 570 δέ
299 526 321 569 τδ
337 525 420 583 ἐρπετδν
435 532 495 570 τοῦτο
511 529 532 571 ἐν
546 530 604 587 κίστη
619 529 662 570 τινί.

231 598 328 651 Καϊανοί,
352 594 446 646 ῶςαῦτως
462 596 503 651 ἀμα
521 603 562 647 τοῖς
578 594 675 653 πρότερον
691 594 725 639 τδν
736 596 800 651 νόμον
811 599 845 640 καὶ
855 596 892 641 ’τδν
902 598 959 654 λαλή-

173 679 235 707 σαντα
247 666 269 708 ἐν
281 664 337 725 νόμρι
350 665 470 715 ἀθετοῦντες
481 664 556 720 σαρκός
565 682 586 708 τε
596 663 706 709 ἀνάστασιν
720 663 842 722 ἀρνούμενοι
856 665 892 710 τδν
905 667 959 711 Κάϊν

173 736 288 789 δοξζουσι,
308 736 397 791 λέχοντες
412 733 475 777 αῦτάν
490 739 526 789 τῆς
541 736 668 790 ἰσχυροτέρας
686 733 796 788 δυνάμεως.
818 734 875 790 ’Ἅμα
889 736 911 778 δέ
925 738 959 779 καί

172 802 206 845 τδν
217 802 296 846 Ἰούδαν
307 804 457 854 ἐκθειάζουσιν,
473 800 526 856 δμοῦ
538 819 558 844 τε
569 803 603 845 καί
613 801 660 852 τούς
671 804 717 858 περὶ
730 803 784 859 Κορὲ
793 806 827 846 καί
839 803 913 847 Δαθάν
924 808 959 848 καὶ

171 869 275 927 Ἁβειρῶν,
291 870 340 912 ἀλλά
354 872 389 913 καὶ
404 870 451 920 τούς
466 874 585 925 Σοδομίτας.

230 941 339 992 Σηθιανοί.
372 933 433 981 Οῦτοι
446 938 507 981 πάλιν
518 937 553 981 τδν
566 937 615 992 Σήθ
632 938 746 990 δοξάζουσι,
769 937 881 991 φάσκοντες
897 939 959 983 αῦτδν

174 1003 225 1047 εἰναι
242 1007 264 1048 ἐκ
279 1008 405 1059 μεταμελείας
420 1010 455 1058 της
472 1004 553 1048 ἀνωθεν
569 1004 655 1060 μητρδς,
676 1006 818 1059 συνελθούσης.
829 1006 877 1059 μετά
893 1005 959 1048 26τδν

174 1072 228 1115 Κάϊν
237 1071 337 1126 κάλ”Αβελ
346 1071 511 1126 ἀποκτανθῆναι,
527 1074 562 1114 καὶ
571 1071 665 1128 καθαράν
675 1073 754 1127 σπέρμα
763 1071 798 1115 τάν
808 1072 857 1127 Σήθ
869 1077 894 1102 2⁷
901 1090 958 1127 ποιη-

173 1139 246 1196 σάσης,
267 1143 287 1192 ἐξ
299 1135 361 1197 οῦπερ
377 1139 448 1184 λοιπδν
464 1139 555 1195 κατήχθη
566 1139 588 1184 τῦ
601 1141 682 1184 πάντων
696 1140 814 1198 ἀνθρώπων
825 1142 887 1198 γένος.
918 1143 959 1185 Καί

173 1208 230 1254 αῦτοί
247 1210 269 1253 δὲ
287 1208 379 1267 28ἀρχάς
396 1211 431 1254 καί
443 1210 544 1262 ἐξουσίας,
565 1210 600 1253 καὶ
616 1208 655 1253 δ’σα
671 1211 693 1254 οί
703 1208 756 1254 ἀλλοι
773 1212 912 1267 δογματίζουσι
923 1213 958 1255 καὶ

175 1279 234 1324 αύτοί
249 1277 386 1338 ἐδοχμάτισαν.

228 1349 355 1409 Ἀρχοντικοί.
389 1345 450 1394 Οῦτοι
466 1349 526 1394 πάλιν
538 1352 566 1401 εἰς
576 1353 650 1401 πολλάς
661 1349 723 1408 ἀρχάς
734 1349 757 1394 τδ
770 1356 811 1393 πᾶν
827 1351 958 1409 ἀναφέρουσι,

172 1421 207 1463 καὶ
222 1420 246 1463 τά
263 1420 357 1478 γενόμενα
374 1422 397 1463 ἐκ
413 1419 490 1464 τούτων
509 1425 666 1477 29γεγενῆσθαι.
701 1418 823 1463 Ἁλίσκονται
839 1421 862 1464 δέ
877 1422 910 1464 καί
926 1423 959 1464 ἐπὶ

173 1489 286 1546 αἰσχρότητί
295 1508 339 1533 τινι.
369 1488 450 1546 Σαρκδς
462 1489 483 1531 δὲ
494 1488 603 1532 ἀνάστασιν
614 1487 723 1542 ἀθετοῦσι,
739 1490 773 1531 καὶ
789 1488 875 1532 παλαιάν
886 1489 959 1545 διαθή-

173 1575 212 1613 κην
224 1557 404 1613 30μεταβάλλουσι.
437 1559 546 1614 Κέχρηνται
559 1558 580 1600 δέ
590 1561 664 1615 παλαιᾷ
675 1559 709 1600 καὶ
721 1563 779 1618 καινῇ
789 1559 892 1618 διαθήκῃ,
914 1559 959 1602 ἐκά-

174 1638 223 1682 στην
237 1629 289 1679 λέξιν
304 1629 332 1678 εἰς
346 1626 382 1670 τόν
397 1627 474 1673 ἐαυτῶν
488 1631 538 1670 νοῦν
553 1624 704 1681 μεθοδεύοντες.

232 1764 379 1819 Κερδωνιανοὶ,
401 1765 422 1806 οί
437 1761 478 1805 ἀπδ
496 1763 604 1818 Κέρδωνος
621 1767 658 1804 τοῦ
669 1761 815 1818 Ἡρακλέωνος,
839 1762 959 1814 31διαδεξά-

174 1848 230 1885 μενοι
242 1830 279 1885 τήν
291 1830 374 1885 μετοχήν
383 1835 419 1884 τῆς
432 1830 518 1884 πλάνης,
534 1830 575 1872 ἀπὸ
588 1831 609 1872 δὲ
621 1835 656 1883 τῆς
666 1833 743 1885 Συρίας
753 1833 781 1880 εἰς
791 1829 869 1885 Ῥῶμην
877 1847 959 1884 μετανα·

174 1898 266 1950 στάντος,
282 1900 317 1940 καὶ
328 1898 422 1953 κήρυγμα
432 1899 505 1939 ἑαυτοῦ
519 1899 629 1951 ἐκθεμένου
640 1899 661 1939 ἒν
671 1897 751 1952 χρόνοις
763 1897 871 1954 ηρΤχίνου
880 1898 960 1941 ἐπισκύ-

172 1983 219 2008 που.
250 1964 293 2007 Δύο
308 1965 330 2006 δὲ
341 1963 403 2020 ἀρχάς
417 1963 508 2020 κηρύττει
523 1959 582 2013 οὗτος
600 1966 701 2015 ἐναντίας,
723 1964 751 2018 μή
764 1963 894 2009 εἷναιδέτδν
908 1971 958 2020 Χρι-

173 2032 220 2076 στδν
230 2032 337 2089 γεννητόν,
352 2030 427 2087 δμοίως
437 2049 458 2074 τε
468 2036 545 2088 νεκρῶν
556 2030 664 2074 ἀνάστασιν
674 2030 762 2085 ἀθετῶν,
777 2034 811 2075 καὶ
823 2032 860 2088 τήν
871 2033 959 2077 παλαιάν

173 2101 281 2157 διαθήκην.

231 2172 392 2229 Μαρκιωνισταί.
422 2173 524 2229 Μαρκίων
541 2164 601 2221 οῦτος
615 2172 637 2215 ἐκ
651 2169 732 2216 Πόντου
747 2169 864 2229 δρμῶμενος
877 2171 956 2217 ἐπισκό-

90 2271 125 2303 pag.
134 2263 165 2294 1⁴3.
174 2260 215 2286 που
229 2243 264 2299 μὲν
274 2237 300 2298 ήν
310 2241 366 2296 υίδς,
381 2244 469 2298 φθείρας
479 2241 500 2285 δὲ
510 2242 613 2298 παρθένον
624 2241 713 2300 ἀπέδρα,
728 2241 762 2286 διά
775 2241 797 2286 τύ
808 2244 905 2295 ἐξεῶσθαι
915 2241 956 2287 ῦπδ

173 2317 209 2356 τοῦ
220 2314 272 2355 ἰδίου
284 2311 361 2369 πατρδς
372 2309 412 2355 ἀπὸ
428 2316 464 2367 τῆς
477 2313 586 2369 ἐκκλησίας.
612 2311 716 2355 Ἀνελθῶν
726 2312 747 2355 δέ
758 2314 780 2356 έν
790 2317 815 2373 τῇ
824 2311 901 2373 Ῥῶμη,
922 2314 955 2357 καί

174 2381 257 2437 αἰτήσας
270 2380 377 2437 μετάνοιαν
387 2379 434 2432 τούς
445 2379 487 2424 κατ’
499 2382 563 2425 έκεῖνο
574 2386 657 2439 καιροῦ,
677 2383 712 2425 καί
723 2381 751 2438 μή
763 2381 838 2438 τυχῶν,
860 2384 957 2440 ἐπαρθείς

174 2451 226 2495 κατά
236 2456 271 2506 τῆς
284 2454 368 2501 πίστεως
383 2450 501 2507 ἐδογμάτισε
516 2456 568 2508 τρεῖς
585 2449 648 2508 ἀρχάς
658 2451 823 2507 εἰςηχησύμενος,
844 2451 924 2508 ἀγαθάν
935 2469 956 2495 τε

175 2522 209 2563 καί
221 2523 299 2563 δίκαιον
309 2522 343 2563 καί
353 2525 438 2574 φαῦλον
459 2517 510 2562 εἶναί
521 2536 542 2562 τε
552 2518 588 2574 τήν
605 2518 678 2574 καινήν
693 2519 795 2575 διαθήκην
805 2519 909 2578 ἀλλοτρίαν
921 2526 956 2577 τῆς

174 2594 272 2642 παλαιάς,
290 2591 324 2632 καί
339 2594 376 2632 τοῦ
394 2590 416 2631 ἐν
434 2585 485 2646 αῦτη
502 2586 628 2642 λαλήσαντος.
654 2588 772 2632 Ἀνάστασιν
787 2588 863 2646 σαρκδς
882 2588 955 2633 ἀθετεῖ.

174 2656 282 2711 Βάπτισμα
292 2660 374 2700 δίδωσιν
384 2655 409 2699 ού
420 2655 482 2710 μόνον
491 2658 524 2708 ἓν,
539 2654 587 2699 ἀλλά
596 2657 631 2699 καὶ
642 2656 690 2710 δύο,
710 2658 745 2700 καὶ
755 2660 809 2714 τρία,
825 2656 873 2711 μετά
884 2657 906 2701 τδ
918 2676 955 2702 πα-

174 2730 272 2781 ραπεσεῖν.
300 2723 360 2781 Ὑπὲρ
377 2725 398 2767 δὲ
408 2729 448 2767 τῶν
464 2723 581 2767 τεθνεῶτων
595 2726 749 2780 κατηχονμένων
764 2726 844 2782 ἐτέρους
860 2728 954 2780 βαπτίζει.

170 2792 248 2843 Ἀδεῶς
262 2793 296 2835 καί
310 2794 400 2848 γυναιξὶν
415 2793 514 2848 ἐπιτρέπει
529 2787 613 2848 λουτρῶν
628 2792 713 2836 διδόναι,

231 2863 382 2903 Λουκιανισταί.
412 2858 528 2909 Λουκιανός
542 2878 571 2910 τις
587 2859 680 2917 ἀρχαῖος,
703 2859 739 2915 οῦχ
757 2857 769 2903 δ
784 2864 821 2903 νῦν
838 2862 859 2904 ἐν
875 2860 954 2918 χρόνοις

196 2953 224 2989 26.
236 2955 309 2986 Fortasse
324 2951 342 2987 τδ
354 2951 389 2988 τδν.
413 2955 489 2987 Petamus
502 2954 555 2994 ονητλ-
577 2951 737 2995 Ρακετίίμαρλδθ.
752 2954 796 2986 Libri
804 2955 845 2986 ιαίια
854 2954 911 2988 nabent
919 2965 954 2989 ποι·

173 3003 218 3033 catus
230 3003 252 3033 est
263 2997 282 3034 τδ
295 2995 328 3033 δπὸ
340 2996 384 3034 Κάϊν
395 2994 492 3045 τίν”λβελ
575 2996 639 3043 ήσασα

196 3046 223 3082 27.
240 3043 338 3091 ποιησάσης
352 3047 415 3088 reposui
431 3055 451 3079 εκ
464 3046 552 3080 summario
596 3045 624 3081 25.
636 3041 692 3092 ἀρχῆς
703 3045 749 3079 codd.
761 3055 798 3080 mss.
810 3049 825 3080 ιτ
836 3047 872 3080 edit.
883 3048 934 3089 princ.

596 3091 624 3127 29.
636 3091 825 3138 χεγενῆσὲαιλέχονσυ
833 3095 895 3128 volebat
905 3095 953 3130 Peta-
