1988 3392
136 218 178 259 476
423 225 508 261 SANGTI
518 226 634 260 EPIPHANII

138 301 341 376 ἀνδρφγχέεέτοαγιτό
348 302 409 357 εἶναι,
430 303 476 347 ούτε
491 304 532 348 ἀπό
544 307 629 355 παλαιᾶς
644 307 754 360 συνηθείας
765 308 805 348 τῶν
816 304 875 358 φύσει
886 319 920 349 συ

137 368 459 458 ζυγιρῑνκεκτημὲνωνδδίκαιος
476 371 536 429 ὁρίζει
549 372 627 456 λόγος,
640 371 718 416 ἀλλά’
706 372 757 429 ανήρ
774 377 843 430 2γυνη
836 372 922 418 ἔπιτο-

138 458 188 484 αντα
199 441 234 484 ενα
247 459 298 499 προς
308 459 344 496 τιγν
355 459 414 496 μιαν
429 458 458 492 ως
467 439 531 496 Αδαμ
543 459 594 499 προς
604 459 641 496 την
654 440 724 495 Εύαν,
746 460 774 492 ως
789 439 922 499 Σάρραγιρδς

137 508 171 551 τόν
181 507 272 566 Ἁβραάμ
282 508 342 565 εἶχεν,
358 507 386 560 τίς
396 508 489 566 Ῥεβέκκα
498 515 526 568 τῷ
533 509 604 553 Ἰσαάκ
615 515 709 565 συνῆπτο.
739 512 769 553 Εἶ
776 508 815 567 γάρ
827 512 861 553 καί
871 528 923 562 τινες

136 582 178 620 τῶν
190 579 281 635 πατέρων
292 578 329 622 δύο
346 579 381 621 καὶ
392 584 445 636 τρεῖς
455 584 552 635 γυναῖκας
565 578 681 634 ἐσχήκασιν,
703 579 742 623 ούκ
754 580 776 630 ἐν
776 583 832 638 μιά
834 580 890 641 οἰκία
896 581 924 641 αἱ

137 652 237 712 γυναῖκες
242 648 301 727 ήοαν
333 650 415 703 Χαίρων
431 645 469 704 γάρ
488 645 511 690 τό
529 652 619 691 τοιοῦτον
635 646 700 701 εἶδος,
719 650 755 692 καί
768 643 922 702 κτηνωνήτοι-

138 714 188 769 αύτη
199 713 305 769 συνάφεια
337 711 399 759 Οὗτοι
411 716 432 759 δὲ
443 720 517 770 μᾶλλον
529 717 557 766 είς
567 714 685 771 ἔκπληξιν
672 721 724 799 ημᾶς
736 715 872 802 άναχκβζουσι
886 717 922 770 φί-

138 800 190 839 ρειν,
207 784 433 868 ἐπαγγέλέαμέγων
389 782 455 827 αὐτῶν
467 783 519 840 πρός
529 790 629 861 γυναῖκας
638 784 870 870 συνάφεωνμηειν,
875 785 923 828 τού-

138 854 219 895 ναντίον
230 856 304 907 μᾶλλον
319 851 356 908 τήν
365 842 436 908 χλεύην
446 849 649 909 απεργαζομενοι,
633 854 677 896 κάι
672 849 717 908 τήν
730 855 803 896 τελείαν
814 852 915 897 αάτῶνν
894 854 923 897 έν-

139 920 296 974 δεικνύμενοι’
274 920 374 976 αισχύνην.
405 920 467 963 Εί
443 940 481 978 γαρ
492 922 527 964 καί
536 920 622 977 γαμετάς
633 920 720 976 εἶχον
698 939 718 964 οε
728 926 827 974 τοιοῦτον,
848 920 923 978 σπορά

139 991 188 1043 δην,
208 987 246 1032 οάκ
259 990 333 1044 ἀναμίξ
342 988 416 1040 ταύτας
428 987 516 1044 σ’ίφειλου
528 993 644 1045 κεκτῆσθαι.
673 990 703 1032 Εἰ
713 990 735 1033 δὲ
746 992 781 1034 καί
792 992 841 1033 εἰσιν
852 991 874 1033 ἐν
887 1003 922 1034 συ-

138 1060 206 1116 ζυγία,
228 1056 265 1101 οάκ
279 1061 318 1101 ἔδει
334 1057 408 1108 αύτούς
424 1057 446 1101 τό
464 1061 486 1102 ἐκ
502 1061 555 1101 θεοῦ
571 1058 715 1113 καταδειχθὲν,
730 1057 805 1116 ἀνδρός
820 1058 872 1115 πρός
887 1077 923 1117 γυ·

43 1131 199 1183 προδιανοεῖται
215 1125 337 1180 συνάφειαν,
359 1125 408 1182 μετά
424 1125 573 1183 εὐσχημοσύνης
584 1129 618 1171 καὶ
633 1126 752 1183 σεμνότητος
763 1129 798 1171 καί
813 1125 923 1183 ἐπιστήμης

138 1197 172 1238 καί
184 1196 205 1246 ἐξ
215 1198 267 1246 ἰδίας
279 1197 404 1252 ἐλευθερίας,
425 1196 458 1239 ἐπί
471 1195 494 1239 τό
506 1197 567 1251 μέσον
579 1196 677 1253 φέροντας
689 1194 789 1251 φωράσαι.
819 1197 848 1238 Εἰ
857 1196 878 1239 δὲ
888 1197 923 1239 καὶ

139 1263 249 1319 ἀπέσχοντο
265 1268 366 1321 γυναικῶν
380 1265 402 1308 ἐν
413 1262 481 1324 ἀγνείιγ
493 1264 544 1314 τινὲς
558 1262 614 1315 όντες
626 1265 662 1307 καὶ
675 1265 697 1307 ἐν
709 1264 823 1323 ἐγκρατείᾳ,
845 1263 922 1321 ἐξύβρι·

138 1346 176 1375 σαν
186 1331 209 1376 τό
222 1335 311 1385 δίκαιον,
331 1331 365 1376 διά
377 1337 413 1387 τῆς
425 1332 520 1388 ἀνοησίας
533 1333 568 1376 καί
582 1331 605 1375 τό
617 1337 653 1388 τῆς
663 1331 736 1389 άρετής
747 1336 869 1388 πολίτευμα,
889 1332 924 1377 δεά

138 1406 174 1456 τῆς
188 1402 209 1445 ἐν
221 1400 329 1461 ἀφροσύνη
346 1401 444 1456 ἀφειδούς
462 1403 564 1460 ἐργασίας,
585 1400 611 1445 οὗ
627 1406 668 1446 τῶν
685 1399 801 1446 ἀποστόλων
815 1405 875 1446 τούτο
889 1419 923 1446 πε-

138 1470 254 1528 πραχότων,
277 1469 302 1514 οά
316 1475 356 1514 τῶν
371 1469 410 1527 πρό
429 1475 470 1515 τῶν
490 1468 606 1514 ἀποστόλων
625 1474 738 1528 προφητῶν
751 1475 811 1515 τοῦτο
831 1472 923 1524 διαταξα-

139 1541 209 1595 μένων.

47 1621 92 1667 Κεφ,
105 1621 128 1658 3',
198 1613 291 1665 Μωυσῆς
306 1613 355 1667 γούν
368 1610 389 1652 ἐν
403 1613 427 1668 τῇ
440 1607 508 1667 ἐρήμῳ
524 1605 631 1664 ἀναλαβαίν
646 1609 684 1665 τήν
697 1608 821 1667 ύμνηγορίαν
837 1607 882 1669 ᾆίδει
896 1613 925 1669 τῷ

139 1682 182 1736 θεῷ
195 1675 261 1737 χάσμα,
281 1675 372 1721 ἀνελθοίν
386 1675 427 1721 ἀπό
443 1676 557 1734 θαλάσσης,
579 1677 675 1732 φάσκων,
690 1676 792 1733 ’Ἁισωμευ
809 1682 837 1737 τῷ
853 1680 924 1738 κυρίῳ,

139 1746 225 1798 ἐνδόξως
239 1746 276 1804 γάρ
288 1745 415 1799 δεδόξασται,
436 1749 500 1790 ίππον
514 1748 547 1790 καλ
559 1745 662 1802 ἀναβάτην
674 1747 757 1803 ἔρριψεν
771 1748 799 1798 εἷς
813 1746 924 1791 θάλασσαν.

138 1814 201 1872 Ὁμοῦ
211 1816 233 1859 δὲ
244 1815 362 1869 ἐπεφώνουν
374 1815 428 1875 αύτῷ
440 1818 462 1859 οί
471 1814 552 1871 ἀνδρες,
567 1816 602 1858 καὶ
615 1815 708 1870 οάδαμού
719 1822 822 1872 γυναῖκες’
841 1818 876 1859 ἵνα
887 1814 925 1872 τήν

139 1884 234 1928 εύτακτον
245 1887 299 1945 δείξη
313 1884 449 1936 διάθεσιν,Η
440 1902 472 1927 ινα
486 1882 509 1928 τό
523 1882 595 1940 σεμνόν
605 1901 641 1939 της
657 1883 748 1935 εὐταξίας
761 1889 798 1928 τοῦ
812 1883 877 1939 νόμον
887 1888 924 1928 τοῦ

139 1959 190 1998 θεοῦ
199 1952 282 2014 κηρύξη.
313 1952 364 1996 Εἶτα
374 1952 477 2009 μετέπειτά
486 1968 543 2009 φησι,
559 1953 601 1996 Καὶ
612 1955 701 2008 λαβοῦσα
713 1952 833 2011 Μαριάμ
811 1971 834 1998 τυ
845 1952 924 2010 τύμπα-

139 2042 175 2067 νον
185 2025 233 2080 ίγρχε
243 2041 286 2068 των
295 2040 405 2080 γυναικων,
420 2041 455 2066 και
448 2024 540 2080 ἐλεγεν,
550 2021 677 2081 Αισωμεν
658 2039 686 2064 τω
696 2025 770 2107 κνρίγι,
786 2022 871 2075 ἐνδόξως
884 2021 924 2081 γάρ

139 2092 261 2144 δεδόξασται.
286 2093 327 2135 Καὶ
336 2098 429 2150 γυναῖκες
441 2090 494 2148 όμού
506 2090 626 2146 ἐπεφώνουν
636 2095 661 2151 τῇ
671 2089 780 2152 δμοτρόπῳ
790 2093 824 2135 καὶ
835 2090 876 2136 ἀπό
887 2096 925 2136 τού

140 2162 205 2206 αὐτοῦ
215 2163 285 2219 γε’νους
297 2159 426 2222 ύπαρχούση,
445 2162 481 2205 καὶ
493 2162 515 2204 ἐν
526 2178 565 2204 τινι
577 2160 707 2221 προαγούση,
728 2159 762 2205 διά
772 2160 809 2217 τήν
819 2159 925 2217 ἀνεπιστή-

140 2248 192 2287 μονα
207 2232 242 2275 καλ
257 2229 293 2285 τήν
307 2229 427 2287 συρφεταίδη
442 2228 534 2275 διάνοιαν
547 2233 586 2274 τῶν
601 2228 675 2285 ἀναμὶξ
689 2230 825 2287 ἐργαζομένων
841 2231 925 2288 ἑτεροδι-

140 2303 252 2351 δασκαλίας.
284 2301 336 2357 Περὶ
351 2301 373 2343 δέ
383 2304 419 2355 τῆς
431 2298 559 2351 ἀναστάσεως
572 2313 622 2353 φησι
633 2297 645 2342 δ
656 2298 774 2356 προφήτης,
796 2300 836 2342 Καί
847 2299 925 2353 κόψον-

139 2387 171 2413 ται
182 2367 234 2412 κατά
244 2368 320 2423 φυλήν,
341 2366 395 2423 φυλή
405 2370 508 2412 κατέναντι
519 2372 594 2424 φυλῆς·
615 2366 670 2423 φυλή
684 2372 720 2411 τού
732 2367 809 2413 Νάθαν
820 2366 868 2412 καθ’
878 2368 924 2412 ἓαυ·

140 2438 187 2494 τήν,
207 2439 242 2481 καὶ
253 2439 275 2481 αί
285 2443 378 2495 γυναῖκες
390 2437 458 2481 αὐτῶν
469 2434 517 2480 καθ’
527 2436 608 2488 ἑαυτάς·
629 2435 683 2492 φυλή
692 2442 730 2481 τοῦ
740 2435 811 2481 Ἰούδα
820 2435 870 2481 καθ’
879 2438 925 2481 ἐαυ-

140 2507 187 2563 τήν,
201 2508 235 2550 καί
246 2509 269 2550 αί
278 2512 371 2564 γυναῖκες
382 2506 450 2549 αὐτῶν
461 2504 509 2550 καθ’
520 2504 602 2558 ἑαυτάς,
624 2507 659 2550 καὶ
671 2505 696 2550 τά
706 2507 757 2561 ἑξῆς.
789 2504 847 2550 Ούτω
859 2507 895 2550 καί
904 2508 926 2550 οἱ

141 2576 250 2619 ἀπόστολοι
266 2575 397 2619 διαεόσσουσι
411 2581 436 2636 τῇ
452 2577 553 2633 ἐκκλησία·
575 2573 628 2618 ούτω
644 2576 677 2618 καί
695 2573 706 2618 δ
720 2573 791 2632 κύριος
803 2576 891 2627 διέταξεν
902 2577 925 2620 ἕν

140 2650 168 2705 τῷ
185 2645 303 2703 εὐαγγελίῳ,
324 2643 365 2687 ἀπό
383 2649 431 2699 μιᾶς
446 2643 469 2687 τό
486 2642 599 2700 ὑπόδειγμα
613 2642 663 2700 ήμῖν
681 2643 795 2701 κηρύττων,
817 2642 885 2698 φήσας
899 2648 924 2704 τῇ

144 2715 219 2772 ιμητρί
231 2711 304 2767 αὐτοῦ,
325 2712 363 2768 Μή
374 2730 413 2767 μου
425 2711 501 2757 άπισυ·
522 2711 580 2756 ούπω
594 2710 633 2769 γάρ
650 2711 766 2768 ἀναβέβηκα
779 2711 832 2769 πρός
839 2711 875 2756 τόν
885 2729 924 2757 πα-

140 2784 193 2839 τέραΔ
225 2781 296 2834 Ούτως
310 2781 323 2825 δ
338 2783 400 2834 nege}
412 2782 538 2838 προςέρχεται
554 2786 579 2842 τῇ
593 2784 736 2837 Σοαμανίτιδι,
758 2780 925 2837 Ἇάπωθούμενος

141 2851 224 2907 ταύτην·
246 2854 279 2895 ἵνα
296 2850 325 2906 μή
339 2848 429 2911 ἀφανίση
444 2849 467 2894 τό
479 2849 554 2907 τάγμα,
576 2853 610 2894 ’ίνα
625 2850 652 2906 μή
667 2849 740 2911 ύβρίση
750 2849 785 2894 τόν
797 2849 874 2906 θεσμόν
884 2855 925 2895 τάν

141 2925 257 2978 προφητῶν.
296 2919 318 2963 Ὁ
335 2921 357 2963 δὲ
372 2919 480 2977 προφήτης
496 2919 595 2975 πνεύματι
611 2919 662 2980 ἀγίγν
680 2920 791 2977 φερόμενος
807 2919 924 2964 καταίδυναν

163 3038 179 3070 ἱ).
198 3039 225 3071 sic
241 3040 297 3072 habent
312 3040 353 3071 λιλκί.
376 3040 452 3071 petavius
468 3039 518 3070 voluit
541 3036 584 3079 μίανΔ
608 3039 649 3072 Mihi
659 3038 728 3071 delenda
736 3039 784 3078 plane
793 3038 868 3071 videntur
876 3039 925 3070 verba

141 3081 184 3129 ἀνήρ
195 3083 225 3119 καλ
238 3081 280 3130 γυνή
293 3081 381 3122 ἐπιτσαυτδ
394 3081 419 3123 εἷς
430 3080 473 3127 πρδς
486 3080 517 3126 τήν
541 3079 584 3129 ἀνήρ
596 3082 637 3128 γυνή
643 3108 649 3125 ,
660 3086 712 3125 utpote
724 3085 744 3117 οι
755 3086 828 3126 maraine
838 3085 906 3117 ιάυγαλα,
