1988 3392
267 243 324 276 TOM1
336 243 421 275 Ριιιοκιε
433 243 489 277 Ραιιε
501 242 632 276 Ροετπιιιοιι.
799 235 839 275 631

60 321 142 365 Ἰωάννην
153 322 251 365 διηγοῦνται
261 318 348 367 ἀκριβῶς,
367 322 451 366 λέγοντες,
468 319 556 362 Ἀκούσας
564 321 584 358 δὲ
596 320 606 358 ο“
615 318 685 364 Ἰησοῦς
696 319 723 356 ίίτι
731 318 842 364 παρεδέδηῦ

60 376 152 421 Ἰωάννης,
164 377 270 413 καταλειπών
282 377 322 421 (sic)
331 376 364 420 τήν
374 377 457 421 Ναζαρὲῧ
468 378 570 424 κατῴκησεν
581 378 606 418 είς
616 375 735 421 Καφαρναούμ
746 376 778 421 την
787 388 843 421 παρα-

62 432 158 472 ξλαλάσσιον.
181 433 217 469 Καί
229 431 272 480 ὁρᾷς
283 429 310 469 ὅτι
321 432 365 468 κατά
375 431 458 477 ἀληθειαν
469 434 491 470 τά
506 433 561 470 πάντα
572 440 608 475 τοῖς
618 434 696 478 τέτρασιν
712 430 843 478 εύαγγελισταῖς

42 524 43 527 ,
62 489 158 536 συμφώνως
175 490 245 534 είρηται.
268 488 348 533 Καίγοίρ
363 490 393 525 καί
404 490 482 534 φαίνεται
490 489 522 534 την
534 489 635 527 ἀκολουθίαν
647 488 696 525 πάλιν
708 487 842 534 διηγούμενοςὸ

59 545 151 592 Ἰωάννης,
168 543 195 584 ’ύτι
208 545 252 590 μετὰ
263 545 282 582 τὸ
291 547 365 592 ποιῆσαι
376 545 395 583 τὸ
407 548 472 591 πρῶτον
488 552 557 591 σημεῖον
568 547 598 584 τὸν
610 549 693 591 σωτῆρα,
704 545 739 581 καλ
751 546 805 582 ἐλὲεῖν
817 545 843 586 εἰς

62 603 188 649 Καφαρναοὺμ,
200 604 272 648 ποιῆσαί
281 615 301 640 τε
312 603 350 639 ἐκεῖ
357 617 394 640 τινα
406 608 481 649 σημεῖα,
498 602 581 651 ἀναβῆναί
592 618 611 641 τε
622 605 647 645 είς
656 602 749 649 Ναζαρὲτ,
760 604 790 639 καί
801 601 842 640 σίνα-

61 662 123 708 γυῶναι
133 659 152 697 τί
166 661 239 707 βιβλίον,
251 661 375 705 παραδοὶλέντος
384 659 441 696 λοιπὸν
453 664 482 696 τοῦ
495 663 586 707 βαπτιστοῦ
598 656 651 706 ἧλῖλεν
663 661 693 696 καὶ
704 657 807 706 κατῴκησεν
817 660 842 700 εἰς

61 716 179 764 Καφαρναούμ
192 716 254 763 πολλάς
270 717 343 763 ἡμέρας.
367 712 420 754 Αύται
431 718 452 755 δέ
463 718 504 754 είσιν
517 719 535 753 αἱ
546 717 589 763 μετά
602 717 634 763 την
644 716 711 763 ἡμέραν
722 718 757 752 τῶν
766 713 842 762 Ἐπιρα·

60 778 98 815 νίων
109 775 139 811 καί
148 774 179 821 τήν
191 774 219 811 ἐπὶ
228 774 348 821 Καφαρναούμ
359 776 389 812 καί
401 775 429 811 ἐπὶ
438 774 522 821 Ναζαρὲῇ
533 775 597 812 ἕλευσιν
610 772 672 818 αύτοῦ,
691 775 722 811 καί
731 773 763 819 την
774 774 799 815 είς
808 772 843 809 Ἱε-

61 832 147 881 ροσόλυμα
157 832 187 870 διά
195 832 214 869 τί
226 832 292 880 Πάσχα
302 829 369 874 ίίνοδον,
382 833 411 869 καί
421 833 470 870 πάλιν
480 833 535 870 ἐλξλεῖν
546 833 589 880 πρὸς
600 833 629 870 τίν
639 830 732 879 Ἰωάννην,
745 830 787 869 ὅπου
798 830 842 881 ἐβά-

59 894 126 937 πτιζεν,
139 892 163 932 εἰς
173 891 226 927 Αίνιῦν
238 893 267 927 τοῦ
279 892 339 936 Σαλίμ
350 892 397 937 (sic).
420 887 472 927 Οίίτω
483 890 516 937 γάρ
528 892 584 937 λέγει,
596 890 646 927 Μετὰ
657 893 706 927 τοῦτο
717 892 805 936 κατῆλὶλεν
816 891 841 931 είς

60 949 179 996 Καφαρναούμ
190 947 242 989 αὐτὸς
252 950 282 984 καί
293 947 306 994 ηΙ
318 947 376 994 μάτηρ
391 945 454 991 αῦτοῦ,
470 949 500 984 καί
512 950 527 984 οἱ
537 948 610 994 ἀδελφοί
622 946 684 990 αύτοῦ,
702 948 733 984 καὶ
748 948 784 984 ἔκει
795 948 841 993 έμεο

59 1022 88 1046 ναν
99 1004 118 1044 ού
130 1007 193 1047 πολλάς
202 1005 275 1052 ἡμέρας.
299 1004 354 1042 Ούπω
365 1006 397 1052 γάρ
410 1005 471 1051 ἐδήλου
483 1005 514 1052 την
524 1007 589 1042 τελείαν
599 1005 697 1052 καταμονήν
707 1006 746 1051 περὶ
757 1007 780 1051 ης
790 1003 842 1041 ύστε-

60 1079 87 1112 ρον
102 1063 148 1101 εἶπεν
165 1063 209 1110 μετά
220 1064 239 1101 τά
252 1065 371 1109 παραδοὲῆναι
382 1062 412 1100 τάν
422 1060 514 1109 Ἰωάννην,
531 1061 600 1099 Ἐλὲοίν
616 1062 718 1111 κατῴκησεν
732 1063 756 1102 είς
767 1064 841 1108 Καφαρ·

59 1121 113 1167 ναοίμ
122 1123 154 1168 την
163 1120 309 1166 παραθαλάσσιον,
321 1121 351 1156 καί
361 1119 412 1167 ἐγγῦς
422 1114 444 1165 ἦν
454 1120 473 1156 τά
487 1120 553 1167 Πάσγα
561 1123 595 1157 τῶν
604 1119 703 1157 Ἰουδαίων·
716 1117 741 1160 οἷς
750 1120 796 1165 λέγει
803 1120 840 1160 καί,

59 1178 120 1227 Ἀνέβη
134 1180 158 1221 εἰς
167 1177 280 1224 Ἱεροσόλυμα
292 1176 301 1214 ὁ
312 1175 393 1223 Ἰησοῦς,
411 1178 442 1213 καί
452 1173 500 1223 εύρεν
516 1177 556 1218 τούς
572 1179 670 1225 πωλοῦντας
685 1178 701 1213 ἐν
711 1179 736 1223 τῷ
748 1178 789 1224 ἱερῷ
801 1176 841 1217 τούς

60 1237 102 1286 βόας
119 1237 149 1273 καί
164 1236 186 1273 τοί
202 1235 281 1283 πρόβατα
292 1235 322 1271 καί
333 1234 442 1280 περιστεράς,
460 1236 489 1271 καί
501 1234 540 1275 τούς
550 1235 666 1281 κερματιστὰς
676 1234 793 1279 καθημένους,
811 1234 842 1270 καί

60 1293 103 1341 μετά
114 1294 133 1330 τί
146 1295 224 1341 ἐκβαλεῖν
235 1293 275 1334 τοῦς
286 1291 349 1334 αύτούς
363 1292 478 1339 κερματιστὰς
493 1294 523 1329 καί
538 1292 578 1333 τούς
591 1294 683 1333 πιλοῦντας
691 1291 724 1332 τάς
732 1292 839 1338 περιστεράς,

59 1351 88 1389 καί
99 1350 121 1387 τοί
131 1348 184 1396 ἄλλα,
201 1351 231 1386 καί
241 1350 337 1395 εἰρηκέναι,
351 1346 417 1395 ’Ἄρατε
427 1351 482 1386 ταῦτα
493 1350 549 1392 ίνὲεν,
567 1350 597 1385 καί
607 1348 632 1394 μη
643 1351 704 1394 ποιῆτε
714 1348 743 1384 τάν
753 1349 798 1385 οἶκον
809 1348 840 1385 τοῦ

59 1407 122 1454 πατρός
133 1422 165 1453 μου
178 1406 222 1444 οἷκον
232 1407 322 1452 ἐμπορίου,
334 1410 363 1442 καί
374 1404 467 1451 ἀκηκοέναι
475 1404 515 1452 παρ’
526 1403 593 1447 αύτιῦν,
605 1406 629 1441 Τί
640 1410 710 1450 σημεῖον
721 1404 805 1446 δεικνύεις
815 1404 840 1450 τῖ-

60 1469 95 1510 μῖν,
109 1463 136 1501 ὅτι
146 1467 201 1501 ταῦτα
211 1470 274 1506 ποιεῖς;
286 1464 316 1501 καί
326 1463 371 1500 εἶπεν
383 1461 451 1508 αύτοῖς,
463 1464 534 1500 Λύσατε
542 1462 571 1499 τὸν
581 1462 620 1499 ναὸν
630 1461 698 1504 τοῦτον,
716 1462 746 1497 καί
757 1462 774 1497 ἐν
785 1463 839 1507 τρισίν

58 1521 132 1568 ἡμέραις
147 1523 207 1568 ἐγείρω
216 1520 286 1570 Δαῦτιίν·
305 1518 334 1558 ίίτε
347 1519 449 1565 Νικόδημος
461 1515 506 1566 τίλλε
520 1519 563 1565 πρὸς
579 1517 641 1564 αύτίν,
658 1520 688 1555 καί
700 1518 744 1565 μετά
754 1518 773 1556 τὸ
786 1521 839 1556 εἰπεῖν

58 1576 110 1615 πολλά
124 1591 187 1624 φησιν,
202 1574 268 1614 Ἦλὶλεν
285 1577 295 1616 ά
309 1577 379 1623 Ἰησοῦς
395 1578 425 1613 καὶ
440 1579 456 1614 οἱ
468 1578 545 1623 μαληταί
559 1574 611 1613 αύτοῦ
622 1578 647 1617 είς
662 1575 694 1622 τὴν
703 1575 788 1613 Ἰουδαίαν
799 1578 839 1622 γῆν,

58 1635 87 1671 καί
98 1635 137 1671 ἐκεῖ
145 1637 227 1681 διέτριβεν
239 1634 275 1680 μετ’
285 1633 341 1672 αῦτιῦν
351 1635 381 1670 κοιλ
391 1634 489 1681 ἐβάπτιζεν·
506 1647 528 1679 ην
539 1634 559 1671 δὲ
569 1634 599 1669 καί
608 1631 691 1678 Ἰωάννης
707 1634 725 1669 ἐν
737 1634 790 1669 Αίνῶν
798 1635 839 1680 (sic)

58 1690 110 1737 ἐγγύς
120 1693 150 1728 τοῦ
164 1690 241 1736 Σαλήμ,
260 1687 287 1728 ὅτι
299 1686 354 1725 ίίδατα
364 1690 417 1727 πολλά
428 1685 450 1735 η’ν
462 1691 513 1727 ἐκεῐ·“
525 1688 572 1727 ούπω
584 1690 616 1737 γάρ
627 1684 649 1735 ἦν
659 1690 764 1737 βεβλημένος
773 1691 798 1730 εἰς
807 1688 839 1734 τήν

58 1747 136 1793 φυλακὴν
146 1747 155 1784 ὁ
167 1746 258 1792 Ἰωάννης·
270 1747 300 1782 τοῦ
311 1747 331 1782 δὲ
340 1744 419 1783 Ἰωάννου
434 1747 487 1784 πολλὰ
500 1746 586 1789 εἰπόντος,
604 1744 639 1789 άτι,
659 1746 681 1782 Ὁ
693 1748 736 1794 έχων
751 1747 783 1792 τήν
794 1746 839 1793 νύμ-

58 1810 91 1850 φην
102 1806 174 1851 νυμφίος
183 1804 239 1846 ἐστίν,
257 1803 295 1839 εἶτα
305 1805 350 1848 λέγει
360 1804 380 1841 τί
394 1802 503 1849 εύαγγέλιον,
515 1803 549 1844 Ὡς
558 1798 586 1840 οῦν
597 1804 640 1849 ἔγνω
651 1797 741 1848 ο“Ἰησσύς
750 1801 778 1839 ίίτι
786 1801 840 1849 ἥκου-

58 1873 88 1896 σαν
99 1863 114 1896 σί
124 1862 216 1906 Φαρισαῖοι
227 1858 254 1897 ὅτι
263 1859 333 1905 Ἰησοῦς
343 1861 421 1899 πλείονας
430 1859 510 1904 μαθητάς
520 1865 567 1895 ποιεῖ
576 1861 606 1895 καὶ
615 1861 692 1904 βαπτίζει
701 1859 789 1904 Ἰωάννης,
802 1874 840 1895 και-

57 1918 111 1961 τοίγε
123 1915 193 1962 Ἰησοῦς
203 1913 257 1956 αύτός
268 1915 300 1951 οῦκ
311 1915 411 1962 ἐβάπτιζεν,
431 1914 468 1951 ἀλλ’
479 1918 495 1951 οἱ
507 1917 584 1960 μαὶληταί
595 1913 657 1959 αύτοῦ,
674 1914 743 1961 ἀφῆκεν
752 1915 785 1959 την
793 1914 839 1951 Ἰου-

57 1973 105 2009 δαίαν
121 1975 155 2019 γῆν
165 1974 195 2009 καί
205 1971 274 2017 ἀπῆλῆε
284 1971 333 2008 πάλιν
343 1973 367 2012 εἰς
377 1972 409 2016 την
419 1973 517 2007 Γαλιλαίαν.
536 1968 590 2008 ’Ἔδει
601 1971 620 2008 δέ
631 1970 683 2009 αύτᾶν
697 1972 797 2017 διέρχεσὲαι
809 1972 839 2009 διά

56 2031 90 2074 τῆς
98 2030 206 2075 Σαμαρείας,
219 2026 248 2065 ὅτε
258 2029 286 2065 ἐπλ
294 2029 319 2074 τῷ
329 2029 390 2073 φρέατι
401 2028 489 2073 ἐκαῧέσὲη
500 2028 530 2064 καί
540 2029 563 2075 τῇ
572 2029 688 2073 Σαμαρείτιδι
697 2024 784 2074 διελέγῇη.
802 2029 839 2064 Καὶ

57 2083 178 2131 ἀνηγγειλενη
190 2087 297 2131 Σαμαρεῖτις
306 2086 345 2129 περί
356 2083 408 2121 αύτοῦ
419 2086 436 2120 ἐν
450 2086 472 2130 τῇ
484 2084 543 2126 πόλει,
555 2086 585 2121 καί
595 2080 648 2129 τῖλῗσον
659 2084 703 2129 πρὸς
714 2083 764 2120 αύτόν
776 2087 792 2120 οί
801 2088 839 2121 Σα-

58 2148 137 2187 μαρεῖται
145 2144 175 2179 καί
185 2142 290 2188 παρεκάλουν
300 2140 351 2178 αύτίν
363 2147 419 2187 μεῖναι
429 2141 468 2187 παρ’
478 2138 546 2186 αύτοῖς,
558 2142 588 2178 καί
599 2142 663 2186 ἔμεινεν
674 2141 713 2177 ἐκεῖ
722 2138 753 2177 δύο
764 2139 838 2187 ἡμέρας,

57 2199 87 2235 καί
103 2203 158 2247 πολλῷ
171 2201 238 2240 πλείους
253 2200 354 2236 ἐπίστευσαν
371 2199 400 2235 διά
413 2198 442 2234 τὸν
453 2199 502 2244 λέγον
513 2197 571 2234 αύτοῦ.
594 2197 644 2234 Mer&
655 2198 674 2234 δὲ
687 2198 719 2239 τάς
727 2198 759 2234 δύο
770 2198 839 2244 ἡμέρας

57 2249 110 2300 ἦλθεν
126 2257 151 2297 είς
162 2257 194 2303 τήν
209 2257 307 2293 Γαλιλαίαν.
331 2256 367 2291 Καὶ
378 2250 400 2301 ἦν
411 2268 437 2296 τις
450 2254 538 2302 βασιλικὸς
550 2250 569 2292 οῦ
581 2254 591 2292 ο“
602 2253 639 2295 υἱὸς
653 2252 724 2300 ησῇένει
734 2255 751 2291 ἐν
762 2257 838 2303 Καφαρ-

57 2312 121 2358 ναούμ,
140 2311 170 2352 ὅτε
187 2313 232 2351 εἶπεν
243 2312 291 2363 αύτῷ
302 2311 399 2359 ὁἸησοῦς,
418 2313 505 2359 Πορεύου,
523 2312 579 2355 ὁυὶάς
591 2326 621 2350 σου
638 2315 670 2360 ζῇ,
688 2314 718 2350 καί
733 2313 838 2360 ἐπίστευσεν,

57 2371 87 2408 καί
98 2371 140 2418 ἰάθη
152 2371 162 2410 ά
172 2377 218 2413 παῖς.
242 2374 278 2409 Καὶ
290 2372 335 2418 λέγει
346 2371 365 2409 τί
372 2369 486 2417 ,εύαγγέλιοκ
504 2370 586 2423 Δεύτερον
597 2371 646 2409 πάλιν
659 2377 729 2417 σημεῖον
739 2372 818 2418 ἐποίησεν
829 2371 838 2410 ὁ

56 2428 126 2474 Ἰησοῦς
142 2431 196 2468 ἐλὶλιίν
209 2431 229 2467 ἐκ
239 2433 274 2476 τῆς
287 2429 372 2471 Ἰουδαίας
388 2430 412 2470 είς
424 2429 455 2476 τήν
465 2430 562 2466 Γαλιλαίαν.
586 2429 636 2465 Μετὰ
646 2432 696 2466 τοῦτο
706 2423 728 2475 τίν
741 2430 792 2476 ἐορτη
804 2432 839 2468 τῶν

56 2484 154 2531 Ἰουδαίων,
171 2487 219 2534 οἶμαι
230 2489 249 2526 δὲ
260 2487 335 2533 ὅτιπερλ
351 2485 405 2534 άλλης
420 2488 481 2533 ἐορτῆς
495 2485 584 2524 Ἰουδαίων
595 2488 650 2533 λέγει,
668 2484 839 2535 οἲΠεντεκοστῆςῆ

58 2546 193 2593 Σκηνοπηγιῶν,
204 2567 227 2574 -
243 2548 273 2583 καί
288 2545 342 2593 ἀνέβη
357 2543 427 2592 Ἰησοῦς
440 2546 465 2586 είς
474 2542 596 2591 Ἱεροσόλυμα,
615 2542 644 2583 ίτε
653 2545 681 2581 ἐπί
690 2547 724 2591 τῆς
732 2548 840 2594 προβατικῆς

58 2603 181 2651 κολυμβηῇρας
191 2604 245 2640 ἐλθών
255 2605 271 2641 ἐν
283 2604 365 2653 σαββάτῳ
377 2604 437 2641 ἰάσατο
444 2603 473 2640 τίν
482 2602 616 2649 τριακονταοκτιύ
627 2603 681 2639 ἐτεσιν
690 2604 707 2639 ἐν
716 2601 798 2652 οίσὲενεία
807 2618 839 2641 πα·

9 2690 10 2694 ,
59 2662 174 2706 ραλελυμένον.
197 2659 308 2698 ’Δπεντεῦέλεν
322 2661 379 2698 λοιπὸν
390 2662 509 2707 πληρωῧέντος
519 2661 548 2695 τοῦ
562 2662 623 2697 δεκτοῦ
635 2661 711 2697 ἐνιαυτοῦ
725 2658 799 2706 ἤρξαντο
808 2660 839 2698 αύ-

58 2716 86 2753 τόν
97 2718 177 2761 διιίκειν,
195 2719 244 2762 ἐξότε
255 2720 283 2756 τᾶν
296 2720 324 2755 ἐπὶ
335 2722 368 2765 τῆς
384 2718 506 2766 κολυμβήῇρας
521 2717 634 2761 παραλύτικον
649 2718 710 2756 ἰάσατο
720 2719 737 2755 ἐν
749 2720 838 2767 σαββάτῳ,

58 2772 103 2811 Εἶτα
112 2775 161 2813 πάλιν
171 2777 226 2822 λέγει,
244 2775 341 2813 Ἐπιπλεῖον
353 2778 393 2822 (sic)
410 2776 480 2813 ἐδίωκον
493 2776 508 2811 οἱ
517 2772 598 2812 Ἰουδαῖοι
607 2774 636 2812 τᾶν
644 2774 723 2822 Ἰησοῦν,
740 2773 766 2813 ὅτι
777 2775 796 2812 ον’
806 2775 839 2822 μά-

58 2844 83 2867 νον
94 2832 132 2869 ἔλυε
142 2833 161 2870 τί
174 2834 269 2881 σάββατον,
287 2832 330 2870 ἀλλά
343 2834 373 2870 καί
387 2835 452 2878 πατέρα
466 2836 507 2870 ἰδιον
519 2832 575 2878 ἔλεγεν
586 2833 615 2870 τὸν
626 2834 675 2877 Βεᾶν,
692 2834 728 2871 ίσον
744 2836 775 2879 (ita
787 2836 838 2869 etiam

57 2889 117 2923 venet.
133 2893 202 2938 ubique)
220 2891 279 2928 ἑαυτὸν
294 2893 346 2927 ποιῶν
362 2893 387 2938 τῷ
398 2893 440 2938 Ἰεῷ.
463 2892 507 2931 Πῶς
519 2883 546 2925 σύν
562 2888 582 2926 ου’
597 2893 725 2937 καταγνωστέαι
735 2893 753 2926 αἱ
764 2893 839 2936 αἱρέσεις

58 2944 126 2993 ἐλλειπῆ
143 2952 221 2986 ποιοῦσαι
233 2948 262 2985 τὸν
277 2948 313 2984 υίὸν
328 2947 372 2993 πρὸς
382 2948 411 2985 τὸν
423 2950 498 2994 πατέρα;
518 2941 564 2983 Ἰσον
575 2948 619 2994 γάρ,
636 2949 698 2994 φασίν,
715 2947 774 2984 ἑαυτὸν
785 2950 837 2994 ποιοῦν

58 3004 82 3049 τῷ
94 3005 136 3051 θεῷ.
160 3007 213 3051 Λέγει
228 3005 247 3042 τὲ
263 3005 369 3050 εὐαγγέλιον,
385 3006 436 3042 ίλΙετά
452 3007 536 3042 δὲταῦτα
551 3003 628 3050 άπῆλῇεν
640 3003 728 3050 ὁἸησούς
741 3006 793 3050 πέραν
803 3009 837 3050 τῆς

58 3058 147 3106 ἱλαλάσσης
161 3065 194 3108 τῆς
203 3064 296 3103 Γαλιλαίας
306 3063 339 3106 τῆς
350 3062 461 3109 Τιβεριάδος,
480 3061 572 3107 η’κολούδει
582 3062 602 3099 δέ
613 3060 659 3108 αύτῷ
674 3059 724 3109 ἐγλος
735 3061 798 3104 πολύς,
817 3062 838 3100 ὁ-

59 3116 120 3159 Ρῑόντες
129 3118 151 3155 τά
162 3125 226 3166 σημεῖα
238 3117 250 3156 ἀ
261 3120 313 3157 ἐποίει
322 3119 350 3155 ἐπί
360 3121 394 3157 τιῦν
404 3117 525 3158 ἀσθενούντων.
548 3119 631 3167 Ἀνηλδεν
643 3113 671 3157 οῦν
682 3118 692 3156 ὁ
702 3118 773 3166 Ἰησοῦς
783 3121 808 3165 είς
817 3122 836 3159 τά
