1988 3392
181 220 223 261 354
470 226 552 260 εκαοτι
563 225 679 260 Εειειιιαιι

182 308 211 349 Εἰ
224 304 261 362 γάρ
279 303 307 360 μή
321 304 371 355 θεάς
382 301 408 360 ήν
422 307 443 348 ἐν
454 309 482 364 τῷ
491 303 579 360 σάματι,
600 310 644 356 πῶς
654 303 718 355 εόθάς
730 303 837 362 προελθοίν
847 305 905 352 Βάπό
916 314 964 353 Μα-

182 378 226 433 ρίας
243 373 320 430 ἐκλήθη
332 371 472 429 Ἐμμανουήλ,
491 373 504 417 ό
522 376 562 418 ἐστι
578 373 788 431 μεθερμηνευόμενον,
809 373 866 418 Μεθ’
884 374 965 431 ήμῶνό

181 443 241 495 θεός,
273 448 323 495 Πῶς
342 444 363 486 δὲ
382 444 416 485 καί
427 447 520 494 Παῦλος,
541 446 560 486 εἰ
575 442 602 499 μή
617 437 767 499 όλόγοςήνέν
779 444 847 499 σαρκὶ,
862 442 965 499 Ῥωμαίοις

180 515 278 572 ἔγραφεν,
298 512 330 563 Ἐξ
343 506 371 554 οἷν
383 509 395 554 ό
408 510 495 568 Χριστός
510 510 532 555 τό
546 510 597 555 κατά
609 511 684 569 σάρκα,
705 509 718 554 o‘
732 509 760 554 νίν
776 513 810 556 ἐπὶ
824 510 905 556 πάντων
916 513 965 566 θεός

181 581 288 639 εὐλογητὸς
304 583 332 631 είς
343 578 390 631 τοάς
404 582 488 633 αἰῶνας,
510 577 574 636 άμήν,
606 579 688 624 Οόκοῦν
699 577 857 636 όμολογείτοισαν
868 584 906 625 3οἷ
916 582 965 641 πρό-

180 668 238 710 τερον
247 648 367 708 ἀρνούμενοι
378 646 413 692 τόν
425 650 576 705 ἐσταυρωμένον
586 646 638 692 εἶναι
648 647 699 692 θεόν
710 647 824 703 ἐσφάλθαι,
845 649 965 706 πειθόμενοι

180 720 271 770 4πάσαις
280 725 323 770 ταῖς
334 721 400 768 θείαις
410 724 507 776 γραφαῖς,
529 717 612 772 μάλιστα
623 719 683 776 δὲτηῖ
696 721 770 777 Θωμᾷ,
789 719 813 769 ἐς
823 718 872 775 μετά
882 718 905 763 τό
915 722 964 765 ἰδεῖν

180 791 201 833 ἐν
212 786 268 848 αὐτῷ
278 787 326 838 τοάς
334 793 374 831 τῶν
383 787 437 841 ήλων
447 786 524 836 τόπους
536 785 655 843 ἐνεβόησεν,
669 784 692 829 Ὁ
702 786 773 843 κάριός
783 804 830 843 μου,
845 790 880 832 καὶ
891 786 903 832 ό
914 788 965 841 θεός

179 876 225 913 μου.
256 855 307 907 Θεός
316 855 354 914 γάρ
365 857 400 899 καί
411 854 481 912 πόριος
490 859 526 909 τῆς
536 855 597 911 δόξης
608 854 636 899 div
650 853 713 905 θυίός
724 849 750 910 ήν
761 857 782 899 ἐν
793 861 822 915 τῷ
833 856 913 908 ἀδόξως
926 876 961 901 κα-

88 943 123 973 pag.
131 936 170 966 ιοσθ.
180 927 300 985 θηλουμένῳ
311 926 346 968 καὶ
359 921 496 984 άτιμαζομένῳ
512 923 593 980 σάματι.
626 923 653 968 Τό
665 924 687 966 δέ
699 928 757 978 σῶμα
768 926 839 980 ἔπασχε
849 926 885 981 μὲν
896 927 964 971 νυττό-

179 1012 239 1051 μενον
251 997 273 1038 ἐν
284 999 312 1053 τῷ
322 993 381 1053 ξάλιμ,
396 995 431 1036 καί
444 994 510 1050 ἔρρεεν
520 992 561 1036 άπὸ
570 998 607 1048 τῆς
616 993 689 1036 τούτου
699 998 785 1050 πλευράς
796 991 847 1048 αἷμα
855 995 890 1037 καὶ
901 994 963 1051 ὕδωρ,

179 1063 229 1114 ναός
244 1064 266 1107 δὲ
280 1068 317 1106 τοῦ
332 1062 393 1119 λόγον
407 1061 504 1119 τυγχάνον
519 1063 689 1118 θπεπληρωμὲνυς
704 1056 730 1117 ήν
742 1066 778 1117 τής
792 1062 894 1118 θεότητος.
924 1061 964 1107 Διά

180 1137 257 1176 7τοῦτο
268 1132 324 1188 ήλιος
339 1129 393 1189 ὁρῶν
409 1129 444 1173 τόν
458 1130 581 1187 δημιουργόν
596 1131 669 1173 ἐαυτοῦ
680 1131 702 1172 ἐν
713 1134 741 1189 τῷ
752 1128 874 1191 ὑβριζομένῳ
887 1131 964 1187 σάματι

179 1199 352 1259 άνεγόμενονγτάς
367 1197 449 1248 άκτῖνας
465 1198 583 1252 συνέστειλε,
604 1199 638 1241 καί
658 1198 767 1242 ῧέσκότασε
780 1198 817 1254 τήν
834 1205 877 1256 γῆν.
906 1199 963 1244 Aba}

179 1271 201 1313 δέ
211 1267 249 1312 9τό
260 1272 318 1323 σῶμα
327 1267 389 1322 φάσιν
399 1269 444 1322 ἐχον
453 1266 533 1322 θνητήν
543 1265 593 1324 ὑπὲρ
604 1265 640 1322 τήν
650 1267 724 1310 ἐαυτοῦ
733 1265 796 1320 φάσιν
804 1266 876 1324 άνέστη
886 1268 919 1312 διά
929 1268 964 1313 τόν

178 1340 200 1381 ἐν
212 1336 267 1397 αότῷ
280 1335 345 1393 λόγον,
361 1337 396 1378 καὶ
408 1336 510 1379 πέπαυται
521 1335 557 1389 μὲν
567 1339 603 1389 τής
612 1333 667 1378 κατά·
676 1334 738 1388 φάσιν
749 1340 841 1393 φθοραῖς,
858 1339 964 1394 10ἔνδυμα

178 1407 201 1449 δέ
210 1407 279 1464 γε’γονε
294 1407 330 1448 τοῦ
346 1403 413 1461 λόγον.
439 1401 590 1459 Ἐνδυσάμενον
600 1404 622 1446 δὲ
630 1403 666 1447 τόν
680 1401 731 1462 άπέρ
741 1402 852 1462 άνθρωπον
862 1404 922 1462 λόγον
933 1407 964 1464 γε’-

177 1491 236 1531 γονεν
246 1473 360 1531 άφθαρτον.
391 1473 443 1530 Περὶ
453 1473 474 1515 δὲ
484 1476 520 1515 τοῦ
529 1471 666 1526 φαντάζεσθαί
674 1491 729 1523 τινας
739 1474 774 1515 καὶ
784 1474 846 1559 λέγειν
855 1474 887 1518 ότι
897 1473 963 1558 όίςπερ

178 1542 235 1598 ἐφἐ
228 1545 311 1586 ἕκαστον
329 1541 365 1586 τόν
382 1546 494 1599 προφητῶν
511 1542 616 1597 Ηέγενετο
629 1540 698 1598 λόγος,
713 1540 766 1585 ου’τω
779 1543 814 1585 καὶ
828 1543 861 1585 ἐπι
871 1543 907 1586 ενα
919 1541 964 1587 τινά

178 1610 310 1697 άνθρμιπον’
302 1629 323 1654 εκ
335 1613 420 1667 Μαρίας
431 1607 517 1664 ήλθεν
504 1627 515 1652 ο
526 1608 594 1666 λόγος,
616 1609 706 1667 περιττόν
716 1613 757 1654 ἐστι
766 1612 882 1667 γυμνάζειν,
902 1628 963 1665 φανε·

178 1680 216 1739 ράν
228 1679 310 1736 ἐχούσης
319 1697 355 1750 της
369 1678 411 1708 ¹²'
400 1681 471 1728 ανοίας
482 1677 550 1721 αότων
561 1676 598 1733 τήν
607 1676 738 1735 κατάγνωσιν.
768 1682 797 1722 Εἰ
808 1679 845 1737 γάρ
856 1679 921 1731 οὕτως
929 1675 962 1737 ήλ-

176 1756 214 1802 θε,
235 1748 298 1792 διατι
313 1743 372 1797 οὗτος
386 1749 409 1791 ἐκ
421 1749 537 1804 παρθένου,
557 1765 590 1790 και
603 1765 631 1802 μη
641 1765 676 1790 και
688 1766 750 1798 αυτος
761 1750 781 1799 εξ
798 1748 872 1806 άνδρός
884 1750 962 1806 καὶγυ-

176 1816 256 1869 ναικός;
277 1816 330 1861 οὕτω
341 1815 380 1874 γάρ
390 1817 425 1859 καὶ
437 1817 520 1865 ἕκαστος
531 1820 571 1858 τῶν
582 1813 644 1872 άγίων
656 1816 762 1872 ἐγεννήθη.
787 1816 817 1860 Ἢ
824 1816 858 1861 διά
868 1820 888 1860 τί
898 1817 963 1869 οίίτως

177 1886 274 1936 ἐλθόντος
289 1886 412 1941 τοῦλόγου,
434 1883 470 1939 οόχ
483 1882 494 1927 ό
505 1883 590 1927 ἑκάστου
602 1883 693 1935 θάνατος
707 1888 782 1941 λέγεται
798 1884 850 1942 άπὲρ
864 1884 922 1942 ήμῶν
932 1903 962 1944 γε·

176 1960 284 2013 γενήσθαι,
307 1952 347 1997 ἀλλ’
359 1951 371 1996 ό
381 1952 454 1996 τούτου
467 1952 538 2008 μόνος,
567 1951 608 1995 Διά
617 1955 636 1996 τί
647 1952 669 1995 δὲ
679 1952 726 1996 καθ’
736 1954 820 1998 ἕκαστον
831 1960 871 1998 τῶν
882 1972 962 2013 προφη-

175 2029 217 2068 τῶν
228 2026 375 2078 ἐπιδημοῦντος
389 2027 426 2065 τοῦ
442 2020 514 2077 λόγου,
534 2019 609 2077 λέγεται
623 2024 657 2065 ἐπὶ
668 2022 731 2076 μόνου
743 2028 780 2066 τοῦ
790 2026 811 2067 ἐκ
824 2026 918 2081 Μαρίας,
934 2021 963 2074 οἷς

176 2092 230 2144 άπαξ
245 2093 279 2136 ἐπὶ
290 2093 391 2150 συντελείᾳ
402 2095 442 2133 τῶν
452 2089 532 2133 αίάνων
547 2090 715 2146 ἐπιδημήσαντος,Ι
740 2089 771 2133 Ἢ
778 2090 812 2135 διά
823 2095 848 2146 τί,
860 2091 924 2143 οίίτως
933 2094 962 2136 ἐλ-

175 2161 252 2211 θόντος
264 2159 334 2213 αὐτοῦ,
345 2159 373 2209 τίς
383 2155 447 2214 ήλθεν
457 2160 530 2207 ἐντοῖς
542 2159 657 2214 ἔμπροσθεν
669 2157 740 2216 άγίοις,
749 2161 814 2216 οἱμὲν
826 2159 881 2205 όλλοι
890 2160 963 2212 πάντες

176 2228 318 2280 ἀποθανόντες
332 2228 390 2272 οίίπω
407 2227 528 2281 ἀνέστησαν,
549 2224 597 2269 ὅδὲ
615 2229 639 2270 ἐκ
648 2231 733 2285 Μαρίας
748 2227 810 2283 μόνος
829 2229 963 2289 13τριήμερος

176 2298 260 2353 άνέστη,
284 2296 313 2339 Ἢ
322 2297 356 2341 διά
367 2300 397 2349 τί,
418 2294 494 2351 ὁμοίως
507 2301 549 2345 τοῖς
566 2294 631 2347 άλλοις
647 2296 742 2347 ἐλθόντος
753 2302 790 2340 τοῦ
801 2296 873 2355 λόγου,
887 2300 962 2356 λέγεται

177 2364 262 2423 μόνοςό
278 2368 300 2410 ἐκ
315 2368 398 2424 Μαρίας
408 2362 549 2421 Ἐμμανουήλ,
570 2361 597 2414 τίς
612 2363 704 2421 στόματος
718 2368 875 2425 πεπληρωμένον
889 2370 961 2424 θεότη-

176 2454 221 2489 τος,
245 2436 312 2479 1ίκαί
329 2436 434 2490 τεχθέντος
452 2435 472 2485 ἐξ
490 2433 562 2488 αὐτῆς,-
595 2432 622 2476 Τό
640 2433 678 2492 γάρ
691 2435 821 2491 Ἐμμανουήλ
834 2437 962 2495 ἐρμηνεόεται

176 2503 234 2548 Μεθ’
242 2503 300 2560 ήμῶν
312 2502 389 2554 όθεός.
414 2502 444 2546 Ἣ
451 2501 485 2546 διά
494 2504 520 2554 τί,
535 2504 590 2558 είπερ
602 2500 667 2553 οίίτως
676 2499 745 2559 ήλθεν,
761 2507 864 2557 ἐσθίοντος
875 2504 960 2551 ἑκάστου

198 2622 215 2657 2.
229 2620 249 2657 ἐκ
260 2624 279 2656 Β.
580 2621 595 2651 ελ
606 2630 662 2664 ικοιρο
674 2624 699 2656 ed.
711 2625 767 2657 Ριλαυ.

199 2668 216 2703 3.
226 2667 257 2702 καὶ
267 2668 284 2702 οἱ
294 2668 313 2700 Β.
603 2665 620 2700 9.
631 2667 651 2703 τὸ
663 2671 738 2703 omissum
747 2671 764 2703 in
775 2671 799 2703 ed.
806 2670 862 2704 Ρελυν.
872 2672 927 2704 colon.
934 2680 960 2705 τι·

198 2712 453 2752 θώπάσαιςάιιλθιτοανίπΒ
541 2746 542 2749 ,
578 2716 610 2754 μοι,

198 2762 215 2794 5
228 2756 318 2799 ὁνὶὸςΒ
604 2759 631 2793 10
639 2760 898 2806 λααοένδυμαδὲγέγοιετοῦ
909 2761 959 2808 λόγου

539 2807 644 2862 αὒτηκι
648 2809 699 2850 οΒ.,
717 2811 731 2842 τι
748 2810 802 2842 ταινία
819 2809 860 2851 Opp.
876 2810 960 2844 Athanasii

175 2909 195 2933 το
203 2909 220 2932 ιιι
229 2901 264 2932 cod
270 2900 301 2933 λιιι
313 2907 398 2939 τοκεμιτνο
409 2901 432 2930 es
441 2906 500 2929 rasura
510 2906 556 2938 ηυιτι
603 2902 629 2933 11.
641 2899 715 2944 ἐγίνετο,
728 2911 774 2935 ουτω
785 2899 845 2935 καὶΒ

175 2945 247 2999 quesere
258 2947 352 2985 literarum,
369 2945 411 2985 ηαοα
427 2945 498 2984 spatium
509 2944 557 2977 etiam
603 2945 629 2979 λλ.
642 2946 732 3001 μανίαςΒ.

175 2993 193 3024 in
204 2992 228 3024 ed.
235 2993 287 3032 μτίκο.
299 3000 368 3023 vacuum
378 2992 450 3023 relictum
462 2990 812 3037 ια.13.τριημεροςοκυαιω
823 2997 861 3028 εει
855 3006 872 3030 τυ
880 2997 918 3029 edit.
927 2997 959 3030 Pe-

199 3038 216 3071 8.
224 3035 310 3072 ἐσκόταοε
320 3037 354 3068 cod.
365 3037 397 3069 len.
409 3036 431 3080 (et
441 3036 475 3068 cod.
482 3036 557 3078 Βλεάλρ.)
579 3040 611 3070 λου.

177 3080 258 3119 ἐσκίτασε
270 3084 300 3130 λλ)
312 3084 347 3116 ινα,
357 3083 423 3124 Βλεσίμ.
447 3079 527 3116 §axenos
537 3084 555 3116 Β.
603 3082 629 3119 λλ.
641 3084 671 3121 καὶ
682 3096 712 3119 om.
725 3087 744 3120 Β.
