1988 3392
134 207 175 250 188
367 225 370 228 »
421 216 627 253 οιαοτιιιιιαιιοαιι

135 295 201 344 ἐλέους
215 298 267 337 θεοῦ
280 294 382 350 δεόμενοι,
401 293 452 349 ῦπέρ
465 295 487 337 δὲ
497 296 592 345 δικαίων,
612 295 759 349 καλπατέρων,
779 295 918 353 καλπατριαρ-

134 367 186 416 γοῦν,
207 367 319 419 προφητῶν
333 364 368 406 καί
382 360 508 415 άτιοστόλων,
530 365 565 406 καί
579 361 732 420 εύαγγελιστοῖν,
753 363 787 406 καί
803 362 918 421 μαρτύρων,

133 431 167 472 καὶ
181 428 320 488 άμολογητῦν,
336 429 452 474 ἐπισκόπων
461 446 482 474 τε
491 432 525 474 καὶ
537 430 678 487 άναχωρητιῦν,
692 432 726 474 καὶ
739 429 815 481 παντδς
824 436 861 474 τοῦ
871 430 919 490 τάγ·

134 515 208 552 ματος,
228 501 262 543 ἵνα
274 498 309 543 τδν
318 497 389 555 κύριον
397 498 478 554 Ἰησοῦν
491 498 580 555 Χριστδν
590 499 719 556 άφορίσωμεν
729 498 770 544 ἆπδ
783 504 819 555 τῆς
832 504 873 544 τῶν
883 501 917 545 άν-

133 565 226 623 θροίπων
237 567 321 620 τάξεως,
340 566 419 621 διαίτης
430 566 482 623 πρδς
495 566 558 611 αῦτδν
569 573 637 622 τιμῆς,
657 569 691 610 καί
703 569 762 623 σέβας
772 566 827 627 αύτῷ
837 567 918 613 οἰποδῦ-

134 652 181 689 μεν,
203 637 224 679 έν
236 637 303 695 ἐννοίμ
314 633 369 687 ύντες
381 635 412 680 ὅτι
422 636 461 679 οὐκ
473 638 526 680 ἐστιν
541 635 668 692 ἐξισούμενος
679 635 772 693 δκύριύς
782 654 821 682 τινι
832 642 873 681 ταῖν
885 636 918 681 άν-

134 704 236 763 θροίπων,
257 703 330 750 κέντε
343 709 405 761 μυρία
421 706 456 748 καί
470 706 563 750 ἐπέκεινα
579 707 600 750 έν
612 705 731 767 δικαιοσύνῃ
745 703 825 767 ύπάρχη
836 708 919 761 ἕκαστος

136 773 257 832 α’νθροίπων.
288 779 338 826 Πῶς
348 775 386 833 γάρ
397 772 442 820 οἷόν
454 792 474 819 τε
485 778 516 832 εἴη
529 771 599 830 τοῦτο,
613 774 636 820 Ὁ
647 777 683 832 μέν
692 777 731 834 γάρ
742 777 783 820 ἔστι
796 776 855 831 θεδς,
876 775 919 823 ὅδὲ

135 844 254 903 ἅνθρωπος,
275 846 309 889 καί
324 843 381 901 δμέν
393 846 414 889 ἐν
428 843 518 906 ούρανῷ,
539 844 585 890 δδέ
594 847 628 890 ἐπὶ
638 851 674 901 τῆς
688 851 737 903 γῆς,
757 844 792 890 διά
801 845 826 891 τά
838 848 871 891 ἐπί
882 852 920 905 γῆς

134 918 230 969 λείψανα,
250 913 312 970 πάρεξ
327 920 368 960 τῶν
384 912 512 960 ἀναστάντων
523 918 558 960 καί
570 915 737 967 συνειςελθιίντων
748 918 769 961 ἐν
780 921 807 977 τῷ
817 920 920 972 νυμφοῑνι,

135 983 163 1035 ῦς
174 999 224 1039 φησι
236 983 258 1028 τά
270 983 329 1041 άγιον
340 983 462 1043 εὐαγγέλιον,
480 984 548 1030 Πολλοί
557 987 579 1030 δέ
589 984 671 1040 σοίματα
679 990 720 1028 τῶν
729 984 792 1044 άγίων
802 984 919 1041 ύνέστησαν,

134 1054 169 1097 καί
187 1058 318 1107 σονειςήλθον
333 1053 388 1114 αύτῷ
404 1056 432 1105 τίς
448 1053 485 1109 τήν
499 1053 558 1112 άγίαν
573 1054 637 1098 πάλιν.
673 1052 741 1111 Ἁγίαν
756 1055 778 1097 δέ
795 1053 853 1098 πόλιν
868 1055 920 1111 λέγει

135 1124 196 1166 ποίαν
212 1121 298 1177 ταύτην,·
318 1128 429 1180 πληροῦται
443 1123 481 1180 γάρ
497 1122 539 1166 κατ’
553 1123 631 1178 ιἰμφοῖν
643 1120 655 1166 ά
665 1123 724 1180 λόγος
734 1125 763 1174 είς
773 1122 809 1178 τήν
823 1124 919 1177 ἐνταῦθα,

135 1193 169 1235 καί
180 1193 209 1242 εἷς
220 1191 257 1246 τήν
268 1190 315 1235 ῦνω.
340 1192 386 1235 Ὅτι
397 1192 432 1246 μέν
441 1191 479 1248 γάρ
491 1194 520 1243 είς
532 1192 569 1246 τήν
582 1194 672 1235 ἐνταῦθα
682 1190 809 1247 Ἰερουσαλήμ
821 1196 921 1248 σννειςήλ-

135 1266 177 1303 θον
186 1259 241 1319 αύτῷ
251 1265 342 1317 πρῶτον,
357 1266 415 1304 τοῦτο
426 1263 492 1316 δῆλον.
523 1260 590 1318 Πρινή
602 1261 624 1304 δέ
633 1266 671 1304 τοῦ
682 1261 783 1316 ἀναβῆναι
793 1259 828 1304 τδν
840 1266 921 1316 σωτῆρα

76 1378 78 1381 ⁴
135 1330 163 1379 εἰς
172 1327 208 1371 τδν
218 1327 316 1384 οῦρανδν,
332 1327 417 1379 θοῦδείς
426 1329 551 1385 ἀναβέβηκεν
560 1331 598 1381 ἕως
610 1329 642 1373 ὅτε
652 1328 706 1387 αύτῷ
715 1333 849 1383 συνανήλθον.
881 1328 921 1372 Ου’·

48 1691 84 1720 μσς.
90 1682 122 1713 912.

42 1809 88 1854 Κεφ.
96 1808 119 1853 η’.

135 1398 176 1446 δείς
185 1395 224 1453 γάρ
236 1396 361 1453 οἷναβέβηκεν
377 1399 405 1447 είς
419 1396 455 1441 τάν
469 1396 567 1454 οῦρανδν,
588 1399 606 1440 εί
616 1396 644 1451 μή
655 1396 667 1440 ὁ
677 1399 699 1441 ἐκ
710 1403 747 1441 τοῦ
760 1397 849 1453 ούρανοῦ
859 1415 920 1440 κατα-

135 1464 184 1519 βάς,
208 1463 221 1507 δ
232 1463 278 1515 υίός
288 1470 326 1508 τοῦ
337 1464 455 1521 οίνθράπου.
481 1465 541 1508 Ἀλλά
555 1464 689 1521 περὶτούτων
702 1466 762 1522 ἐντῷ
775 1465 921 1524 τύπιμγενιίμε-

135 1549 167 1575 νοι
182 1531 218 1582 τάς
230 1533 267 1575 δύο
279 1534 340 1583 λέξεις
355 1531 490 1587 ῦπεδείξαμεν.
520 1535 549 1575 Et
557 1534 580 1576 δέ
590 1550 621 1583 τις
633 1534 675 1588 ἐρεῖ
684 1532 725 1585 ὅτι,
741 1527 794 1588 Ἆρα
802 1535 831 1582 είς
842 1531 879 1586 τήν
887 1531 921 1575 Ἱε-

136 1599 238 1655 ρουσαλήμ
251 1602 354 1654 είςήλθονς
374 1602 456 1654 μαθέτω
472 1600 504 1643 ῦτι
515 1602 536 1644 έν
547 1602 612 1659 ἐκείνη
628 1606 653 1659 τῇ
668 1598 733 1659 ήμέρμ
748 1604 789 1643 τῶν
805 1604 878 1655 θυρῶν
890 1616 920 1643 κε-

135 1669 254 1722 κλεισμένων
269 1669 356 1723 παρέστη
366 1666 379 1711 δ
388 1667 459 1724 κύριος
469 1670 521 1711 ἔνθα
536 1663 588 1723 ήσαν
599 1670 621 1711 οἱ
630 1670 721 1723 μαθηταὶ
732 1669 863 1724 συνηγμένοι,
885 1670 921 1712 καί

136 1750 186 1792 φησι
199 1736 280 1789 αὐτοῖς,
295 1736 374 1792 Εἰρήνη
389 1734 442 1791 ύμῖν.

195 1804 247 1847 Εἶτα
264 1805 287 1848 δέ
304 1806 350 1862 περί
366 1804 445 1850 τούτου,
457 1800 520 1856 αὖθις
539 1805 664 1861 ἐπιλήψομαι
681 1810 716 1860 τῆς
732 1805 869 1857 ἀκολουθίας,
890 1803 921 1849 ὅτι

135 1873 249 1932 ἀναγκαίως
258 1872 273 1929 ή
283 1876 376 1928 ἐκκλησία
386 1878 446 1918 τοῦτο
458 1876 551 1927 ἐπιτελεῖ,
571 1873 684 1932 παράδοσιν
694 1876 784 1931 λαβοῦσα
794 1871 850 1931 παρά
863 1875 922 1918 κατέ·

136 1963 182 2001 ρων.
216 1947 251 1995 Τίς
261 1944 283 1989 δὲ
295 1944 402 2000 δυνήσεται
416 1943 506 1999 1θεσμδν
517 1943 592 2001 μητρδς
605 1943 721 1998 καταλύειν,
736 1943 824 2000 ήνύμον
835 1941 921 2000 πατράςς

136 2012 164 2066 τίς
174 2013 199 2058 τά
209 2012 265 2071 παρά
275 2019 303 2074 τῷ
313 2018 430 2070 Σολομῶντι
446 2015 551 2070 εἰρημένα,
564 2013 640 2058 ’Ἁκουε
654 2014 686 2058 υἱέ
698 2013 771 2072 λόγους
786 2012 863 2071 πατρός
877 2028 922 2067 σου,

135 2086 170 2129 καὶ
180 2083 208 2140 μή
217 2083 289 2143 άποίση
300 2082 390 2140 θεσμούς
402 2084 477 2142 μητρός
487 2099 534 2128 σου·
549 2086 614 2136 δείξας
624 2083 656 2128 ὅτι
666 2082 773 2141 ἐγγράφως
783 2101 804 2127 τε
814 2083 849 2126 καὶ
860 2082 923 2141 οἰγρά-

135 2172 180 2208 φως
191 2157 295 2198 ἐδίδασκεν
306 2152 318 2197 o‘
328 2152 405 2209 πατήρ,
426 2154 527 2197 τουτέστιν
538 2151 610 2203 ὄθεδς
621 2151 633 2197 δ
643 2152 762 2209 μονογενής,
782 2153 817 2196 καλ
831 2151 854 2195 κδ
865 2151 923 2208 ἅγιον

135 2230 225 2279 πνεῦμα,
240 2222 254 2279 ή
265 2224 286 2267 δὲ
297 2221 361 2278 μήτηρ
371 2221 429 2278 ήμῶν
440 2221 454 2277 ή
465 2224 560 2277 ἐκκλησία
571 2220 609 2278 εἶχε
618 2220 708 2277 θεσμοῦς
719 2224 741 2266 ἐν
749 2220 800 2281 αῦτή
811 2221 922 2275 κειμένους,

136 2292 233 2345 ἀλύτους,
248 2291 276 2347 μή
288 2292 412 2346 δυναμένους
422 2296 565 2346 καταλυθῆναι.
597 2292 727 2348 Τεταγμένων
737 2292 806 2333 τοίνυν
815 2295 855 2333 τῶν
866 2292 888 2334 ἐν
897 2287 924 2351 τή

137 2365 231 2421 έκκλησίμ
241 2365 335 2414 θεσμῶν,
355 2362 390 2403 καὶ
403 2359 574 2415 καλοῖςέχύντων,
596 2361 630 2403 καὶ
640 2364 680 2403 τῶν
691 2358 771 2403 πάντων
783 2362 923 2413 2θαυμασίως

136 2431 256 2489 γινομένων,
272 2428 371 2483 ἐλήλεκται
381 2428 441 2472 πάλιν
451 2430 485 2472 καί
497 2424 557 2479 οὗτος
565 2427 578 2472 ά
587 2428 669 2479 πλάνος.
701 2429 742 2471 Καὶ
754 2432 826 2472 τοῦτον
838 2429 860 2473 δέ
872 2447 922 2485 παρ-

137 2499 231 2549 ελθόντες
241 2498 306 2554 ῦςπερ
318 2497 428 2553 κάνθαρον,
438 2497 452 2552 ἢ
462 2500 585 2553 κανθαρίδα,
597 2495 656 2551 ήτιίν
666 2495 789 2551 καλούμενον
800 2498 923 2554 βούπρηστιν

137 2569 241 2611 κνιύδαλον
255 2566 416 2617 καταθλάσαντες
426 2571 453 2625 τῷ
466 2568 622 2624 έκκλησιαστικῷ
639 2564 787 2620 3έδραιοίμοιτι,
808 2564 843 2610 καί
852 2572 877 2626 τῇ
886 2570 923 2610 τοῦ

136 2641 189 2680 θεοῦ
201 2634 296 2691 δυνάμει,
312 2636 345 2679 ἐπὶ
359 2634 394 2686 τάς
405 2636 450 2689 έξής
464 2633 524 2677 πάλιν
538 2636 610 2689 ίωμεν,
631 2633 666 2679 τδν
681 2633 730 2678 θεδν
741 2633 821 2690 βοηθιίν
836 2636 923 2679 4έπικα-

136 2704 236 2760 λούμενοι.

159 2834 176 2867 5.
188 2835 217 2867 Ed.
230 2835 284 2866 Ριλου.
299 2833 352 2865 ΰοίοκ.
362 2836 410 2873 νομοί,
422 2834 477 2866 vitiose
484 2835 520 2873 μοελ
565 2831 581 2864 3.
593 2830 699 2877 ἐδραιοίμιιτι
714 2834 739 2866 εδ.
749 2834 803 2874 ’μολπά
826 2830 924 2877 ἒδρειέμιιτι

137 2876 195 2918 οῦδελς
206 2881 261 2911 inserit
273 2875 312 2922 γὰρ.
529 2897 531 2900 -
542 2879 588 2911 codd.
599 2889 637 2911 mss.

131 2933 134 2937 ’
161 2925 200 2957 (λιν.
211 2925 255 2956 Vffl.
268 2942 290 2948 —
305 2925 318 2955 Ι.
331 2920 395 2966 δεσμόι
406 2925 440 2955 τοῦ.
454 2925 520 2964 Rhodia.
566 2922 583 2955 4.
594 2925 611 2957 ίκ
627 2925 661 2956 cml.
675 2926 705 2957 ίειι.
719 2926 755 2965 μυσί
766 2920 893 2967 ἐπικαλούμενοι
903 2926 924 2957 λι·-

160 2971 176 3003 ’λ
189 2968 290 3013 θαυμασίων
302 2969 327 3002 ed.
340 2970 394 3001 Petav.
406 2971 467 3001 vitiose.
543 2977 574 3000 κτα
585 2979 616 3001 non
627 2971 715 3010 interrupta
726 2972 811 3008 sequuntur
820 2970 859 3002 λαεο
870 2971 924 3010 οιτον,
