1988 3392
238 244 332 279 raunuu
343 228 386 277 utu}
395 246 425 278 ut.
436 245 491 279 nont.
501 246 523 278 u.
535 244 602 277 naua.
612 242 709 276 annau.
824 230 866 272 toa

83 326 163 376 diendo,
180 325 249 381 partim
260 340 305 368 sese
316 324 446 378 subiicienda,
462 326 515 367 velut
524 325 599 367 bonore
610 323 789 381 prosequebantur.
811 319 866 362 Ecce

83 396 118 438 tibi
131 393 199 436 ludaei
210 393 246 447 illi,
263 394 296 450 qui
308 401 328 436 et
340 393 414 435 domiui
424 395 529 435 adventum
541 394 680 450 expectabant,
698 399 717 432 et
729 392 752 432 ad
764 390 867 446 excipien-

84 466 129 507 dum
139 477 233 519 sponsum
243 477 288 505 sese
300 462 447 518 comparabant,
464 462 496 518 qui
507 463 612 519 propbetas
624 462 692 504 videre
704 460 816 517 cupiebant,
833 458 866 515 qui

83 531 155 575 divinis
167 530 250 574 vocibus
260 532 431 587 obtemperaturos
440 545 463 575 se
473 546 518 573 esse
528 532 677 587 profitebantur,
692 531 725 585 qui
737 545 781 572 eum
792 528 867 585 Moyse

84 601 194 659 pactionem
213 599 309 641 eiusmodi
325 601 425 651 fecerant,
446 603 494 640 Esto
511 602 565 640 nobb
576 604 596 640 in
610 603 700 654 hasprae
715 608 761 640 sunt
771 601 824 652 aprtd
832 601 866 638 do·
875 611 971 647 nautam.

84 674 166 718 minem,
186 669 247 720 item,
270 672 347 718 Omana,
368 683 496 723 quaecumque
512 672 584 709 dixerit
601 671 637 709 tibi
650 672 748 718 domitans,
769 671 867 708 audiemus

85 748 105 781 et
115 741 221 793 foetemus,
237 739 279 791 illi,
301 738 392 793 iuquam,
414 752 457 779 cum
474 744 598 793 praesentem
616 737 714 779 dominum
732 739 866 786 intuerentur,

84 807 175 849 veritatis
188 821 297 863 expressas
310 806 388 863 species
399 821 422 847 ac
433 814 490 847 notas
503 807 626 860 ignorantes,
643 821 690 861 quas
701 807 818 862 prophetae,
835 804 868 859 qui

85 877 138 919 illum
149 882 312 927 antecesserunt,
334 875 475 926 describendo,
499 875 628 925 delineando,
649 876 770 927 nuntiando,
793 873 868 929 signiti-

85 945 187 999 candoque
200 944 382 1000 praescripserant,
400 943 482 998 primum
497 943 546 984 baec
556 943 576 984 in
590 943 643 983 illum
656 943 758 995 iecerunt⁷
780 946 826 995 Quas
838 949 934 990 estunam,
942 948 966 976 21.

85 1017 127 1064 dic,
150 1015 428 1066 qciloquz‘tcrtlnsptemtas2
450 1011 500 1053 alias
515 1025 577 1062 vero,
591 1015 721 1052 Daemonium
734 1011 867 1052 brrbereillum
886 1017 944 1047 aratra

85 1082 209 1138 impudenter
221 1095 244 1122 ac
256 1083 366 1137 praefracta
380 1082 463 1136 quadani
479 1080 561 1121 andacia
574 1081 680 1120 iactarunt.
712 1078 753 1122 Sed
766 1094 803 1120 nec
815 1079 869 1135 ipsos
877 1054 946 1120 lizinii
951 1086 974 1114 no.

86 1149 233 1193 Samaritanum
246 1151 330 1191 eundem
343 1149 442 1205 appellare
456 1163 480 1204 pu
483 1149 531 1190 duit.
562 1147 668 1189 Postremo
680 1156 702 1189 ut
714 1149 768 1201 dini
784 1149 813 1189 sic
827 1156 870 1188 tan-
901 1122 948 1150 ΜΒ

86 1234 144 1275 qoam
155 1218 217 1259 rabidi
230 1232 290 1259 canes
300 1219 320 1260 in
332 1232 376 1259 eum
388 1218 513 1269 insiliernnt,
535 1232 559 1259 ao
573 1231 641 1258 rnanus
653 1218 769 1270 affixerunt,
786 1218 805 1258 id
818 1217 870 1272 quod

85 1286 156 1328 luriosi
165 1300 225 1327 canes
238 1287 328 1328 factitare
339 1288 417 1337 solent,
433 1286 465 1341 qui
478 1286 600 1327 dominorum
613 1300 693 1326 suorum
707 1301 777 1327 marrus
791 1301 814 1327 ac
826 1286 870 1326 vul-

85 1363 117 1397 tus
134 1355 259 1396 incurrentes
276 1355 351 1397 laniare
371 1355 419 1396 nibil
434 1362 541 1407 verentur,
565 1355 594 1396 sic
610 1355 637 1396 illi
654 1354 754 1396 dominum
766 1356 790 1395 ad
804 1354 869 1396 crucis

86 1424 201 1480 supplicium
217 1423 352 1476 tradiderunt,
374 1424 480 1479 propbetas
493 1423 581 1464 eiusdem
595 1424 714 1464 domesticos
726 1425 796 1480 partim
812 1436 869 1465 serra
884 1440 933 1469 ueni.
942 1439 965 1468 u.

87 1499 246 1544 consecucrunt,
268 1493 338 1548 partim
351 1492 448 1548 lapidibus
460 1492 579 1544 obruerunt,
600 1491 671 1548 partim
686 1492 752 1547 gladio
763 1493 870 1533 interfece-

86 1569 140 1603 runt.
171 1559 284 1603 Secundum
297 1561 342 1602 illos
357 1575 407 1602 vero
424 1560 505 1616 perinde
517 1567 537 1601 et
550 1560 607 1601 bodie
624 1561 670 1601 novi
680 1561 708 1602 illi
722 1559 789 1602 ludaei
800 1561 870 1602 iisdem

86 1630 172 1672 invicem
188 1629 285 1670 institutis
294 1643 317 1670 ac
329 1628 431 1684 disciplina
445 1629 531 1680 formati,
546 1630 573 1669 uti
585 1630 627 1670 veri
638 1630 665 1670 illi
677 1628 754 1680 ludaei,
771 1629 871 1670 dominum

35 1722 37 1724 ·
88 1713 131 1739 cum
144 1712 204 1739 carne
221 1704 346 1752 praesentem
363 1698 498 1751 abnegarunt,
520 1697 548 1737 ita
564 1697 601 1752 ipsi
615 1697 649 1738 lilii
665 1699 695 1739 dei
708 1699 815 1754 perfectam
827 1712 871 1737 cum

87 1774 143 1824 patre
160 1766 312 1822 germanitatem
330 1766 455 1816 inficiantes,
479 1773 590 1806 creaturam
606 1780 651 1807 esse
662 1766 716 1807 illum
731 1774 751 1808 et
764 1765 871 1822 opificium,

89 1843 108 1877 et
119 1850 130 1876 a
142 1843 198 1892 patre
210 1835 289 1890 penitus
299 1834 385 1875 alienum
396 1834 467 1874 furiosi
477 1847 500 1873 ac
513 1834 610 1875 vecordes
623 1835 729 1876 identidem
740 1836 845 1876 affirmant.

147 1903 188 1945 Alii
207 1919 266 1960 porro
284 1903 428 1945 contumeliosa
446 1902 480 1942 illa
497 1902 517 1942 in
537 1904 594 1943 deum
613 1903 704 1958 dogmata
727 1904 871 1958 relinquentes,
890 1911 933 1956 Gap.
944 1911 966 1944 v.

89 1972 145 2028 quasi
156 1972 242 2014 divinam
252 1972 315 2028 ipsam
326 1971 347 2012 in
359 1970 415 2011 coelo
427 1976 529 2021 naturam,
547 1977 568 2011 ut
579 1970 605 2012 ita
616 1971 691 2022 dicam,
709 1972 812 2027 aliquando
825 1984 873 2011 cou-

89 2041 176 2096 templati
188 2041 273 2091 fuerint,
291 2047 311 2080 et
322 2039 380 2080 altius
390 2038 410 2078 in
422 2051 495 2078 arcana
506 2037 539 2078 illa
554 2052 577 2078 ac
591 2039 685 2079 coelestia
699 2040 832 2093 penetrarint,
849 2053 873 2079 ac

89 2109 194 2164 diligenter
204 2103 361 2164 introspexeriut
373 2109 405 2158 (ut
416 2119 427 2145 e
440 2105 496 2146 coelo
509 2112 565 2161 putes
578 2120 623 2147 esse
636 2107 736 2162 delapsos)
753 2114 873 2162 arroganter

89 2178 135 2218 illud
152 2176 280 2233 praedicant,
301 2190 323 2217 ac
335 2176 464 2216 vehementer
482 2174 591 2225 affirmant,
613 2175 702 2230 spiritum
719 2183 809 2218 sanctum
820 2190 831 2216 a
843 2176 872 2216 di-

89 2246 177 2289 vinitatis
194 2246 333 2288 communione
348 2242 488 2300 separandum.
521 2240 621 2298 Quicum
640 2258 703 2301 neque
722 2252 797 2302 patrem
813 2245 873 2287 abue-

89 2323 149 2371 μοι,
170 2330 207 2357 nec
219 2315 243 2357 ab
260 2328 355 2370 germana
369 2327 413 2354 cunr
430 2312 464 2353 illo
478 2313 617 2354 coniunctione
631 2314 690 2354 lilium
703 2315 827 2367 abiudiceut,
849 2315 874 2356 ad

89 2384 142 2426 aliud
152 2384 197 2426 viae
210 2383 346 2425 diverticulum
359 2382 473 2431 dcllectunt,
489 2387 511 2422 ut
522 2381 603 2422 omnino
615 2383 687 2424 dictum
700 2383 747 2426 illud
760 2384 873 2441 impleatur,

89 2457 150 2495 Periit
160 2456 213 2509 fides
230 2469 254 2495 ee
267 2468 301 2493 ore
312 2456 403 2506 z'psornm.
435 2448 488 2504 Quid
501 2450 552 2490 enim
564 2451 616 2491 aliud
630 2452 716 2505 faciunt,
738 2453 776 2495 nisi
792 2454 874 2509 perinde
881 2465 972 2500 uternens-

90 2536 113 2565 ac
125 2524 141 2565 si
153 2523 174 2566 in
185 2522 274 2580 spiritum
286 2529 377 2564 sanctum
388 2521 418 2562 ius
433 2533 457 2561 ac
470 2526 588 2575 potestatem
602 2520 697 2563 baberent
714 2523 757 2578 (qui
771 2523 848 2579 quidem
863 2536 874 2563 a

90 2686 272 2741 sintnttttamttpof‘
294 2687 354 2727 Aliter,
373 2695 470 2727 quamnquam
493 2693 573 2726 personas
589 2694 699 2727 propriorum
709 2689 743 2718 cet
766 2687 806 2718 utini
820 2687 876 2719 vicen-

90 2735 143 2766 minns
158 2735 172 2774 Δ
165 2735 206 2766 lter
204 2742 235 2773 er
251 2733 316 2773 corri9it
331 2733 373 2764 tn
386 2733 470 2764 cotelerius
492 2731 740 2790 turlransponenrtcbueciha
752 2734 876 2788 etcorrz'pendo,

90 2780 132 2811 Eccl.
150 2782 177 2811 Gr.
195 2756 263 2833 dlonitnp.
278 2781 315 2810 tom
327 2778 362 2817 nt,
377 2787 416 2818 ρας.
424 2776 470 2817 669,
493 2774 605 2832 πρρςέτσηξαν,
617 2776 839 2819 ανσκοιμασιντςιυτω
852 2775 876 2816 ὦς

90 2821 228 2866 scribeusoinaap
240 2821 297 2866 αὐτὸν,
310 2820 471 2867 τάςχεῖραςέπέρ·
494 2817 616 2877 delectatatio
628 2821 732 2864 portantem
744 2835 766 2867 oe
758 2821 875 2866 τὰτῆςμα-

91 2880 149 2921 peret,
162 2874 176 2903 et
186 2874 256 2911 uetans,
266 2869 309 2901 sicut
319 2880 385 2912 semper
397 2868 470 2900 furiosus
493 2864 558 2910 νίας)
550 2878 615 2901 ογυων
626 2878 729 2911 ταςχιρας
739 2869 769 2904 Ῑτ
761 2881 799 2914 ογ
792 2881 834 2908 ται
846 2868 876 2903 καὶ

92 2925 137 2947 canis
146 2915 249 2958 suspendens
261 2927 288 2954 se
306 2925 363 2947 manus
374 2913 440 2946 invadit
450 2925 471 2946 ac
493 2931 504 2937 -
516 2910 641 2958 -αἰσχύνεται,
654 2913 843 2958 καὶπαρέδωκανκτλ.

91 2960 146 2993 vultus
163 2965 196 2994 cett.
228 2963 314 2995 Carnarius
329 2962 409 2993 transtulit
403 2960 473 2992 tvelut
520 2958 589 2992 cina
596 2946 875 3005 -Δέπαγὲγλλουσιεοάὼίὴε

91 3006 153 3039 rabiosi
168 3019 217 3039 canes
232 3008 366 3046 insurrexerunt,
383 3012 400 3037 et
414 3017 472 3038 manus
496 3006 529 3046 di9.

91 3050 194 3092 iniecerunt,
207 3053 330 3097 ielntsemper
340 3052 432 3085 cumrabie
444 3064 471 3085 ca
517 3053 649 3085 astumatum
660 3056 699 3092 puto
715 3051 763 3086 Τί
752 3051 785 3109 γὰρ
800 3047 877 3092 littae&

91 3107 117 3129 ms
127 3109 204 3133 rmntios
216 3106 265 3136 antea
275 3099 351 3133 manibus
360 3098 436 3142 rumdu
454 3104 471 3131 et
494 3107 514 3132 το
525 3109 555 3135 aa
556 3109 592 3142 υμα
602 3108 622 3132 το
633 3109 687 3144 upton
699 3096 785 3135 totatuta
798 3111 830 3134 ουκ
840 3100 876 3137 aa)
