1988 3392
238 226 332 260 rnnnnn
343 226 387 260 nin.
395 227 424 260 nr.
436 226 493 261 ron.
502 227 515 260 r.
525 225 594 260 nana.
606 225 688 258 nxxrv.
818 216 860 259 167

71 304 103 361 qni
114 304 196 362 spiritns
208 307 287 364 proprie
299 306 420 348 nominatur.
451 307 489 349 Hic
500 306 534 348 ille
547 307 596 348 dens
606 304 628 346 iu
639 304 725 347 ecclesia
737 304 858 359 celebratur,

70 387 149 431 semper
159 382 227 431 pater,
249 388 328 431 semper
341 375 406 426 lilius,
428 389 507 432 semper
517 374 599 431 spiritus
612 381 706 425 sanetus,
730 374 824 416 excelsus
835 373 860 416 ab

70 443 163 496 excelso,
180 444 220 487 inno
230 443 366 496 celsissimus,
384 444 416 499 qui
431 444 550 500 intelligibili
565 443 640 500 gloria,
658 450 679 484 et
691 442 770 498 quidem
781 443 861 485 infinita

70 512 170 567 praeditus
183 522 226 565 est,
243 513 274 555 cui
286 520 353 554 creata
365 511 432 554 omnia
443 514 532 568 laetaque
541 520 588 554 sunt
600 510 682 553 omnino
693 510 792 563 subiecta,
809 525 860 567 qnae

69 580 147 634 quidern
164 588 219 623 certa
239 595 332 622 mensura
353 595 377 623 ac
395 579 579 636 circumscriptione
595 579 726 621 deliniuntur.
764 575 860 620 Ceterum

70 648 163 691 divinitas
174 663 213 690 uua
230 650 280 706 apud
293 647 380 706 Moysen
393 650 500 705 praecipue
516 649 653 705 praedicatur,
674 647 766 690 binarius
780 646 801 688 in
812 662 859 703 pro-

70 715 134 772 phetis
151 717 264 772 diligentius
280 719 392 768 nuntiatur,
414 717 492 759 trinitas
508 731 557 759 vero
574 717 595 758 in
610 716 722 773 evangeliis
738 716 858 768 ostenditur,

71 799 121 840 quae
134 799 171 842 per
182 793 270 843 tempora
282 786 462 842 generationesque
474 785 562 841 singulas
573 786 626 826 iusto
640 786 664 826 ad
676 784 779 826 scientiam
790 784 861 826 lidem-

70 867 108 908 que
126 854 209 910 amplius
227 854 353 896 conveniret.
384 853 415 895 Ea
432 869 492 910 porro
509 853 663 895 immortalitatis
677 852 761 894 scientia
778 867 805 895 ex
821 853 860 895 lide

2 962 3 965 ,
69 921 112 975 ipsa
124 922 156 962 rel
169 922 274 978 adoptione
286 922 383 964 nascitur.
414 920 455 963 Sed
472 922 554 977 primum
569 921 723 962 instilicationes
739 922 806 963 carnis
817 921 859 962 edi·

70 989 107 1041 cit,
123 991 179 1030 velut
188 991 255 1046 templi
266 991 363 1045 quoddam
375 991 466 1031 exterius
477 996 554 1045 septum
565 990 585 1031 in
596 987 670 1045 Moyse
682 989 787 1030 lacricans.
819 988 859 1031 Po·

69 1064 113 1099 stea
129 1071 177 1100 vero
193 1058 270 1100 animae
285 1058 438 1100 iustil'icaticnes
453 1057 547 1114 exponit,
569 1063 746 1113 tanquamsancta
763 1059 858 1112 quaedam

69 1127 119 1182 apud
136 1132 215 1168 ceteros
234 1127 340 1183 propbetas
359 1140 469 1168 exornans.
506 1125 579 1168 Tertio
599 1126 684 1182 deniqne
704 1126 859 1168 iustificationes

70 1194 164 1250 spiritus,
188 1196 244 1249 quasi
264 1194 434 1251 propitiatorium,
458 1203 478 1236 et
493 1201 563 1236 sancta
578 1201 693 1236 sauctorum
712 1195 732 1236 in
749 1194 859 1250 evangeliis

70 1263 94 1304 ad
107 1263 138 1304 sni
148 1262 267 1304 domicilium
280 1262 391 1305 instruens.
422 1263 451 1305 At
462 1261 526 1304 sancti
542 1262 665 1304 tabernaculi
681 1264 738 1313 loco,
755 1262 859 1318 sanctique

69 1331 146 1387 populi,
163 1331 235 1373 iustum
249 1332 308 1373 babet
322 1346 394 1382 unum,
411 1332 444 1386 qui
458 1331 478 1383 in
490 1331 534 1372 istis
547 1337 648 1372 versatur.
680 1333 701 1372 ln
711 1331 743 1372 bis
758 1345 859 1373 veronna

69 1399 133 1440 deitas
144 1399 220 1440 babitat
231 1400 357 1455 incorrupta,
374 1413 413 1448 una
425 1399 502 1449 deitas,
523 1413 574 1454 quae
584 1400 706 1454 cogitatione
715 1399 792 1455 concipi
804 1414 858 1440 com-

70 1467 191 1522 prehendive
213 1468 246 1508 vel
267 1467 376 1522 explicari,
401 1474 434 1507 aut
454 1467 518 1508 videri
542 1481 581 1507 non
601 1474 678 1523 potest,
699 1480 751 1521 quiae
771 1467 857 1522 seipsam

69 1536 112 1577 sola
124 1535 240 1590 cognoscit,
257 1542 277 1577 et
288 1534 358 1591 quibus
371 1535 458 1576 voluerit
469 1535 571 1591 patefacit.
601 1533 677 1576 Eadem
689 1542 751 1576 testes
762 1548 810 1577 suos
822 1549 859 1577 ex-

70 1602 130 1655 citat,
146 1610 218 1654 vocat,
235 1610 281 1645 ante
292 1604 390 1654 destinat,
407 1603 465 1644 allicit
475 1603 550 1657 gloria,
567 1604 591 1644 ab
604 1603 675 1645 inl'eris
687 1603 766 1654 erebit,
783 1604 858 1645 sancti-

70 1669 129 1723 licat,
152 1678 171 1712 et
184 1672 207 1713 ad
218 1671 302 1727 gloriani
316 1672 415 1726 iidemque
425 1684 481 1712 suani
493 1671 531 1711 tria
543 1670 592 1713 haec
602 1670 623 1712 in
636 1686 696 1713 unnm
708 1671 762 1727 cogit
774 1685 798 1714 ac
810 1686 859 1713 eon-

69 1740 144 1792 sociat,
160 1739 267 1791 coelestia,
285 1747 377 1791 terrena,
399 1738 543 1790 subterranea,
564 1740 668 1795 spiritum,
685 1740 858 1795 aninian1,atque

68 1821 161 1862 carnem,
178 1807 251 1861 tidem,
267 1821 335 1864 spem,
351 1808 467 1850 caritatem:
487 1808 607 1864 praeterita,
629 1808 755 1866 praesentia,
778 1809 856 1850 lutura:

69 1878 169 1919 saeculum
181 1878 266 1929 sacculi,
283 1878 363 1919 saecula
376 1877 509 1929 saeculorum,
526 1878 608 1921 sabbata
620 1878 756 1929 sabbatorum,
773 1879 858 1921 circum·

70 1945 166 1987 cisionem
182 1945 260 1998 earnis,
277 1945 448 1986 circumcisionem
462 1946 541 1995 cordis,
564 1947 736 1988 circumcisionem
750 1944 827 1988 Clrristi
837 1950 857 1987 in
867 1954 924 1993 cota,
933 1956 955 1986 11.

69 2016 206 2068 exspoliatione
219 2029 306 2068 corpores
317 2021 447 2068 pcccatorum.
479 2011 572 2068 Denique
587 2014 704 2072 sibimetipsi
717 2016 812 2057 universa
825 2029 858 2056 re-

69 2091 151 2139 purgat,
169 2089 206 2123 tani
218 2097 268 2138 quae
280 2082 343 2123 videri
357 2089 458 2136 nequeunt
469 2096 526 2136 quam
540 2097 590 2138 quae
602 2084 731 2138 aspectabilia
744 2092 791 2125 sunt
802 2084 856 2124 thro·

69 2166 120 2204 nos,
137 2150 295 2203 dominationes,
313 2150 446 2208 principatuS,
463 2157 585 2207 potestates,
602 2153 695 2195 virtutes.
727 2154 748 2194 ln
764 2153 856 2194 omninibus

69 2235 118 2263 vero
128 2220 305 2278 eademsapicntia
317 2228 337 2262 et
346 2228 414 2262 sancta
427 2235 467 2262 vox
481 2235 491 2261 a
502 2221 565 2274 gloria
576 2222 689 2278 ingloriam
700 2225 794 2272 Sanctus,
810 2237 855 2263 sun·
863 2229 900 2261 tui.
908 2231 944 2268 n&

68 2298 122 2341 ctus,
144 2298 223 2332 sanctus
234 2291 361 2343 exclamans,
383 2297 493 2346 acpatrem
507 2290 526 2331 in
539 2291 593 2343 lilio,
615 2291 676 2334 lilium
690 2292 710 2334 in
721 2299 789 2349 patre,
811 2307 856 2334 cum

69 2360 139 2416 spiritu
153 2367 223 2402 sancto
234 2359 363 2417 praedicans,
379 2359 410 2400 eui
422 2359 486 2415 gloria
498 2366 518 2400 et
528 2359 631 2417 imperium
643 2362 754 2404 insaecula
766 2362 856 2404 saeculo-

68 2442 124 2481 runt,
140 2428 214 2471 Anien.
246 2428 273 2471 Et
288 2428 341 2470 dicet
355 2427 388 2484 qui
402 2427 431 2469 ita
445 2427 520 2480 credit,
536 2426 594 2481 Fiat,
610 2430 654 2472 liat.

309 2508 432 2542 HACTENUS
442 2508 476 2541 EX
484 2509 613 2544 ANGORATO.

127 2622 183 2666 llaec
194 2630 253 2676 sunt,
270 2635 321 2679 quae
334 2623 358 2665 de
370 2622 408 2665 lide
420 2622 482 2678 patris
496 2637 520 2666 ac
535 2624 569 2666 lilii
583 2632 603 2666 et
614 2624 696 2682 spiritus
707 2626 770 2668 sancti
782 2627 857 2685 scripta
869 2624 951 2672 capxt.

91 2750 119 2784 20.
133 2749 165 2794 μία
174 2747 238 2794 Seii-q<
250 2744 330 2793 ἄπειρος,
343 2747 375 2793 μία
386 2745 451 2792 ‘deirae
496 2748 524 2784 24.
536 2749 623 2786 ἐνεστῶτα
635 2753 693 2787 Ancor.

69 2792 112 2840 deb·
123 2798 181 2830 Ancur-
497 2808 525 2841 25.
547 2806 622 2844 instinc
641 2808 661 2845 δὲ
675 2811 788 2856 anteponeret
801 2809 856 2857 ἑαυτῇ

92 2844 120 2902 22¹·
133 2841 187 2887 ἑαυτῇ
198 2843 257 2876 ΛΜΨ·
473 2851 496 2889 τᾶ
507 2852 562 2890 πάντα
574 2857 632 2889 Ancor.

93 2888 121 2922 2¹2.
133 2886 164 2922 nal
175 2898 205 2921 om,
218 2889 276 2921 Acco.

92 2933 121 2967 23.
132 2933 162 2968 >eet
176 2936 284 2975 porticulum,
304 2942 344 2975 ptine
357 2934 374 2965 in
383 2934 452 2967 Poncrii
497 2911 525 2945 26
538 2911 590 2980 σῗφια
601 2912 631 2948 καὶ
643 2924 674 2948 ⁰⁰¹⁴
687 2915 746 2949 Amr·

69 2981 113 3014 libris
129 2982 178 3022 vulpe
195 2981 295 3013 desideratur
307 2981 404 3022 [Ancurutus
415 2989 451 3012 enm
498 2969 525 3003 Ἧι
538 2971 558 3004 δῑ
570 2980 600 3003 07η·
614 2972 672 3005 Ancor-

69 3026 135 3066 tueturl,
149 3027 205 3067 repetii
222 3036 242 3059 ec
259 3027 322 3068 syllaba
337 3026 453 3065 {conruent
497 3025 586 3070 *Πληρῶ
601 3030 676 3064 conco.
700 3030 777 3064 Absood.
787 3031 854 3075 nmaip,

69 3069 180 3117 intepidum,
475 3074 518 3111 otest
529 3076 580 3114 omnis
591 3076 689 3119 subscriptio,
763 3069 771 3075 ”
840 3078 847 3081 ’“
