1988 3392
227 247 321 284 annunti
333 248 414 284 1111111.
424 248 482 283 ron.
489 250 503 283 1.
513 247 672 282 nnnnmxxrr.
803 238 843 279 211

221 396 338 438 SEQUITUR
351 397 413 430 AETlI
424 398 528 430 ANOMOEI
539 396 685 430 OPUSCULUM.

117 461 216 518 Quoniam
230 464 376 520 persecutionis
386 463 438 505 illius
449 471 551 518 tempore,
567 479 625 520 quam
638 470 709 504 oontra
720 477 757 503 nos
769 470 845 518 tempo·
859 466 899 511 Gap.
910 467 942 500 XI.

60 530 109 573 rarii
121 530 199 586 quidam
211 531 301 572 homines
315 530 441 583 excitarunt,
459 532 547 573 nonnulli
559 532 622 574 exiis
635 544 684 587 qnos
696 530 783 572 diximus
795 530 848 571 inter

61 599 99 642 alia
111 599 172 641 multa
183 599 299 657 opusculum
310 600 407 656 quoddam
419 599 511 656 privatim
521 614 532 640 a
543 600 599 642 nobis
612 599 749 642 elucubratum
759 601 783 641 de
792 599 847 655 inge-

61 670 104 712 nito
115 670 152 711 deo
164 684 187 711 ac
199 668 267 726 genito
280 668 424 725 surripientes,
449 669 548 726 plerisque
561 670 632 711 additis
643 676 678 711 aut
689 669 796 721 detractis,
818 670 849 710 in-

61 739 179 797 terpolatum
200 753 224 781 ac
244 739 373 796 depravatum
393 738 509 793 ediderunt,
537 739 651 797 perturbata
671 739 754 796 insuper
774 738 850 781 ordinis

62 810 126 864 serie,
149 817 208 866 atque
225 809 272 852 illud
290 810 341 852 idem
358 803 427 865 postea
444 810 547 852 literarum
563 809 641 866 qnidam
655 810 679 852 ad
693 824 730 852 nos
746 809 849 853 studiosus

62 880 139 932 attulit,
155 893 240 921 necesse
251 878 322 930 habui,
339 885 408 934 utpote
419 879 472 920 illins
485 886 566 931 auctor,
588 879 709 920 recensitum
720 894 742 921 ac
753 895 849 936 repurga-

62 957 103 991 tum
115 962 164 1005 opus
173 948 226 990 istud
239 949 262 988 ad
275 962 312 989 vos
326 947 413 998 mittere,
430 946 547 1003 quicumque
558 948 637 1003 pietatis
650 949 736 990 athletae
746 949 849 1005 utriusque

63 1032 126 1061 sexus
142 1017 203 1068 estis,
225 1024 246 1058 ut
263 1015 378 1071 intelligatis
395 1015 443 1057 nibil
460 1030 499 1057 non
516 1016 537 1057 in
555 1031 579 1057 eo
592 1030 618 1058 ex
631 1031 734 1059 sacrarum
747 1017 850 1060 literarum

63 1100 158 1145 germane
174 1099 219 1127 esse
237 1098 299 1126 sensu
315 1084 421 1140 prolatum.
453 1081 516 1127 Cuius
531 1084 608 1140 quidem
621 1085 721 1141 praesidio
734 1099 769 1127 eos
781 1100 851 1128 omnes

64 1154 97 1212 qui
108 1149 245 1197 contradicere
257 1152 370 1205 voluerint,
387 1153 453 1209 paucis
465 1154 581 1208 quibusdam
592 1153 682 1196 breviter
694 1154 789 1207 obiectis,
806 1171 852 1211 pro-

64 1225 133 1267 hibere
145 1223 247 1279 poteritis,
265 1235 290 1263 ne
301 1222 325 1262 de
336 1221 425 1276 ingenito
437 1222 475 1262 deo
486 1237 510 1263 ac
520 1223 588 1276 genito
600 1237 714 1265 sermonem
725 1224 852 1280 impudenter

64 1293 180 1343 instituant,
204 1305 227 1332 ao
243 1289 374 1345 temporarios
389 1289 434 1330 illos
449 1289 539 1345 inprimis
556 1305 606 1346 qnos
623 1291 689 1346 attigi.
719 1289 785 1333 Porro
800 1292 852 1334 bano

64 1360 216 1416 disputationem
233 1359 253 1400 in
270 1359 334 1414 eapita
350 1372 444 1399 versuum
461 1358 482 1398 in
493 1360 571 1400 modum
585 1358 612 1400 ita
623 1360 742 1414 digessimus
756 1367 776 1402 nt
785 1367 806 1401 et
817 1361 852 1402 ob-

64 1429 163 1471 iectiones
178 1427 226 1469 alias
243 1440 270 1467 ex
286 1426 343 1475 aliis,
365 1433 385 1466 et
401 1425 540 1480 quaestionum
559 1427 700 1469 dissolutiones
716 1436 850 1479 necteremus,

65 1511 104 1552 qno
119 1503 139 1537 et
155 1497 179 1536 ad
195 1493 401 1549 comprehendendum
419 1493 509 1535 faciliora
524 1501 545 1535 et
558 1494 660 1549 planiora,
683 1495 755 1550 quibus
768 1496 850 1546 utimur,

66 1570 183 1619 argumenta
199 1561 256 1604 vobis
273 1568 349 1603 essent.
382 1560 413 1602 Ab
427 1560 518 1617 ingenito
533 1576 583 1604 vero
595 1562 633 1604 deo
648 1562 760 1619 disputandi
774 1565 851 1607 initium

66 1631 158 1675 lecimus.

124 1703 139 1742 1.
155 1698 178 1743 Si
188 1699 289 1754 ingenitns
302 1699 350 1740 deus
362 1698 413 1754 quod
426 1697 514 1754 genitum
526 1707 558 1740 est
568 1702 634 1742 lacere
650 1701 761 1756 ingenitum
777 1708 851 1758 potest,

68 1771 165 1829 siquidem
182 1767 292 1813 substantia
309 1767 374 1811 omnis
384 1768 473 1824 ingenita
484 1776 527 1822 est,
549 1777 632 1824 neutra,
649 1772 700 1827 qnod
713 1772 738 1813 ad
750 1786 794 1815 eam
806 1786 854 1814 con-

68 1841 162 1884 ditionem
173 1841 255 1892 attinet,
278 1839 350 1881 nullius
361 1846 383 1881 ut
394 1839 501 1881 dominatui
514 1840 590 1893 subsit,
611 1841 635 1883 ab
648 1842 711 1884 altera
724 1842 852 1900 discrepabit.

69 1909 154 1966 Quinam
169 1910 231 1966 igitur
243 1908 281 1951 dici
295 1915 360 1965 potest
375 1909 447 1950 mutari
459 1909 537 1964 quidem
553 1910 648 1963 alteram,
671 1912 754 1954 alteram
767 1920 853 1965 mutare,

68 1995 113 2022 cum
124 1994 151 2021 ex
164 1979 217 2021 nulla
227 1977 316 2020 subiecta
327 1977 410 2019 materia
422 1977 525 2032 quicquam
537 1979 574 2020 deo
590 1980 701 2034 producere
715 1981 796 2024 minime
809 1996 854 2039 per·

68 2048 159 2090 mittant?

127 2117 150 2157 ll.
160 2113 182 2157 Si
194 2114 295 2169 ingenitus
305 2114 354 2155 deus
364 2127 434 2155 caussa
443 2120 475 2155 est
484 2113 538 2155 omni
548 2115 690 2170 praestantior,
701 2116 740 2158 erit
751 2117 810 2158 etiam
819 2131 854 2172 ge·

70 2184 173 2227 neratione
184 2183 227 2239 ipsa
242 2181 383 2238 praestantior.
415 2179 451 2233 Si,
467 2180 558 2236 inquam,
575 2184 652 2225 caussis
664 2184 755 2226 omnibns
767 2185 855 2226 antecel-
923 2197 925 2200 ’

69 2253 104 2305 111,
120 2250 245 2308 generationi
255 2250 323 2292 itidem
334 2249 447 2291 antecellet.
478 2248 550 2305 Neque
562 2251 615 2292 enim
626 2258 660 2292 aut
671 2252 695 2292 ab
707 2252 771 2294 altera
783 2261 855 2295 natura

71 2328 93 2362 nt
108 2326 163 2362 esset
177 2319 267 2375 aceepit,
284 2325 319 2359 ant
332 2317 380 2359 illud
395 2317 437 2371 ipse
452 2317 489 2358 sibi
506 2319 597 2359 eontulit.

127 2387 212 2428 illlam
224 2400 282 2437 vero,
298 2386 315 2427 si
326 2385 370 2440 ipse
380 2384 418 2426 sibi
429 2392 450 2426 ut
461 2393 516 2426 esset
527 2385 607 2427 minime
621 2388 712 2440 contulit,
723 2403 763 2430 non
774 2398 857 2445 propter

70 2456 129 2498 ullam
146 2461 230 2496 naturae
246 2453 414 2505 imbecillitatem,
436 2455 471 2494 sed
486 2454 537 2509 quod
554 2469 624 2496 caussa
641 2455 667 2496 sit
684 2457 738 2497 omni
755 2458 856 2513 superior,

71 2525 115 2580 qnis
129 2523 269 2565 subsistentem
282 2530 371 2563 naturam
385 2520 409 2561 ab
421 2535 454 2573 ea,
470 2536 521 2576 qnae
533 2522 673 2565 subsistentem
686 2526 811 2580 produxerit,
828 2527 859 2568 ni-

73 2593 100 2636 lril
117 2593 138 2635 in
154 2590 265 2633 substantia
279 2590 399 2631 discriminis
415 2589 488 2631 babere
499 2590 605 2644 fatebitur,
627 2606 670 2634 cnm
684 2593 781 2637 eiusmodi
793 2594 858 2637 subsi-

73 2663 147 2706 stentia
162 2660 312 2719 generationem
328 2673 407 2701 omnem
422 2659 528 2702 excludat?

132 2733 165 2774 lV.
174 2729 196 2774 si
206 2736 301 2792 perpetuo
309 2744 333 2772 ac
342 2729 386 2771 sine
396 2729 435 2771 ullo
448 2731 486 2771 line
493 2731 542 2772 deus
551 2730 571 2772 in
580 2731 668 2786 ingenita
680 2741 752 2776 natura
761 2733 857 2791 persistit,

75 2927 101 2952 orn
110 2920 157 2957 cett,
168 2916 211 2958 quod
219 2925 275 2949 unum
285 2924 317 2948 esse
326 2917 369 2956 puto.
394 2915 455 2946 Cornu-
478 2915 559 2956 factnrus,
569 2914 618 2948 initio
628 2915 650 2949 de
659 2916 692 2950 deo
701 2917 778 2961 ingenito
786 2924 860 2962 sumpto.

74 2965 109 2997 rius
117 2964 163 2995 venit
171 2962 188 2994 in
197 2972 275 2994 versuum
285 2960 341 3005 specie
351 2959 456 3003 pronuntiati
501 2960 517 2994 9.
529 2960 804 3004 προςιεμέυηςνεε1111111111111111.
829 2966 860 2996 Ge-

74 3006 245 3053 pronuntiationem,
267 3013 284 3038 et
300 3005 389 3039 solutionis
407 3004 455 3037 solu·
477 3008 634 3048 nutaueserr'pturce
645 3010 734 3049 corruptela
745 3013 767 3041 est
776 3007 861 3051 πρωιεμέ-

75 3053 152 3093 tionem,
175 3063 209 3096 quo
225 3051 290 3085 facilius
306 3050 420 3091 retineantur,
439 3058 456 3082 et
479 3063 519 3094 11ης,
536 3054 578 3092 quod
588 3053 645 3093 teqnm
655 3056 672 3085 in
682 3055 728 3085 codd.
740 3064 777 3086 rurs.
789 3058 861 3095 tetroque,

75 3097 191 3142 aggressiones
201 3103 219 3129 ct
228 3096 351 3141 epicheremata
361 3097 405 3128 clara
416 3095 455 3136 sint,
479 3098 521 3129 unde
533 3099 599 3130 editores
611 3099 707 3138 effinxerunt
718 3098 825 3142 προϊεμένης.

667 3154 714 3197 14*
