1988 3392
186 234 279 270 rinnau
290 234 372 268 muni.
387 224 570 271 commeares.
582 234 626 268 rin,
640 232 736 268 caract.
777 214 778 217 ’
812 223 854 266 489

72 319 196 364 maiestatem
207 316 342 368 obtinuerunt,
359 316 437 369 horum,
453 318 540 374 inquam,
557 316 660 373 catalogus
672 316 695 358 ad
706 329 767 372 usqne
778 312 854 359 Christi

73 387 146 433 domiui
159 386 243 429 natalem
255 387 374 444 pertexitur.
404 385 457 429 Nam
470 387 494 429 ab
506 388 585 430 Adamo
595 387 619 429 ad
632 385 732 429 Noenum
745 399 807 442 usque
819 400 855 441 ge-

73 457 187 502 nerationes
206 457 327 512 praeteriere
344 456 421 497 decem.
452 454 544 498 Totidem
561 455 665 499 aNoeJmu
682 456 706 497 ad
722 454 853 498 Abraamum.

72 526 188 571 Abhocad
200 524 297 570 Davidem
309 523 370 567 XIV.
402 524 511 567 ADavide
525 526 549 567 ad
564 526 699 582 captivitatem
710 522 772 566 XIV.
802 523 855 565 Hinc

72 598 96 639 ad
110 582 212 638 Christum
222 593 314 635 similiter
322 592 383 635 XIV.
415 591 541 650 Collignntur
551 595 576 635 ah
588 595 666 636 Adamo
681 607 745 648 usque
760 593 784 633 ad
796 589 855 634 Chri-

73 673 123 709 stum
136 662 276 717 generationes
287 660 362 713 LXII,
379 677 428 717 quae
442 662 545 704 brevitatis
557 662 619 718 gratia
629 661 671 704 LX
682 661 807 704 solummodo
818 675 855 701 nn-

73 737 182 775 merantur.
212 728 265 771 Nam
282 737 302 771 et
318 729 339 771 in
355 731 462 772 solitudine
478 745 522 772 cnm
535 728 620 772 LXXII
638 731 745 786 palmarum
761 729 959 779 caudicesnxouuum.

74 802 151 850 forent,
171 796 235 839 LXX
250 805 325 839 tantum
340 799 437 854 scriptura
456 799 581 841 memoravit.
617 797 648 840 Ita
664 812 708 839 enm
725 798 749 840 ad
767 778 960 839 mamercum.

72 865 136 910 LXX
147 866 214 908 vocati
225 865 319 917 inissent,
341 865 480 908 accedentibus
492 865 542 907 Illad
554 873 574 907 et
585 864 660 908 Modad
670 863 755 907 LXXII
766 872 812 907 sunt
823 879 855 906 re-

73 936 131 993 perti.
161 932 271 977 Praeterea
284 948 327 976 cum
338 931 424 976 LXXII
436 931 552 975 Ptolemaeo
565 942 662 990 regnante
672 948 742 975 sacros
753 934 814 975 libros
825 933 855 974 in-

74 1002 176 1061 terpretati
186 1003 234 1055 sint,
251 1017 288 1045 uos
300 1008 366 1044 tamen
377 1002 487 1059 compendii
498 1001 562 1058 gratia
572 1000 636 1044 LXX
648 1003 736 1044 virorum
749 1002 855 1045 editionem

73 1074 176 1117 nominare
192 1072 340 1116 consuevimus.
376 1070 411 1115 Sic
426 1079 447 1115 et
461 1070 525 1115 LXX
541 1073 600 1115 modo
617 1072 699 1129 reginae
715 1086 759 1115 mea
778 1073 855 1129 quidem

73 1143 172 1188 sententia
181 1150 347 1186 commemoratae
358 1150 412 1195 suut,
429 1150 450 1185 nt
463 1143 560 1185 extremis
571 1143 669 1199 utrimque
684 1142 767 1185 sublatis
780 1143 857 1186 medius

73 1214 105 1256 ille
117 1212 262 1268 sexagenarius
272 1212 296 1253 ad
308 1212 390 1267 liguram
402 1219 422 1254 et
433 1211 539 1269 imaginem
550 1227 573 1255 ac
585 1214 694 1269 perfectam
707 1212 858 1269 contemplatio-

74 1298 118 1326 nem
135 1282 257 1325 evehendam
274 1289 397 1338 superesset.
434 1279 495 1324 Senis
509 1282 581 1338 quippe
597 1281 705 1324 decadibus
721 1295 760 1323 sex
781 1281 856 1323 dierum

73 1351 167 1393 circuitus
178 1350 300 1402 absolvitur,
321 1357 343 1391 ut
352 1357 465 1392 sanctarum
475 1351 597 1401 animarum,
619 1365 670 1407 quae
687 1365 713 1392 ex
731 1351 769 1392 lide
785 1351 804 1391 in
819 1350 857 1392 deo

73 1427 168 1477 regnant,
185 1421 219 1461 liat
229 1433 257 1461 ex
267 1418 354 1475 qnalibet
365 1418 495 1474 generatione
506 1419 626 1461 coniunctio.
657 1417 715 1463 Unde
731 1426 751 1460 et
766 1433 805 1461 sex
819 1419 855 1475 hy·
868 1434 921 1463 ruane.
929 1434 944 1462 a.

74 1488 129 1530 driae
139 1485 209 1531 Canae
226 1488 246 1529 in
259 1480 349 1529 Galilaea
360 1487 450 1544 lapideae
468 1487 529 1529 inisse
547 1487 649 1540 dicuntur,
666 1502 716 1543 quac
732 1503 776 1530 eum
789 1497 858 1531 essent

74 1558 196 1608 exhaustae,
212 1570 283 1600 rursus
296 1556 416 1611 implentur,
433 1557 522 1612 singulae
535 1564 630 1598 metretas
640 1557 689 1598 duas
701 1563 768 1598 tresve
778 1557 858 1612 capien-

74 1632 112 1676 tes,
129 1625 161 1679 qui
173 1625 242 1666 naudus
252 1624 276 1665 ad
290 1631 347 1664 vetus
358 1638 471 1679 novumque
483 1630 621 1665 testamentum
633 1631 653 1665 et
665 1624 759 1665 trinitatis
772 1624 857 1679 eomple-

74 1700 160 1734 mentnm
173 1693 269 1733 retertur.
300 1689 388 1731 Eaedem
401 1705 461 1747 porro
475 1691 556 1747 hydriae
568 1704 594 1732 ex
606 1704 656 1746 aqua
667 1691 687 1732 in
700 1706 776 1733 merum
790 1692 857 1733 vinum

74 1773 184 1801 conversae
196 1765 254 1811 sunit,
275 1758 355 1800 eumad
370 1758 481 1814 nuptiarum
495 1758 613 1799 hilaritatem
626 1765 646 1800 et
661 1758 745 1800 tiliorum
757 1759 858 1801 huminum

75 1827 225 1870 oblectationem
236 1826 328 1883 impletae
340 1826 432 1868 luissent.
465 1825 516 1868 Hinc
532 1826 590 1868 etiam
603 1827 712 1882 sexangula
724 1842 735 1868 a
749 1828 859 1870 mathema-

75 1896 119 1938 ticis
131 1896 194 1952 ligura
205 1895 326 1948 nominatur,
344 1909 394 1952 quae
406 1909 441 1953 per
453 1894 561 1938 ternarium
574 1895 747 1953 septenariumque
758 1897 783 1944 ad
793 1894 857 1939 XXI.

75 1966 195 2022 geometrica
210 1965 343 2009 modulatione
356 1965 476 2023 perducitur.
509 1963 554 2021 Qua
571 1967 650 2023 quiidem
668 1967 785 2025 hexagonus
797 1967 858 2010 totius

76 2036 212 2080 universitatis
232 2037 332 2093 impletam
353 2037 464 2080 vastitatem
485 2036 590 2092 significat.
620 2035 673 2079 Nam
694 2038 726 2093 qui
745 2038 766 2080 in
787 2046 860 2080 coest

76 2108 222 2164 quadrangulus
234 2107 383 2164 quaternarium
399 2120 515 2158 numerum,
537 2106 591 2149 basis
603 2121 652 2148 vcro
662 2120 686 2148 ac
698 2107 791 2164 superior
802 2122 857 2164 pars,

76 2176 118 2219 sive
134 2176 247 2232 fastigium,
264 2175 365 2218 senarium
380 2176 492 2233 perficiunt.

133 2244 174 2287 Sed
185 2259 211 2287 ne
222 2245 301 2300 longior
312 2244 362 2296 sim,
383 2244 432 2286 satis
445 2244 541 2286 hacteuus
555 2245 579 2286 de
595 2244 669 2299 reginis
684 2244 723 2286 illis
732 2242 773 2286 LX
786 2244 859 2286 dictum
877 2252 920 2297 Gap.
931 2253 953 2285 V.

76 2313 174 2365 arbitror,
193 2314 231 2355 hoc
245 2321 278 2355 est
288 2312 450 2369 generationibus
460 2327 511 2369 quae
526 2313 550 2355 ad
564 2309 665 2355 Christum
679 2327 742 2368 usque
753 2328 860 2355 numeran-

77 2388 116 2424 tur.
146 2381 196 2424 Post
208 2380 310 2425 Christum
321 2396 370 2423 vero
381 2382 404 2423 ad
415 2382 453 2423 hnc
465 2389 543 2438 tempus
556 2389 603 2437 quot
613 2381 754 2437 generationes
766 2382 860 2438 deinceps

76 2452 210 2493 successerint
227 2452 282 2492 solus
299 2451 354 2493 novit
373 2450 471 2493 dominus.
502 2449 549 2492 Non
565 2451 617 2492 enim
634 2451 717 2506 amplius
728 2466 764 2507 per
775 2465 860 2506 genera-

76 2520 141 2562 tiones
152 2527 261 2576 temporum
273 2526 304 2560 est
317 2519 342 2560 ab
354 2519 395 2560 ullo
407 2520 490 2560 deducta
504 2519 618 2572 digestaque
630 2518 706 2569 series,
723 2533 758 2573 pro
770 2533 795 2561 eo
807 2520 859 2574 quod

77 2601 171 2629 numerus
188 2589 226 2628 iste
244 2600 280 2642 per
294 2586 347 2627 illam
358 2587 420 2642 ipsam
435 2587 549 2641 reginarum
565 2587 747 2637 enumerationem,
772 2601 822 2641 quae
835 2587 861 2627 ad

77 2651 178 2696 Christum
191 2654 290 2695 dominum
303 2661 447 2704 recensentur,
469 2654 523 2695 velut
534 2652 650 2706 obsignatus
666 2667 690 2694 ae
702 2655 809 2696 conclusus
821 2662 859 2695 est.

76 2718 128 2762 Nam
142 2723 174 2778 qni
185 2722 308 2778 postmodnm
324 2721 411 2763 extitere
424 2721 532 2777 scriptores
545 2735 568 2761 ac
579 2728 748 2763 commentatores
759 2730 792 2763 ant
803 2722 861 2764 chro-

77 2789 144 2846 nologi
155 2792 186 2832 vel
198 2790 286 2831 historici
296 2789 360 2830 nullas
371 2790 455 2846 amplius
465 2790 606 2846 generationes
615 2798 729 2843 numerant,
745 2792 780 2832 scd
792 2806 861 2847 regum

76 2859 216 2902 successiones
227 2874 251 2902 ac
262 2865 363 2916 tempora,
380 2873 464 2915 quornm
474 2858 588 2916 singillatim
599 2872 663 2901 anuos
674 2860 795 2902 describunt.
826 2858 861 2902 Ex

78 2962 145 2994 σαντας,
156 2958 230 2998 quamvis
239 2957 332 2997 interposite
340 2956 421 2997 porticula
431 2953 458 2995 δὲ,
505 2954 545 2987 Gar.
553 2954 574 2987 V.
589 2972 610 2978 -
635 2955 650 2988 1.
664 2953 747 2999 ἔγνωσται
761 2952 809 2999 μόνῳ
825 2957 860 2988 cod.

77 3001 99 3033 mt
111 3000 164 3045 λέγειν
175 3004 240 3036 uerbum
249 3013 283 3036 nnn
294 3011 326 3036 esse
336 3002 456 3035 adstruendum.
480 3003 546 3043 naecap.

99 3047 115 3078 5.
127 3047 187 3085 „llam
197 3048 258 3081 leviter
269 3048 372 3092 depravata“
387 3050 404 3081 in
414 3057 458 3081 mar·
503 3049 519 3082 Q,
531 3048 575 3081 Libri
585 3049 633 3089 vulgo
643 3044 768 3092 ἱστορογρᾶφοι.

77 3094 112 3131 utne
123 3094 208 3136 adscripsit
219 3096 300 3130 Petamus.
