1988 3392
200 223 293 257 ennean
305 224 348 259 cru.
357 225 386 258 in.
404 224 459 259 ron.
468 225 489 257 u.
506 224 585 258 exues.
597 223 640 256 rin.
654 222 750 257 curuou.
825 213 868 255 487

84 304 154 346 unicae
165 302 249 359 virginis
260 304 313 345 illius
326 319 349 344 ac
359 304 497 347 sanctissimae
508 312 528 345 et
539 303 652 345 innocentis
664 302 766 344 columbae
778 301 823 343 fidei
836 298 869 343 br-

83 379 214 426 manentum,
236 374 260 414 de
276 387 314 429 qna
328 373 418 414 dominus
435 374 498 415 sancti
511 374 592 430 spiritus
607 372 673 413 afflatu
690 385 726 427 per
739 370 867 413 Salomonem

84 442 132 483 baec
143 441 162 481 in
176 438 304 483 Canticorum
324 438 409 482 Cantico
421 442 550 497 significavit:
566 444 676 494 Sexaginta
688 448 733 480 sent
744 444 833 493 regenale,
850 448 871 481 et
879 448 923 479 caat,
931 449 964 487 er.

82 512 179 562 octoginta
188 508 279 563 pellaces,
301 517 322 549 et
330 512 482 550 adolescentulae
492 521 573 563 'picurum
584 513 650 550 nullus
661 517 692 549 esu
704 523 807 549 enumeras:
829 523 868 550 uua

82 587 111 618 est
120 579 206 618 columba
217 592 268 626 meu,
277 579 370 631 'perseum
380 592 428 618 ineu.
460 576 498 619 Ubi
510 578 540 618 bis
551 577 583 618 illa
595 577 679 632 repetita
691 577 788 617 vocabula
798 592 839 617 meu
848 584 869 618 et

83 660 130 685 naeu.
163 643 405 695 Huiusenimcolumba,
428 646 485 686 huius
499 653 530 686 est
543 645 575 685 illa
586 647 687 701 perlecta,
709 651 731 685 ut
742 652 823 684 ceterae
834 659 869 700 ap-

83 713 180 768 pellentur
189 713 216 753 ita
229 713 315 767 quidem,
333 714 412 753 minime
424 713 549 762 tamensim,
565 714 607 767 ipsa
620 727 669 754 vero
679 728 703 753 eo
711 712 795 753 nomine
806 712 868 767 dupli-

83 780 133 821 citer
142 779 237 834 insignita
248 780 282 820 sit.
314 779 382 834 Quare
394 795 438 822 cum
449 781 473 821 de
485 781 528 822 aliis
540 781 663 835 loqueretur,
677 795 716 821 nou
729 781 787 830 dixit,
806 776 869 821 Octo-

82 848 136 905 ginta
152 855 199 890 sn'at
214 847 294 904 pellices
315 862 384 899 aneae,
407 863 476 890 verum
494 848 570 904 reginis
588 848 661 889 eximia
682 849 713 890 illa
735 847 868 904 appellatione

83 917 195 975 proximum
206 918 301 972 quendam
313 917 408 958 honorem
422 918 522 969 attribuit,
545 917 626 972 pellices
638 932 687 958 vero
699 931 781 973 prorsus
792 916 868 958 alienas

82 1000 128 1028 esse
138 985 254 1028 declaravit.
276 986 386 1028 Amboram
397 1000 456 1042 porro
466 1000 568 1027 numerum
579 1001 623 1028 enm
635 984 750 1027 norninatim
760 986 868 1028 habeamus

82 1070 209 1114 expressum,
226 1055 393 1111 contemplatione
405 1062 473 1098 nostra
485 1055 575 1098 altiorem
588 1056 611 1097 ad
624 1069 705 1098 sensnm
716 1062 786 1098 evecta
797 1056 868 1097 nonni-

83 1127 109 1169 bil
120 1126 210 1183 expolire
220 1126 272 1167 istud
281 1126 318 1167 boc
328 1126 372 1167 loco
383 1126 480 1182 cogimur,
497 1134 518 1168 ut
528 1140 552 1167 ae
564 1133 656 1182 tanquam
668 1126 758 1181 frigidum
770 1126 869 1182 ineptum-

83 1210 121 1252 que
134 1202 294 1252 praetereamus,
318 1196 353 1236 sed
367 1209 417 1251 qaae
430 1196 534 1248 dicuutur,
556 1185 582 1236 ex
595 1195 623 1237 rei
637 1195 721 1236 iventute
737 1209 760 1236 ac
775 1209 868 1238 verarum

83 1265 203 1308 auctoritate
217 1264 358 1320 scripturarum
374 1278 421 1307 vera
443 1265 504 1306 animi
525 1264 691 1321 contemplatione
715 1265 867 1320 perpendamus.

63 1344 65 1348 '
82 1332 162 1376 Etenim
177 1334 294 1389 ubicumque
307 1347 401 1382 {uumerus
413 1334 536 1389 concipitur,
558 1334 667 1375 oscitanter
685 1332 817 1388 praetermitti
828 1349 867 1375 aon

83 1403 153 1454 debet,
174 1416 238 1458 neque
257 1402 308 1458 qriod
328 1402 354 1442 ita
373 1403 557 1458 comprehenditur,
580 1417 651 1443 vanam
669 1402 759 1457 quiddam
776 1409 795 1442 et
808 1403 868 1444 inane

82 1471 145 1514 videri
157 1478 191 1512 ant
202 1471 286 1512 otiosum
299 1469 418 1512 existimari.
449 1470 541 1526 Reginae
558 1486 617 1526 porro
632 1478 679 1512 suut
690 1485 740 1526 quae
754 1471 793 1512 iam
808 1479 868 1516 autea

82 1540 149 1596 stirpis
160 1540 180 1580 in
193 1540 246 1581 serie
259 1546 374 1580 numeratae
387 1548 434 1581 suat
448 1541 534 1581 animae.
566 1538 593 1582 Ut
609 1540 661 1581 euim
679 1553 746 1594 regem
763 1539 868 1582 innumera

82 1608 185 1651 raiultitndo
199 1609 317 1659 comitatur,
339 1622 422 1663 cumque
437 1623 475 1650 rex
491 1609 561 1666 capitis
575 1609 639 1650 instar
651 1609 690 1660 sit,
714 1608 796 1662 perinde
809 1616 868 1665 atque

82 1678 207 1734 incorpore,
225 1691 268 1718 cum
283 1677 339 1733 plura
350 1677 438 1719 membra
450 1677 501 1728 siat,
525 1678 589 1733 capite
599 1678 642 1734 ipso
655 1677 733 1718 censeri
746 1692 797 1718 ninus
809 1677 868 1718 bomo

82 1746 221 1802 numerarique
234 1745 297 1797 solet,
314 1744 343 1786 sic
355 1745 379 1786 ab
390 1760 429 1787 uuo
440 1760 488 1801 rege
499 1746 602 1787 multitudo
615 1746 679 1787 omnis
690 1745 778 1787 subiecta
789 1747 832 1802 regi
844 1747 868 1788 ad

82 1815 166 1856 cundem
182 1815 236 1856 illum
252 1815 359 1855 referetur.

73 1929 75 1933 v
140 1881 275 1937 Quamobrem
289 1883 372 1937 reginae
389 1883 469 1923 nomiae
486 1883 590 1937 goraeratio
605 1883 625 1924 in
643 1880 724 1925 Christo
742 1883 866 1936 continetur3
881 1897 921 1942 cap.
932 1899 961 1933 lV.

82 1965 121 1992 riou
132 1951 183 2006 quod
196 1950 260 1993 omnis
272 1951 375 2004 generatio
388 1950 511 2005 regnaverit,
528 1951 563 1991 sed
575 1952 626 2006 qaod
637 1966 675 1993 nna
686 1953 781 1992 duntaxat
794 1951 868 1992 domiui

82 2019 196 2073 cognitione
211 2018 300 2073 praedita
317 2032 343 2057 ex
356 2018 393 2059 viri
409 2019 467 2058 unias
481 2019 613 2072 appellatione
626 2019 702 2073 regiam
716 2019 830 2073 dignitatem
842 2019 869 2060 sit

82 2087 211 2140 ordinemque
229 2093 345 2126 consecuta.
375 2084 469 2140 Exempli
485 2085 550 2139 gratia
560 2086 650 2127 Adamas
661 2102 705 2127 cum
718 2094 759 2127 tota
772 2086 868 2141 progenie

82 2154 152 2208 regina
164 2167 201 2194 una
214 2152 335 2203 censebitur,
352 2152 444 2206 illiusque
457 2153 584 2208 principatus,
602 2161 622 2193 et
634 2153 658 2193 ab
669 2168 694 2194 eo
706 2154 809 2194 deductum
822 2154 868 2194 stir-

82 2221 112 2275 pis
122 2221 213 2271 initium,
235 2234 297 2275 penes
310 2233 359 2273 quos
372 2219 427 2273 regia
444 2220 529 2274 dignitas
540 2221 618 2271 extitit,
641 2234 685 2261 cum
697 2221 722 2261 iis
734 2222 821 2276 quicum
834 2221 868 2261 illo

82 2288 229 2343 coniunguntur
249 2295 329 2344 propter
345 2288 376 2329 dei
393 2289 540 2343 cognitionem,
562 2290 653 2344 qriodquc
668 2289 743 2345 primus
757 2288 868 2330 omniuma

83 2358 120 2399 deo
132 2357 178 2412 [iugi
188 2357 308 2412 lornaarique
321 2356 427 2408 meruerit,
449 2363 488 2397 tum
501 2358 552 2413 qriod
565 2358 698 2413 poeniteutiae
713 2357 787 2414 primus
799 2371 868 2399 exem-

83 2427 134 2481 plam
150 2425 238 2476 dederit,
261 2433 320 2466 mex
339 2426 382 2466 cius
398 2425 578 2467 historiaconstat.
609 2425 659 2468 Post
671 2427 770 2468 Adoninm
783 2425 867 2477 Setbas,

83 2502 103 2537 ct
117 2495 206 2538 universi
217 2494 240 2536 ad
253 2509 297 2536 eum
309 2494 402 2551 adscripti
414 2494 516 2537 mortales.
547 2494 598 2537 Item
611 2494 679 2547 Enos,
695 2493 786 2549 Cainan,
802 2494 869 2539 Male·
883 2509 941 2540 Marta.
950 2510 964 2539 1.

82 2565 133 2618 leel,
151 2564 221 2616 lared,
238 2562 320 2615 Enoch,
336 2562 463 2617 Mathusala,
483 2562 585 2617 Lamech,
601 2564 656 2608 No'e'.
688 2565 764 2608 Horum
780 2566 868 2608 omnium

83 2642 197 2676 sanctorum
214 2633 314 2684 virorum,
335 2634 367 2689 qui
386 2633 500 2690 singillatim
519 2649 554 2690 per
568 2635 710 2688 generationes
726 2644 867 2688 recensentur,

83 2718 205 2757 quorumque
217 2717 310 2744 rruuaerns
322 2703 373 2756 apud
386 2701 509 2744 lllattbaeum
523 2704 583 2744 initus
594 2713 637 2755 est,
658 2720 719 2760 aquo
731 2703 791 2746 LXll
808 2720 869 2760 geue-

82 2773 172 2813 rationes
188 2786 211 2813 ac
225 2777 301 2827 patrum
319 2770 408 2826 origines
425 2772 590 2827 praestantiorum
604 2773 692 2815 virorum
706 2774 818 2816 noniiaibus
832 2789 868 2816 ex-

84 2854 165 2894 pressae
178 2848 236 2892 sunt‚
259 2828 291 2895 qai
306 2838 337 2879 dci
352 2839 440 2881 notitiam
455 2841 521 2896 adepti
534 2848 591 2892 suut,
613 2849 647 2882 aut
659 2842 709 2898 qaod
720 2843 740 2883 in
754 2844 818 2899 aliqua
830 2834 867 2885 alia

83 2922 105 2948 re
116 2909 222 2964 insigniter
234 2915 292 2964 atque
306 2907 379 2949 eximie
395 2922 441 2950 sese
452 2917 568 2965 gesserant,
592 2910 667 2966 regium
679 2919 700 2952 et
712 2912 837 2970 splendorem
848 2919 868 2954 et

83 3023 191 3102 ‹peponpts'ama
199 3026 296 3059 bubeutcod.
304 3024 465 3066 theudemundum
511 3025 527 3059 3.
539 3027 611 3058 Fortasse
624 3019 647 3060 aba
660 3023 669 3061 d
681 3024 779 3071 κατάλογος.

83 3078 115 3102 non
125 3080 146 3111 po
153 3081 174 3103 m.
