1988 3392
241 230 335 267 eastun
347 231 391 266 utu.
402 232 432 266 ru.
443 232 499 267 rou.
509 233 522 265 r.
532 230 602 265 unna.
613 230 696 263 uxxrv.
821 222 862 263 175

76 313 138 357 tentia
150 312 252 356 reddatur.
283 314 315 356 Ad
327 313 411 356 eundem
424 313 491 369 itaque
503 312 581 355 modum
593 311 619 353 de
629 308 700 366 spiritu
712 317 733 353 et
747 310 786 353 lilio
797 319 818 352 et
828 326 863 367 pa·

76 390 107 425 tre
117 383 246 438 pronuntiare
257 382 364 434 convenit,
388 388 408 422 et
419 395 477 422 unam
489 383 514 423 iis
527 379 662 437 cognitionem
674 392 698 419 ac
710 379 862 434 praescientiam

75 450 177 502 tribuere,
198 464 223 492 eo
238 450 290 507 quod
305 456 434 492 sacrosancta
450 448 528 492 trinitas
543 463 579 492 sua
597 448 647 490 hand
664 446 723 489 dubie
739 448 862 504 perfectione

75 526 97 560 et
110 518 215 560 identitate
230 525 316 560 constet.

133 584 175 629 Sed
188 587 213 629 de
225 586 255 629 his
266 586 357 629 omnibus
367 585 446 629 infinita
457 587 553 643 quaedam
569 585 665 643 disputari
682 591 777 641 possunt,
798 592 818 627 et
829 584 961 633 in-Cap-XtV.

77 670 172 698 numerae
183 656 246 697 sacris
263 669 274 697 e
285 655 349 698 literis
361 656 491 698 auctoritates
503 656 589 707 adferri,
610 662 631 697 nt
643 656 662 696 iu
674 654 756 710 longum
767 655 863 711 producta

76 725 185 767 lectoribus
202 726 286 767 molesta
301 724 327 778 siut
345 725 418 767 oratio.
451 717 492 767 Sed
511 739 548 766 nos
564 725 585 766 iu
604 727 728 780 unaquaque⁴
743 724 862 765 confutanda

77 793 155 836 haeresi
166 795 216 836 satis
229 794 289 836 molta
301 794 340 835 iam
352 792 450 846 diximus,
467 800 487 834 et
496 807 566 835 omnes
578 793 646 834 divino
658 791 757 848 praesidio
770 793 816 834 freti
826 807 863 834 nos

76 862 124 905 lieet
135 862 246 907 imbecilles
256 862 376 914 evertimus,
393 870 452 917 atque
462 876 473 903 a
484 861 569 904 veritate
583 875 628 904 esse
640 862 717 904 alienas
730 862 861 914 ostendimus,

77 946 114 974 nec
131 946 171 973 non
189 939 210 973 et
221 931 311 987 singulas
327 931 370 973 sive
388 931 407 972 in
424 931 499 986 exigua
510 929 575 985 aliqua
586 944 621 982 re,
642 931 717 972 sivein
729 932 798 973 maiori
809 932 863 973 reri-

77 1000 113 1043 tati
129 999 273 1043 contumeliose
290 1000 396 1050 detrahere
408 1006 467 1055 atque
478 999 571 1054 ablegare
589 1000 683 1042 funditus.
715 997 773 1054 Quod
784 1000 862 1055 quidem

77 1076 98 1111 et
111 1069 145 1111 isti
164 1070 231 1112 facere
247 1069 352 1111 instituunt
369 1069 401 1124 qui
420 1067 520 1110 domiuum
534 1083 557 1111 ae
573 1069 664 1125 spiritum
681 1075 771 1111 sanctum
788 1070 863 1111 frustra

77 1138 203 1180 contumeliis
215 1146 313 1190 onerant,
330 1152 395 1194 neque
407 1145 441 1179 ant
452 1140 484 1178 hio
494 1145 528 1178 out
538 1139 634 1194 abfuturo
644 1140 732 1189 soeculo,
755 1145 777 1180 ut
787 1138 860 1180 domiui
883 1142 942 1207 ‘1¹2³'ss

77 1206 145 1250 verbis
156 1214 213 1260 utar,
232 1214 359 1264 peccatorum
375 1207 532 1259 relaxationem,
554 1207 579 1249 ob
594 1221 650 1248 suam
662 1207 715 1248 illam
734 1206 754 1247 in
773 1207 862 1263 spiritum
908 1199 912 1213 ’
937 1199 941 1207 ’

77 1282 167 1318 sanctum
178 1276 333 1332 blasphemiam,
355 1274 446 1317 obtinere
458 1282 553 1332 possunt:
575 1275 608 1331 qui
624 1275 648 1317 ab
664 1276 706 1332 ipsa
717 1276 803 1318 veritate
818 1290 864 1333 pro·

77 1333 149 1387 culcati
159 1352 217 1398 sunt,
239 1342 338 1386 Cerastae
349 1344 450 1386 cuiusdam
461 1344 526 1386 instar
536 1345 611 1386 atrocis
623 1351 643 1385 et
651 1344 711 1386 unico
722 1358 784 1386 cornu
800 1352 863 1387 metu-

78 1413 131 1455 endi.
163 1412 220 1455 Talis
237 1413 290 1454 euim
308 1419 339 1454 est
356 1412 489 1468 blasphemiae
506 1426 589 1464 seusus,
611 1412 645 1468 qui
660 1427 732 1469 corpus
747 1412 863 1456 universum

77 1495 205 1538 corrumpere
226 1488 299 1536 potest.
330 1479 358 1522 Et
375 1496 411 1523 nos
430 1481 508 1536 quidem
527 1481 600 1523 domiui
618 1495 712 1523 sermone
730 1488 750 1522 et
767 1482 864 1537 unigeniti

77 1563 127 1592 vera
141 1549 266 1605 professione
282 1549 374 1606 persuasi
388 1550 499 1603 oredimus,
521 1550 540 1592 ei
552 1550 584 1606 qui
597 1552 734 1603 blasphemarat
744 1553 764 1591 in
775 1555 864 1604 spiratum

78 1626 165 1660 sanctum
174 1633 235 1673 neque
249 1622 269 1659 io
281 1621 317 1659 boo
331 1621 408 1659 soeculo
422 1634 457 1659 nec
468 1622 488 1659 io
500 1621 570 1673 saturo
585 1622 727 1660 condonandum
743 1635 784 1660 esso
796 1635 864 1673 peccc-

79 1695 130 1737 tam,
148 1693 168 1729 ut
184 1687 279 1730 diximus
310 1685 380 1742 Quare
399 1687 508 1744 proculcati
523 1687 551 1730 illi
567 1695 587 1729 el
600 1688 666 1730 obtriti
678 1695 738 1740 sunt;
759 1702 796 1729 nec
811 1689 865 1731 reri-

80 1756 116 1798 tati
130 1756 226 1798 resistere
241 1762 355 1813 potnerunt.
386 1754 438 1798 Nam
450 1756 544 1799 haereses
555 1771 625 1799 omnes
640 1771 663 1798 re
678 1771 727 1798 vera
736 1765 807 1810 portae
818 1766 864 1798 sant

80 1826 198 1881 inferorum,
223 1839 274 1881 quae
285 1826 382 1867 adversus
394 1831 470 1881 petram
483 1824 531 1867 nihil
547 1826 628 1868 omniuo
642 1826 713 1868 virium
727 1826 801 1868 hahere
817 1841 863 1884 pos-

79 1901 134 1936 sunt.
165 1892 246 1936 Etenim
258 1893 275 1936 si
287 1908 313 1936 ex
325 1894 363 1936 illis
375 1894 463 1935 nonnulli
474 1894 526 1936 istud
538 1894 625 1936 obiicere
636 1895 747 1937 voluerint:
763 1893 809 1937 Nos
820 1909 864 1938 eam

79 1961 125 2004 fidei
141 1963 246 2005 formulam
263 1977 313 2018 qnae
327 1962 348 2004 in
364 1961 456 2004 Nicaeua
466 1963 543 2019 syuodo
555 1963 648 2020 exposita
660 1971 692 2005 est
705 1972 725 2005 et
734 1964 772 2020 ipsi
784 1965 864 2020 prolite-

79 2045 135 2084 mur,
157 2031 207 2074 doce
219 2031 281 2086 igitur
296 2045 324 2073 ex
340 2031 372 2072 illo
388 2030 479 2087 spiritum
495 2039 586 2073 sanctum
601 2032 621 2073 in
635 2031 738 2074 divinitate
752 2033 864 2086 numerari,

80 2100 139 2142 etiarn
156 2100 191 2142 illa
208 2100 251 2156 ipsa
268 2099 395 2141 confessione
412 2100 536 2142 refellentur.
573 2098 697 2155 Quamquam
711 2102 764 2143 nulla
780 2109 822 2144 tnrn
840 2103 864 2145 de

80 2168 151 2226 spiritu
164 2175 234 2211 saneto
252 2170 318 2211 luerat
331 2168 421 2210 instituta
440 2169 538 2224 quaestio.
570 2166 648 2225 Quippe
661 2170 685 2210 de
701 2169 743 2221 bis,
760 2184 810 2226 quae
823 2170 865 2212 siu·

79 2237 132 2293 gulis
149 2236 271 2294 temporibus
290 2244 408 2290 occurrunt,
435 2251 507 2279 cavere
526 2238 596 2294 synodi
616 2252 640 2279 ac
660 2238 770 2280 decernere
789 2239 863 2281 solent.

81 2305 150 2363 Quare
161 2321 205 2348 eum
219 2305 281 2348 Arius
296 2306 316 2348 in
329 2306 388 2348 filium
400 2306 503 2347 maledicta
517 2307 637 2357 conticeret,
658 2314 764 2363 propterea
777 2308 865 2351 uberiori

81 2375 165 2432 quadam
182 2374 314 2430 disputatione
330 2381 467 2429 argumentum
484 2374 532 2416 illud
544 2382 576 2416 est
587 2375 737 2418 accuratissime
749 2384 863 2420 tractatum.

80 2443 157 2487 Verum
173 2458 200 2486 ex
218 2445 287 2485 eadem
302 2444 346 2485 fidei
360 2444 486 2500 professione
504 2443 664 2486 animadvertere
678 2445 738 2498 licet,
760 2459 785 2487 ne
797 2445 832 2488 hac
844 2446 865 2488 in

81 2520 138 2570 parte
153 2511 230 2569 quidem
245 2513 401 2556 contumeliosos
417 2512 461 2553 illos
475 2512 495 2553 in
512 2512 601 2568 spiritum
618 2513 731 2555 haereticos
749 2528 773 2556 ae
783 2514 865 2572 spiritus

81 2588 237 2640 oppugnatores,
250 2588 270 2623 ct
279 2581 303 2623 ab
313 2582 357 2625 eius
367 2582 472 2624 sanctitate
483 2596 507 2622 ac
518 2581 574 2623 donis
583 2581 659 2624 alienos
670 2582 772 2638 quicquam
784 2584 865 2627 omniuo

81 2651 169 2694 dicere.¹
188 2648 289 2706 Siquidem
307 2650 408 2707 expositio
423 2650 466 2706 ipsa
481 2650 586 2691 veritatem
598 2650 682 2692 subinde
692 2652 807 2707 profitetur,
827 2667 865 2695 nec

81 2727 150 2776 negat.
181 2722 280 2761 Credamus
284 2749 291 2768 ,
308 2719 384 2774 inquit,
400 2722 420 2760 rh
432 2733 489 2759 unam
500 2721 554 2759 deum
564 2726 639 2772 patrem
649 2723 800 2774 omo'motentem.
825 2719 864 2764 Ubi

82 2803 124 2831 vox
135 2789 184 2840 ista,
201 2791 306 2836 Credimus,
324 2801 362 2828 non
375 2787 492 2843 simpliciter
503 2787 625 2843 accipienda,
641 2789 676 2830 sed
690 2789 714 2830 de
725 2789 762 2831 lide
773 2789 793 2830 in
806 2790 864 2831 deum

82 2857 210 2913 intelligenda
222 2856 284 2898 venit.
314 2858 440 2896 Ecetranum
452 2845 617 2897 domicum'lesum
628 2859 733 2907 Chrr'stam,
750 2872 814 2913 neque
826 2857 864 2899 boc

82 2933 188 2982 utcumque
199 2925 280 2977 dictum,
297 2925 331 2967 sed
341 2925 365 2966 ad
375 2924 433 2966 fidem
445 2924 465 2966 in
479 2925 536 2966 deum
548 2925 684 2967 referendum.
709 2929 738 2968 Et
746 2930 766 2967 z'o
775 2930 864 2980 spiratum

81 3002 179 3042 sanctam,
202 2994 253 3051 qttod
267 3007 331 3049 neque
341 2992 456 3049 simpliciter
465 3000 579 3050 usurpatum
592 3000 635 3045 est,
657 2995 724 3037 sedin
736 3009 795 3036 unam
806 3008 865 3052 prae-

83 3064 201 3106 dicationem
213 3076 237 3104 ac
247 3062 343 3118 gloriam,
359 3062 379 3104 iu
389 3076 450 3104 uuam
460 3062 568 3105 divinitatis
579 3063 752 3117 coniunctionem,
772 3062 794 3105 in
803 3077 865 3107 unam
