1988 3392
243 227 336 262 Pannnn
348 227 390 261 Llll.
399 227 429 261 lll.
441 227 496 262 TOM.
508 227 522 261 1.
534 225 602 260 flant.
614 224 689 259 LXXll.
830 216 856 257 61

72 311 135 352 scribe
151 313 212 351 ori¹nm
224 311 393 351 concatenatum
408 311 513 360 aommem‚·
535 310 623 364 qncvn'mn
637 323 675 348 aon
692 313 767 347 crescet
779 320 804 346 en
817 292 859 346 e'z'zvs

72 382 143 421 semeae
154 383 246 434 preireeps
261 382 343 433 amplum
358 382 378 420 in
392 381 452 428 Indu,
469 382 535 420 sedens
550 381 570 420 in
586 380 654 418 tarano
668 379 738 417 David.

130 446 180 491 Post
191 449 240 491 haee
256 463 300 490 cum
313 462 340 491 ex
354 447 436 490 Asteria
446 445 556 491 Marcellus
572 445 667 489 nonnrrlla
681 443 961 490 commemorassetcar·l'¹11·

73 517 159 560 subiecit
173 517 269 561 Aeacius.

131 586 168 629 His
179 587 246 643 itaque
259 586 343 643 positis,
365 586 444 642 longius
454 586 531 634 Ι1111111111
543 599 663 643 progressus
674 585 781 640 imaginem
793 584 859 625 salva·

73 654 123 697 toris
134 662 154 697 ct
165 655 285 709 essentiam,
306 662 327 697 et
343 654 396 697 unici
414 655 447 696 [ilii
464 669 491 697 ex
505 662 574 711 patre,
597 668 686 696 necnon
702 661 722 695 et
733 652 859 710 primogeniti

73 724 137 766 omnis
149 732 253 767 creaturae
264 725 397 767 conditionem
412 738 500 780 negans,
516 731 575 780 atque
585 723 638 765 illam
651 723 739 765 eiusdem
753 722 859 776 singulari·

73 799 147 845 tatem,
164 808 214 850 quae
226 809 239 836 a
251 794 347 850 singulari
359 794 397 835 leo
409 801 488 845 manat,
505 801 526 834 et
536 792 680 849 perlectionem
691 807 702 834 a
715 792 816 849 perlecto,
839 798 860 833 et

73 862 148 918 regiam
161 863 186 905 ab
196 876 245 917 rege
257 869 386 918 potestatem,
409 876 420 903 a
433 861 512 902 domino
525 860 657 913 dominatam,
679 869 701 903 et
711 861 835 903 divinitatem
848 876 860 902 a

73 931 123 984 deo,
140 939 160 973 et
170 931 278 974 essentiam
291 931 376 987 lectique
387 945 411 972 ac
423 929 535 982 consilinm,
551 928 656 981 virtutem,
673 930 795 985 gloriamque
806 930 859 972 nullo

73 1000 131 1041 modo
141 1001 232 1043 diversae
244 1000 336 1055 imaginis
348 999 380 1042 dei
390 998 476 1041 funditus
490 998 575 1048 tollens,
592 1011 656 1053 neque
667 998 735 1054 paucis
747 998 814 1040 verbis
826 1014 859 1040 eo-

72 1082 116 1110 rarn
132 1068 244 1111 hominibus
263 1069 366 1120 inficians,
393 1068 482 1123 adeoque
502 1080 568 1108 coram
588 1073 643 1122 patre
661 1066 715 1109 illius
732 1066 857 1119 inlicianan

73 1137 122 1179 haee
137 1146 205 1195 aperte
220 1138 332 1194 scripsisti:
355 1136 458 1179 Eiusmodi
473 1136 534 1177 verba
551 1149 631 1192 pravam
645 1135 707 1192 ipsius
725 1138 749 1178 de
761 1136 823 1192 patris
835 1151 858 1178 ac

73 1207 107 1249 lilii
121 1206 224 1250 divinitate
234 1207 354 1249 sententiam
367 1213 434 1262 aperte
447 1206 592 1247 demonstrant.
624 1203 700 1246 Verum
714 1212 733 1247 tu
743 1204 783 1246 illis
795 1205 860 1261 potius

73 1276 170 1332 negandis
184 1289 298 1333 perversam
311 1276 478 1332 depravatamqne
489 1281 542 1315 tuam
556 1273 580 1314 dc
593 1270 669 1315 Christi
681 1273 784 1316 divinitate
794 1282 815 1316 et
828 1289 860 1316 es-

74 1345 140 1387 sentia
156 1344 268 1403 opinionem
284 1352 351 1386 rectae
367 1344 412 1386 lidci
427 1343 547 1385 contrariam
563 1341 666 1399 perspicue
684 1342 807 1399 prodidisti.v

129 1412 179 1456 Post
194 1414 242 1456 haec
256 1411 349 1455 Marcelli
366 1412 427 1455 verba
442 1411 530 1453 subiicit.
867 1419 907 1466 cap.
920 1420 951 1453 tX.

130 1484 200 1539 Inepta
211 1482 293 1538 proinde
304 1488 351 1524 sunt
364 1494 415 1538 quae
424 1478 534 1522 Marcellus
543 1479 628 1522 adiecit:
644 1478 701 1522 Nihil
711 1495 792 1534 eorum,
809 1497 859 1538 qnae

74 1558 133 1593 antea
145 1557 349 1602 commemoraverat,
366 1563 411 1592 esse
424 1550 504 1601 statuit3
520 1556 541 1590 tn
556 1547 607 1589 enim
620 1548 704 1590 istorum
716 1550 804 1591 omnium
815 1565 861 1593 esse

75 1634 147 1662 censes
164 1619 280 1675 imaginem.
310 1617 368 1661 Unde
379 1618 396 1659 si
407 1616 508 1659 esseutiae
520 1617 586 1673 imago
598 1624 640 1669 est,
661 1618 704 1674 ipsa
718 1632 764 1660 esse
775 1634 815 1660 uon
825 1634 861 1676 po·

75 1696 115 1731 test
132 1688 228 1731 essentia.
259 1686 287 1729 Et
303 1687 320 1730 si
333 1685 410 1729 consilii
426 1685 493 1741 imago
509 1686 549 1738 sit,
571 1686 675 1729 consilium
690 1686 754 1744 ipsum
768 1701 814 1730 esse
825 1702 861 1730 ne-

75 1758 128 1815 quit3
145 1771 209 1813 noque
221 1755 297 1809 vinus,
314 1755 331 1798 si
342 1754 434 1807 virtutis;
450 1768 515 1810 neque
525 1753 602 1811 gloria,
624 1755 641 1796 si
651 1756 729 1811 quidem
740 1756 807 1812 imago
817 1757 861 1812 glo-

75 1825 118 1867 riae
132 1833 170 1867 est.
200 1823 253 1866 Nam
267 1824 333 1880 imago
349 1839 390 1866 uon
406 1823 522 1879 suiipsius,
546 1824 580 1865 sed
598 1824 681 1866 alterins
696 1825 779 1866 alicuius
794 1825 861 1881 imago

77 1902 116 1936 est.
148 1891 189 1936 Set
206 1893 256 1934 haec
273 1892 361 1946 insulsa,
382 1890 492 1944 Marcelle,
513 1900 560 1934 sunt
576 1907 599 1934 ac
616 1894 671 1935 falsa.
702 1893 797 1935 Asterius
808 1894 861 1935 enim

76 1961 142 2004 orrrnia
160 1962 209 2004 haec
227 1961 282 2003 illum
299 1976 345 2004 esse
360 1961 434 2003 iudicat
452 1974 503 2016 quae
520 1969 579 2003 antea
591 1961 715 2015 numeravit,
738 1976 782 2003 eum
798 1961 859 2004 o‘ixit:

76 2030 123 2073 Rex
135 2044 215 2086 regem,
239 2030 330 2072 dominns
345 2029 456 2081 dominum,
478 2030 527 2070 deus
542 2031 608 2072 deum.
640 2029 718 2085 Quibus
730 2030 797 2072 verbis
808 2038 861 2072 tuam

75 2099 128 2141 illam
146 2098 252 2140 inanimam
269 2097 364 2154 effigiem,
386 2112 410 2139 ac
427 2098 483 2151 solo,
506 2106 526 2140 nt
543 2096 654 2150 arbitraris,
677 2098 762 2140 hominis
777 2098 861 2141 artificio

76 2167 203 2209 constitutam
218 2166 304 2208 funditus
317 2166 397 2209 evertit.
420 2165 497 2223 Quippe
508 2167 585 2209 illorum
597 2166 683 2208 omnium
695 2168 761 2210 vivam
772 2181 817 2209 esse
825 2168 860 2209 do-

76 2235 232 2290 cetimaginem.
263 2234 308 2277 Hoc
319 2243 351 2277 est
363 2235 430 2278 vivam
443 2237 484 2277 vivi
498 2234 596 2291 genitoris
608 2234 704 2291 effigiem,
727 2242 748 2278 et
758 2236 860 2279 essentiae

72 2305 191 2357 essentiam,
205 2310 224 2345 et
236 2303 313 2345 consilii
325 2302 438 2356 consilinm,
449 2303 529 2346 virtutis
536 2304 639 2356 virtutem,
653 2311 673 2345 et
679 2304 755 2360 gloriae
763 2304 860 2360 gloriam3

76 2386 141 2429 neque
153 2386 212 2429 porro
223 2371 338 2428 suiipsius,
354 2372 389 2414 sed
400 2373 483 2415 alterins
493 2373 600 2428 imaginem
611 2386 656 2414 esse
666 2373 796 2416 demonstrat.
828 2372 862 2415 Tu

77 2454 125 2484 vero
143 2455 187 2482 cnm
206 2440 263 2481 deum
282 2453 308 2482 ex
323 2440 361 2482 dco
373 2440 434 2482 1111111
446 2455 492 2484 esse
504 2442 567 2493 nolis,
589 2454 654 2496 neque
665 2441 731 2483 lumen
742 2441 766 2483 de
778 2441 860 2494 lumine,

76 2522 141 2565 neque
153 2508 246 2551 virtutem
258 2522 285 2550 ex
296 2508 382 2561 virtute,
404 2524 468 2566 neque
480 2511 549 2563 deum,
571 2523 635 2565 neque
648 2509 727 2562 lumen,
744 2523 809 2565 neque
821 2509 862 2551 vir-

76 2585 150 2630 tutem,
166 2591 203 2619 nec
214 2577 335 2631 essentiam,
352 2592 415 2634 neque
427 2578 544 2632 consilium,
566 2592 630 2634 neque
649 2578 733 2633 gloriam
744 2592 790 2619 esse
800 2578 862 2620 lilium

76 2646 181 2689 existimas
210 2646 222 2672 *
251 2646 262 2669 *
292 2648 304 2673 *
333 2647 367 2690 sed
384 2647 432 2689 haec
451 2647 511 2704 impie
528 2661 612 2703 corpus,
636 2647 707 2702 influe
722 2647 799 2699 11111111,
822 2662 862 2690 una

77 2729 121 2757 cum
138 2715 177 2758 illis
188 2712 315 2770 extinguunt.
348 2718 376 2757 lta
393 2715 474 2758 loannis
490 2716 538 2758 illml
548 2715 683 2757 testimonium
695 2715 795 2771 abnegas,
816 2718 862 2756 dens

76 2884 139 2931 δόξαν,
152 2885 459 2933 βουλήνσείί.)1111111111111111
480 2886 525 2928 sita,
545 2893 574 2922 ant
590 2894 671 2933 corrupta
687 2890 745 2921 sunt‘¹.
776 2889 863 2922 Carnarius

77 2944 148 2978 corpore
164 2932 252 2966 interitura
268 2943 305 2966 esse
319 2933 337 2966 in
353 2933 386 2966 fine
400 2933 459 2966 mundi
481 2936 529 2967 emta
542 2944 562 2968 ec
570 2936 622 2967 certis
632 2936 709 2976 expressit
718 2936 742 2967 ita
751 2933 814 2966 Verum
824 2945 862 2967 cor·

77 2990 151 3013 censeas.
176 2981 209 3014 Pro
219 2974 239 3012 τό
250 2978 302 3023 σῶμα
311 2981 417 3021 possitelimn
427 2976 458 3015 mi-
480 2991 511 3025 pus
527 2980 569 3014 haec
584 2979 642 3013 abolet
657 2979 709 3025 impie
724 2980 742 3013 in
757 2991 863 3014 cousumma-

76 3023 96 3061 τό
109 3026 164 3071 σῶμα,
188 3026 265 3060 Petovtns
280 3028 359 3069 tamarp.
374 3027 457 3060 seaeant·
480 3026 576 3061 monacum
586 3025 619 3060 his.

77 3073 123 3107 tionis
136 3073 222 3115 adscripsit
237 3072 298 3116 „llaec
311 3072 366 3107 alieno
377 3070 416 3106 loco
427 3084 462 3117 po-
