1988 3392
261 223 355 258 rinnau
366 223 410 257 cra.
420 224 450 257 ur.
462 223 518 258 rom.
528 224 550 257 n.
561 222 630 256 uuna.
641 221 731 256 cxxvii.
846 214 889 256 359

102 306 127 348 iis
140 316 190 360 quae
202 303 235 346 vel
246 303 271 346 ab
281 303 321 346 illis
334 302 367 346 vel
381 303 404 344 ab
418 304 462 346 aliis
475 303 598 355 audivimus,
620 308 642 343 ut
653 302 750 344 adversus
762 315 798 344 eos
811 301 888 345 scribe·

104 385 169 416 remus
180 371 255 414 inducti
265 372 340 424 simus,
357 371 422 414 sedet
434 371 513 413 aliunde
525 372 603 428 planum
615 371 687 413 lactum
700 370 737 421 sit,
759 370 807 412 nihil
819 384 856 412 nos
866 370 888 413 iu

102 443 156 499 ipsos
168 440 290 483 calumniose
306 440 426 494 contulisse,
448 440 541 495 deinceps
557 446 670 496 susceptam
681 439 701 480 in
712 438 757 480 illos
770 439 888 496 disputatio-

102 524 147 553 nem
159 516 258 566 repetam,
273 523 298 550 ne
310 509 343 551 vel
353 508 489 558 tenuissimam
502 508 526 549 de
538 508 595 549 uobis
609 508 719 557 calumniae
732 515 802 550 contra
813 509 887 551 fratres

103 584 183 621 nostros
198 577 330 634 suspicionem
344 578 462 634 relinquam.
494 575 617 632 Quamquam
635 576 725 633 equidem
745 576 782 618 hoc
799 576 887 633 ipsorum

103 660 174 689 caussa
185 646 291 688 etiamnum
303 659 382 703 precor,
400 653 421 687 nt
430 659 481 702 quae
492 645 596 687 molestiae
607 646 696 687 nonnihil
708 644 765 687 nobis
775 646 886 699 attulerint,

102 716 207 771 aliquando
224 714 337 771 corrigant,
360 728 385 756 ne
402 721 422 756 et
432 714 460 756 illi
473 714 535 756 nostri
548 721 568 756 et
577 713 656 755 illorum
670 727 706 755 nos
716 713 812 757 iacturam
826 714 887 756 lacia-

102 797 154 826 mus.
185 782 229 825 Hoc
246 784 298 824 enim
315 797 460 839 saepenumero
471 797 507 839 per
519 783 596 839 legatos
611 782 636 823 ab
648 782 673 823 iis
684 783 827 839 postulavimus
840 783 887 824 bor·

101 852 176 907 tatique
193 865 272 904 sumus,
295 859 315 893 et
332 852 383 892 idem
399 851 506 907 impetrare
525 852 583 892 modo
600 851 714 903 studemus,
736 857 758 891 ut
773 852 827 892 omni
839 865 887 893 con-

101 920 190 962 tentione
201 920 289 971 sublata,
306 920 439 978 apostolorum
453 921 620 975 evangelistarum
633 933 656 960 ac
667 927 744 976 patrum
755 920 828 963 divinis
839 934 886 962 san-

101 989 200 1031 ctionibus
210 989 311 1042 insistant,
324 1004 346 1031 ac
357 989 457 1041 sincerae,
473 987 556 1040 solidae,
572 989 704 1030 inconcussae
717 995 737 1029 et
748 990 886 1045 undecumque

101 1057 222 1100 iustissimae
237 1057 283 1100 lidei
298 1058 442 1115 professionem
457 1064 586 1100 conservent.

159 1123 254 1171 Ceterum
267 1127 347 1169 memini
359 1127 418 1168 hoca
430 1126 546 1183 quibusdam
558 1140 585 1167 ex
599 1126 677 1171 illorum
690 1141 752 1183 grege
764 1127 828 1169 minus
840 1141 886 1170 esse

101 1203 209 1248 narratum,
223 1194 325 1239 Christum
336 1195 436 1238 dominum
446 1210 486 1237 non
496 1195 546 1238 hanc
556 1203 644 1237 nostram
653 1196 785 1252 assumpsisse
796 1210 884 1250 carnem,

100 1266 135 1309 sed
148 1265 222 1309 diversi
233 1266 313 1323 generis
325 1265 392 1308 aliam.
424 1264 483 1321 Quod
494 1264 568 1307 utinam
582 1279 609 1307 ex
625 1265 697 1308 affectu
713 1265 805 1308 laudandi
822 1266 885 1308 hono-

100 1334 196 1391 randique
213 1335 318 1377 lactarent.
349 1333 402 1376 Nam
417 1341 438 1377 et
455 1348 491 1376 nos
506 1342 595 1376 sanctum
611 1334 657 1376 illud
672 1349 718 1376 esse
731 1349 803 1393 corpus
821 1335 885 1382 illiba-

100 1412 180 1460 tumque
190 1404 285 1457 dicimus,
301 1404 371 1460 quippe
384 1404 435 1458 quod
447 1406 521 1444 nullum
533 1419 614 1457 cnqrmm
622 1412 722 1456 peccatum
733 1408 833 1454 commr'se't,
849 1410 988 1450 cccl-Pomt-

100 1477 120 1515 r'n
131 1476 172 1514 eim
182 1476 281 1514 credetur
292 1475 379 1515 inuentus
392 1480 432 1523 est,
457 1473 507 1528 quod
526 1472 604 1528 quidem
619 1486 678 1515 uerno
692 1488 731 1515 non
745 1472 839 1530 intelligit
851 1475 885 1530 qui

80 1577 81 1580 ,
100 1543 124 1583 de
135 1539 216 1584 Christo
234 1542 265 1598 pie
278 1543 393 1598 profiteatur
404 1555 426 1583 ac
438 1540 519 1582 sentiat.
551 1540 627 1583 Verum
640 1542 677 1583 etsi
689 1557 760 1599 purum
774 1544 885 1599 integrum-

99 1624 137 1667 que
149 1625 221 1668 corpus
232 1610 297 1662 illius,
314 1611 365 1667 quod
379 1610 497 1667 assumpsit,
513 1610 566 1653 idem
578 1624 624 1652 esse
636 1625 679 1652 cnm
694 1618 763 1653 nostro
776 1612 883 1666 fateamur,

99 1687 131 1721 est
147 1679 184 1720 hoc
196 1680 260 1736 ipsum
273 1686 338 1721 tannen
351 1679 371 1720 in
384 1678 453 1731 nobis,
476 1678 509 1734 qui
520 1680 598 1735 quidem
609 1680 747 1735 peccavimus,
770 1680 883 1723 conditione

99 1763 123 1790 ac
132 1747 228 1803 dignitate
241 1748 321 1791 multum
335 1747 430 1800 inierius,
447 1762 487 1789 non
500 1749 550 1803 quod
563 1748 648 1790 alienum
661 1749 731 1790 abillo
744 1748 770 1791 sit
782 1756 802 1790 et
812 1749 884 1791 abhor-

99 1831 159 1869 rens,
182 1818 217 1859 sed
233 1817 284 1873 quod
302 1824 382 1874 peccata
400 1823 468 1858 sunta
481 1816 538 1859 nobis
554 1817 664 1872 delictaque
676 1818 818 1873 quamplurima
830 1833 884 1860 com-

99 1886 167 1928 missa.
195 1884 264 1941 Quare
280 1900 319 1927 non
335 1886 387 1927 aliud
405 1899 429 1926 ac
442 1900 479 1927 nos
496 1885 615 1928 habemuse
628 1883 883 1943 Christocorpusassum·

99 1962 152 2012 ptum
162 1962 205 2007 est,
226 1955 262 1997 sed
277 1954 329 1996 idem
344 1954 425 1996 omniuo
442 1968 514 2011 corpus
527 1962 558 1997 est
573 1955 624 2011 quod
638 1955 658 1997 iu
669 1956 703 1997 illo
713 1963 815 1998 servatum
827 1963 848 1998 et
858 1956 882 1999 ab

100 2023 152 2065 omni
168 2024 287 2080 contagione
299 2023 419 2066 vindicatum
435 2030 473 2064 est.

156 2090 265 2135 Praeterea
283 2100 330 2134 sunt
346 2093 398 2133 inter
413 2092 458 2134 illos
474 2091 533 2147 aliqui
547 2092 570 2134 ad
586 2092 699 2149 hocusque
712 2101 883 2150 tempuscouten-
914 2103 956 2146 cap.

100 2161 159 2203 tionis
171 2162 223 2203 avidi
236 2176 259 2203 ac
270 2162 396 2218 perabsurdis
408 2161 534 2218 opinionibus
543 2161 624 2213 irretiti,
641 2177 680 2203 non
692 2163 794 2206 doctrinae
804 2171 883 2220 patrum
912 2149 952 2185 XV·

99 2230 240 2283 inhaerentes,
263 2231 380 2285 neqccfldez'
395 2239 452 2285 captet
466 2232 580 2280 reticentes,
602 2246 627 2271 ec
641 2247 678 2286 prro
694 2247 748 2273 omne
761 2248 831 2287 corpus
844 2249 882 2287 per
890 2239 930 2278 Enh·
940 2241 955 2278 4,
964 2239 990 2270 lc..

98 2314 199 2353 compages
211 2307 230 2340 et
240 2303 315 2340 articulo
326 2302 465 2353 suppeditatum
475 2307 496 2339 er
504 2307 655 2353 coagmentatum
668 2309 753 2354 cogetur
767 2306 882 2344 r'rrcrernento

99 2372 141 2417 dei,
164 2375 185 2409 nt
201 2368 287 2424 apostoli
303 2368 371 2410 verbis
388 2374 445 2419 utar,
467 2368 502 2408 sed
519 2381 579 2410 aures
594 2382 640 2410 suas
656 2370 765 2412 alienorum
781 2371 883 2414 hominum

100 2436 247 2479 narrationibus
270 2435 512 2493 perturbari'patientes,
538 2451 578 2478 uon
600 2437 691 2480 dissimili
711 2453 734 2480 ac
753 2439 882 2494 Valentinus,

98 2504 177 2548 Marcio
188 2504 358 2562 Manichaeusque
370 2505 460 2558 ratione,
482 2504 566 2547 conficta
578 2507 685 2561 quaedam,
702 2508 721 2549 in
734 2509 829 2551 bonorem
842 2509 882 2551 sci-

98 2575 145 2617 licet
157 2571 240 2627 Christi,
257 2575 359 2616 mendacia
371 2589 408 2631 pro
419 2574 473 2616 veris
485 2573 608 2628 dogmatibus
621 2575 735 2618 obtrudunt.
767 2576 818 2620 Cum
828 2579 882 2621 cuim

98 2643 176 2685 anobis
193 2643 275 2685 audiunt
286 2641 387 2686 Christum
404 2651 472 2686 nostro
491 2642 553 2685 luisse
570 2658 654 2700 corpore
669 2646 792 2703 praeditum,
815 2648 882 2691 statim

97 2807 181 2861 prppcsutt
194 2806 236 2839 hono
246 2801 302 2860 Ἡμ
295 2816 310 2844 ις
325 2802 345 2839 δὲ
360 2802 391 2838 καὶ
404 2801 446 2839 atet
459 2802 478 2840 τὸ
503 2805 563 2849 qnod
558 2817 595 2850 ipse
603 2807 686 2851 suscepit
702 2814 720 2841 at
731 2820 772 2853 prae
788 2809 835 2842 1110
829 2822 882 2854 ipsius

99 2851 151 2909 opica
162 2849 181 2884 λε’
173 2862 237 2907 ςγομειὲ
250 2861 291 2892 οπερ
301 2846 363 2884 και
341 2848 383 2884 αυτὸ
393 2850 418 2894 τῷ
427 2848 478 2893 q‘pmr
501 2862 553 2894 puro
557 2863 637 2895 corpore,
649 2854 666 2886 in
678 2853 727 2887 nohis
741 2855 769 2898 qui
782 2857 882 2900 transgressi

99 2897 160 2951 elhqqe
171 2897 206 2952 (uel
215 2894 257 2931 odsi
268 2895 293 2940 τῷ
305 2893 356 2940 ημῶι
367 2893 386 2931 τὸ
401 2897 477 2952 qoipcl.
501 2908 563 2937 sumus,
576 2908 609 2930 non
623 2899 669 2941 quod
681 2900 753 2933 alienum
764 2908 794 2934 aut
806 2902 847 2935 atius
859 2901 882 2935 sit

99 2953 141 2998 opep
158 2954 173 2975 ιι.
184 2939 237 2999 opeda
253 2931 322 2986 εῗλὴφε)
336 2953 369 2997 nup
387 2937 429 2977 clad
442 2940 477 2987 [δὲ]
501 2944 573 2986 generis,
584 2943 663 2978 deficiens
674 2958 694 2979 ac
707 2946 776 2980 inferius
788 2959 834 2989 esse,
850 2948 882 2982 sed

98 2984 167 3032 τὸᾶχρ-
178 2986 230 3023 odacri
243 2988 306 3032 σῶμα,
318 2984 443 3031 coquerem,
461 2992 479 3020 ut
500 2996 609 3033 peccatorum
624 3001 644 3023 ae
665 2991 765 3026 delictorum
784 2973 881 3029 nostiorum

99 3042 153 3066 sensus
168 3038 207 3067 esset
224 3035 261 3067 Nos
277 3041 333 3066 autem
350 3033 416 3065 etiamsi
432 3013 479 3066 idem
500 3034 619 3069 tantummodo
630 3045 714 3083 respectu

100 3090 136 3112 esse
148 3090 186 3112 cum
196 3086 255 3113 nostro
273 3090 333 3126 corpus
349 3078 391 3113 illud
402 3078 477 3121 dicimus,
