1988 3392
257 219 350 254 ramnum
361 220 404 253 LlB.
413 221 444 254 Ill.
455 222 511 256 Tota.
521 223 542 255 ll.
553 221 623 254 flaua.
630 219 728 253 Lxxvtn.
843 214 885 254 423

100 299 231 344 immortalem
249 314 391 356 perseverasse
404 300 488 353 delicio,
510 308 544 343 aut
557 308 621 342 ntrnm
637 307 715 341 mortua
727 301 753 341 sit
767 301 886 341 confirmare

102 382 190 427 possum.
222 366 299 426 Quippe
313 368 412 425 scriptura
429 382 487 411 sacra
505 371 577 411 mentis
590 369 687 411 humanae
703 376 780 423 captum
796 375 886 425 praeter-

101 450 171 494 gressa
184 450 226 479 rem
239 438 259 479 in
272 438 349 479 incerto
365 436 456 492 reliquit,
478 446 559 494 propter
574 452 611 480 vas
624 437 672 480 illud
686 437 781 478 eximium
793 451 817 479 ac
827 452 886 494 prae-

86 522 88 525 ·
101 514 169 559 stans,
186 520 211 549 ne
221 507 265 563 quis
276 505 342 549 carnis
355 506 455 564 propriam
468 506 527 556 ullam
540 506 557 548 ei
569 506 684 549 foeditatem
696 505 804 548 adscribat.
836 503 886 548 Sive

101 577 161 634 igitur
173 583 251 619 mortua
262 577 299 630 sit,
323 576 434 630 nescimus,
457 577 500 618 sive
512 578 627 633 consepulta
639 577 676 628 sit,
694 584 815 635 nontamen
826 576 885 618 ullam

102 653 132 689 est
148 646 307 689 coniunctionem
328 646 417 703 corporis
438 654 534 704 experta;
559 642 611 689 absit
630 654 651 689 ut
668 647 715 689 illud
736 646 885 689 existimemus.

102 715 152 772 Quis
164 722 195 757 est
206 723 271 757 antem
288 715 320 771 qni
340 716 427 758 lcirorem
442 716 479 758 sibi
492 723 512 757 et
524 715 621 758 insaniam
639 717 741 758 asciscens
753 723 828 758 tantam
839 715 886 757 bea·

101 792 133 826 tae
144 783 217 840 virgini
233 784 373 827 contumeliam
388 784 437 826 velit
447 784 562 841 imponere,
585 792 638 827 ctos
655 799 712 827 sunm
725 786 822 827 adversus
832 785 885 827 illam

101 853 203 904 attollere,
225 853 294 895 laxare
306 853 405 908 lingnam,
427 853 451 894 ad
466 852 580 908 pestiferam
592 853 645 895 illam
661 854 827 909 pronuntiandam
839 867 886 895 sen-

99 922 180 963 tentiam
192 921 247 963 labra
259 921 365 964 diduceret
380 936 416 978 pro
428 921 526 972 laudibus,
539 936 562 962 ac
574 922 686 977 praeconiis
697 922 770 978 probra
782 930 885 964 contume-

101 990 177 1046 liasque
189 990 326 1032 comminisci?
346 998 487 1032 sacrosanctae
503 990 600 1031 insultare
614 990 700 1045 virgini?
722 1005 759 1033 vas
771 991 818 1032 illud
830 990 886 1032 deni-

101 1073 139 1116 qne
154 1059 208 1100 omni
224 1059 300 1101 honore
316 1059 395 1115 dignum
412 1059 465 1101 nullo
481 1059 556 1101 honore
572 1073 655 1116 prorsus
670 1060 762 1101 afficeret

158 1125 217 1183 Qtrod
228 1129 244 1170 si
259 1134 279 1170 et
290 1128 369 1170 aliunde
385 1129 474 1170 rationes
492 1129 602 1170 translerre
616 1128 687 1178 liceat,
711 1127 756 1184 quid
769 1142 835 1170 rerum
852 1142 886 1170 na·
898 1136 990 1181 Gapxtt

103 1205 146 1239 tura
157 1197 199 1254 ipsa
212 1198 263 1238 ierat
276 1198 375 1256 paululum
389 1198 546 1240 consideremus.
577 1195 679 1239 Leaenam
690 1197 756 1253 itaque
768 1197 834 1239 ierunt
846 1212 886 1239 non

100 1266 138 1307 nisi
150 1266 212 1307 semel
224 1279 308 1321 perere3
329 1267 384 1308 cuins
399 1267 429 1307 rei
444 1266 495 1308 harre
513 1280 559 1307 esse
572 1266 669 1307 rationem
683 1266 734 1321 quod
747 1266 821 1307 animal
833 1265 886 1307 istud

100 1323 250 1376 voracissimum
262 1335 300 1386 sit,
317 1334 385 1376 colore
398 1335 485 1386 fulvum,
503 1334 625 1376 validissimo
637 1334 710 1375 robore
724 1342 796 1390 atque,
812 1340 834 1375 ut
846 1348 885 1376 nno

100 1402 162 1443 verbo
174 1402 249 1454 dicam,
272 1404 328 1457 regia
343 1395 426 1458 quadam
444 1402 539 1457 dignitate
557 1402 630 1444 ceteris
646 1402 764 1453 antecellat,
786 1417 846 1457 porro
858 1416 885 1444 ex

100 1484 139 1511 nno
151 1470 236 1525 continge
248 1470 347 1526 concipiat
358 1471 470 1525 festumque
481 1484 519 1511 sex
530 1477 551 1511 et
560 1470 631 1525 viginti
642 1477 695 1511 totos
705 1484 786 1518 menses
796 1471 816 1511 in
828 1478 885 1512 utero

100 1545 169 1592 gerat,
192 1539 242 1578 aden
261 1545 281 1579 ut
299 1538 332 1579 ille
350 1552 397 1594 prae
416 1538 560 1593 longinquitate
577 1538 673 1593 temporis
693 1538 772 1579 adultus
793 1539 886 1580 dentibus

100 1605 190 1647 omnibns
204 1612 263 1660 atqne
276 1605 375 1661 unguibus
386 1620 430 1647 enm
442 1605 495 1647 iusta
507 1606 596 1660 corporis
610 1613 686 1647 statura
699 1605 799 1661 praeditus
812 1606 839 1646 sit
851 1620 886 1647 an-

99 1680 178 1729 tequam
193 1673 213 1714 in
227 1674 290 1714 lucem
305 1675 398 1729 prodeat,
419 1680 478 1728 atque
495 1680 515 1714 et
527 1674 671 1724 claviculares,
693 1687 743 1728 qnos
758 1682 844 1725 vocant,
866 1682 887 1715 et

100 1743 182 1784 caninos
198 1743 267 1783 dentes
284 1756 307 1783 ac
318 1743 404 1783 molares
417 1741 502 1793 habeat,
524 1749 544 1783 et
557 1742 595 1783 alia
607 1741 674 1782 omnia
686 1755 736 1796 qnae
747 1742 827 1783 animali
840 1741 885 1783 huie

100 1826 111 1852 a
125 1818 195 1852 natura
209 1825 305 1852 concessa
318 1818 372 1852 sunt.
403 1807 456 1851 Dum
468 1810 529 1866 igitur
541 1810 610 1852 matris
622 1818 679 1852 utero
690 1811 816 1862 continetur,
838 1810 886 1853 snb-

100 1880 190 1922 snltando
206 1880 343 1935 movendoque
361 1892 419 1931 sese,
441 1887 475 1920 ant
491 1879 616 1935 alloqueris
632 1880 701 1930 modo,
726 1881 795 1921 matris
807 1886 885 1922 uterum

99 1949 176 1992 laniare
187 1949 283 2006 unguibus
296 1963 320 1990 ac
332 1948 446 2004 discerpere
459 1955 548 1990 ctarrant.
581 1946 649 2003 Quare
664 1962 707 1990 enm
720 1949 743 1990 ad
755 1955 832 2006 partum
845 1963 886 1990 tata-

100 2027 131 2061 tcr
141 2020 232 2072 averterit,
249 2019 318 2060 eadem
334 2018 368 2060 illa
382 2019 413 2060 die
425 2017 449 2059 ala
461 2017 514 2060 omni
527 2017 650 2075 parturiendi
662 2018 775 2061 conditione
787 2033 811 2061 ac
824 2019 886 2061 mole-

100 2090 136 2132 stia
148 2096 238 2132 ventrem
253 2088 305 2130 illins
322 2087 410 2130 liberari.
443 2085 545 2142 Siquidem
562 2088 582 2129 in
598 2087 642 2144 ipso
658 2094 714 2144 partu
728 2088 884 2141 etenensium,

100 2173 123 2201 ac
136 2159 238 2201 matricem
255 2157 338 2200 excerni
353 2157 471 2199 naturalium
484 2171 550 2199 rerum
566 2157 693 2213 indagatores
707 2154 812 2210 asserunt,
835 2160 885 2200 adeo

100 2235 121 2270 ut
132 2228 184 2270 trulla
195 2228 214 2270 in
227 2234 327 2284 posterum
337 2226 418 2268 veneris
429 2227 535 2284 cupiditate
547 2233 647 2282 tangatur,
664 2226 702 2268 nisi
714 2226 778 2283 aliqua
790 2226 820 2270 vis
830 2227 886 2269 adhi-

99 2297 177 2340 beatnr.
209 2295 296 2352 Quodsi
311 2310 384 2338 marem
401 2296 489 2353 experiri
502 2303 595 2353 cogatur,
618 2310 658 2338 non
670 2296 753 2353 amplius
765 2303 831 2338 tamen
844 2298 886 2339 loe-

100 2373 140 2407 tum
155 2372 234 2422 gestare
250 2379 321 2420 posse,
346 2372 413 2421 utpote
431 2379 481 2420 quae
498 2366 580 2407 matrice
597 2372 672 2407 eareat.
704 2363 750 2420 Qua
767 2366 845 2421 quidem
859 2380 886 2409 ex

100 2436 216 2476 narratione
229 2434 284 2475 adid
300 2434 323 2475 de
336 2448 375 2489 quc
390 2434 466 2489 agimus
481 2433 629 2476 similitudinem
646 2435 742 2490 quandam
758 2434 805 2476 licet
820 2442 886 2477 trans-

101 2505 165 2556 ferre,
182 2516 233 2558 quac
244 2503 348 2544 utilitatem
359 2503 425 2559 potius
439 2517 498 2558 quam
509 2503 600 2544 damnum
614 2503 692 2559 aliquod
705 2503 808 2544 continere
817 2503 887 2545 videa-

102 2579 140 2614 tur.
177 2570 257 2612 Etenim
273 2572 289 2612 si
307 2572 392 2613 catulum
413 2571 478 2613 leonis
496 2570 562 2613 ludam
581 2569 641 2613 Iacob
661 2572 765 2612 nominans
783 2570 885 2614 Christum
895 2588 981 2626 nemaeo.

101 2641 184 2696 quadam
204 2640 302 2681 sermonis
318 2640 379 2694 ligura
399 2640 536 2692 adumbrarit,
558 2654 601 2681 cnm
617 2654 681 2695 eoque
697 2640 744 2682 illud
761 2655 788 2682 ex
805 2638 886 2683 loannis

101 2708 223 2765 Apocalypsi
236 2708 336 2763 congruit,
352 2711 403 2748 Eece
413 2712 461 2749 oa'eit
470 2711 499 2749 leo
509 2711 532 2749 de
543 2709 594 2749 trita
604 2711 660 2758 laede,
677 2717 698 2749 et
706 2713 730 2750 de
739 2713 799 2764 stripe
810 2713 883 2760 Dnm'd5
894 2727 941 2767 upon
947 2725 962 2766 ⁵7
968 2726 981 2756 5.

101 2792 145 2819 cnm
158 2778 211 2819 leoni
226 2775 316 2818 dominus
330 2776 470 2830 assimulatur,
487 2791 526 2818 non
539 2783 609 2818 natura
621 2777 712 2832 quidem,
729 2778 764 2819 sed
775 2778 886 2820 similitudi-

101 2892 144 2924 editi.
506 2890 530 2923 eit
541 2890 597 2923 Iacob.

124 2933 141 2969 4.
158 2934 233 2979 σκνμνὸς
249 2936 283 2969 ccc,
299 2936 331 2968 lea.
355 2935 431 2979 σκῆμνος
447 2937 482 2969 ced.
529 2936 545 2969 5.
557 2936 661 2969 struendam
672 2934 818 2979 sentententiam
829 2934 846 2969 ἐν
857 2936 887 2980 τῇ.

102 2982 168 3021 eredip.
192 2976 266 3023 caducae
282 2982 318 3012 edit.
332 2983 383 3020 princ.
409 2980 482 3025 exaltarer
506 2982 572 3014 Peracto
582 2982 667 3013 videbatur
677 2979 771 3019 carcinode
781 2980 834 3025 dra-q.
848 2983 887 3014 Cor-

101 3026 126 3057 ed.
143 3027 209 3067 Petam,
230 3030 244 3059 et
261 3026 348 3059 Carnarius
362 3027 390 3065 cut
404 3027 450 3058 nectit
463 3025 482 3058 si
504 3027 617 3058 acrimonte
633 3032 651 3059 et
661 3025 679 3059 in
691 3025 794 3070 Apocalypsi
805 3025 888 3070 seriptum

102 3069 146 3102 enim
156 3070 230 3105 catulum
241 3070 295 3104 leonis
307 3069 365 3102 ludam
376 3070 446 3103 obscure
456 3070 481 3103 di·
505 3076 537 3104 est.
