1988 3392
143 196 185 235 440
429 201 638 235 ελαατιιιειοεικοιιι

144 278 171 332 μή
188 278 236 336 δόξῃ
247 280 276 328 εἷς
286 278 345 335 ῦβριν
359 282 418 320 τινῶν
432 282 491 321 τοῦτο
504 278 609 334 εἰρηκέναι.
635 278 724 334 Ἐρρέθη
736 277 758 320 δὲ
771 278 800 328 είς
809 278 926 336 κατάκρισίν

143 364 203 390 τινων
213 352 253 390 τῶν
264 346 291 403 μή
300 346 400 390 θελόντων
409 351 452 405 θεῷ
463 345 567 402 σχολάζειν,
583 344 632 400 μετά
642 344 664 390 τό
676 344 727 389 κατά
737 344 773 390 τόν
784 345 848 401 νόμον
859 350 926 402 βιοῦν,

144 417 179 458 καὶ
196 414 283 473 εὐλόγως
299 418 407 473 ἐπιγνῶναι
425 414 448 458 τό
465 413 528 459 αότοῦ
544 419 615 467 σκεῦος
629 416 657 466 εἶς
666 416 806 459 παιδοποιίαν·
822 412 850 467 τός
861 417 895 461 καὶ
907 419 929 462 οί

145 486 227 530 παλαιοὶ
243 487 324 544 πατέρες
336 482 393 541 ήμοῖν
403 483 468 544 τούτῳ
480 489 508 545 τηό
517 486 565 530 ε’ίδει
575 485 688 544 κέχρηνται·
710 482 738 537 τίς
747 487 781 530 καί
790 502 832 530 που
842 483 927 543 εὑρήκα-

52 558 136 595 pag.1⁰54.
147 574 182 612 μεν
192 558 288 615 λέγουσαν
299 555 336 612 τήν
346 554 437 613 γραφήν,
451 553 543 612 Ῥεβέκκα
554 557 576 600 δὲ
586 558 607 608 ἐξ
617 554 662 607 ἕυδς
672 557 741 611 κοίτην
751 556 828 612 έχουσα.
861 555 888 600 Τό
899 557 927 612 δὲ,

143 626 178 679 Ἐξ
193 625 249 677 ε’νός,
270 625 332 669 εἶποόν
348 624 465 682 σεμνότερον
476 626 527 681 2μὲν
536 624 655 683 διηγήσατο,
677 626 737 678 ἔδειξε
751 625 773 669 δὲ
784 624 821 681 τήν
831 623 929 682 σύλληψιν

147 695 227 740 δικαίαν
241 689 308 739 οὖσαν.
339 693 400 738 Μετά
415 693 486 753 γάρτό
500 696 602 751 ἐσχηκέναι
611 696 670 738 τέκνα
683 697 771 739 δείκνυσι
780 695 849 750 μηκέτι
858 699 883 754 τῇ
894 714 927 752 γυ-

146 766 202 808 ναικὶ
216 763 277 807 αὐτόν
296 765 432 816 συναφθέντα.
460 762 509 807 Ἀλλ’
525 763 631 821 ἐπειδήπερ
647 762 719 823 ρ’γίδιον
733 764 768 807 καί
784 764 862 820 εὐχερές
877 765 929 807 ἐστιν

147 827 179 877 ε’τιλ
196 831 221 875 τά
231 838 299 887 φαῦλα
315 838 388 886 μᾶλλον
402 834 512 889 τρέπεσθαι
521 831 557 887 τήν
572 831 664 876 διάνοιαν
675 831 726 890 ήτιερ
738 833 772 876 έπὶ
784 831 809 875 τά
823 832 928 889 ἀναγκαῖα,

148 899 258 957 ὀλισθηροῦ
269 900 326 951 όντος
340 905 376 944 τοῦ
391 898 488 957 ἡμετέρου
505 901 637 957 ἀνθρωπίνου
649 905 755 958 λογισμοῦ,
776 901 810 943 καὶ
825 899 851 942 οῦ
862 900 929 956 τάχιον

149 969 272 1019 εὐθύνοντος
289 968 353 1011 αὐτοῦ
367 967 402 1023 τήν
416 967 481 1025 ὁρμήν
491 970 524 1012 ἐπὶ
534 968 570 1024 τήν
580 966 662 1012 εάθεῖαν
672 966 721 1012 όδόν
731 972 767 1011 τοῦ
777 971 860 1023 κυρίου,
881 968 930 1011 ἄλλά

149 1040 252 1086 κλίνοντος
269 1036 298 1090 πή
310 1037 345 1091 μὲν
355 1037 389 1079 ἐπὶ
400 1036 424 1078 τά
436 1035 502 1087 δεξιά,
522 1035 551 1090 πή
563 1036 629 1078 δὲέπλ
643 1035 668 1078 τά
683 1033 786 1091 άριστερά,
806 1036 931 1091 καλβαρέως

148 1109 272 1158 πληροῦντος
278 1104 301 1146 τό
311 1102 367 1159 παρά
377 1107 404 1160 τῷ
412 1108 529 1157 Σολομῶυτι
538 1104 649 1159 εἰρημένον,
665 1102 704 1157 Μή
713 1105 781 1161 κλίνης
791 1104 824 1145 έπλ
834 1100 859 1145 τά
869 1101 930 1154 δεξιά,

150 1173 200 1226 μηδὲ
212 1172 245 1215 ἐπὶ
255 1170 280 1213 τά
290 1169 394 1227 ἀριστερά,
409 1168 469 1212 πάλιν
479 1169 541 1220 άλλως
552 1168 600 1226 ήμῖν
612 1171 747 1227 στρεφομένης
756 1174 792 1225 τῆς
802 1173 873 1221 κακίας
885 1172 931 1226 περὶ

150 1239 198 1290 τοός
210 1238 286 1290 αότοός
296 1237 408 1296 λογισμοός,
423 1240 458 1282 καὶ
470 1237 566 1294 ω’θοῦσης
576 1237 634 1294 ήμῶν
644 1238 667 1282 τό
679 1244 762 1296 σολφρον
773 1238 805 1293 ἐφ’
816 1240 882 1294 ἑτέρας
894 1239 932 1282 πά-

150 1314 180 1353 λιν
199 1306 260 1360 όδοός
277 1310 374 1365 βαδίζειν,
397 1306 572 1364 3οἰσφαλισοίμεθα
589 1303 626 1353 οῦν
641 1307 669 1365 μή
686 1326 730 1361 ποις
748 1307 771 1354 τό
789 1310 932 1367 περισσοτέρως

152 1379 274 1438 ἐγκωμιάσαι
283 1377 320 1435 τήν
331 1379 436 1437 παρθένον
448 1380 528 1436 γένηταί
538 1397 578 1424 τινι
588 1380 616 1431 εἰς
627 1377 674 1424 άλλο
685 1378 805 1438 πρόςκομμα
815 1382 931 1435 φαντασίας.

60 1535 153 1584 qumy'„
211 1521 238 1562 Οί
248 1519 283 1574 μέν
293 1517 331 1576 γάρ
343 1520 371 1569 εἰς
381 1518 416 1562 τόν
426 1517 472 1562 υίδν
483 1521 657 1574 βλασφημοῦντες,
678 1518 773 1576 καθάπερ
785 1537 819 1574 μοι
830 1517 873 1563 άνω
883 1536 932 1577 προ-

152 1586 271 1642 δεδήλωται,
287 1587 346 1641 φάσει
357 1587 501 1645 άπαλλοτριοῦν
512 1586 574 1631 αὐτόν
584 1592 620 1643 τῆς
632 1592 683 1630 1τοῦ
695 1586 772 1646 πατρός
781 1586 879 1643 θεότητος
889 1589 933 1642 ἐφι-

152 1653 288 1711 λοτιμήσαυτο.
312 1655 380 1699 ’Ἄλλοι
391 1656 413 1699 δὲ
424 1655 484 1699 πάλιν
497 1657 567 1713 έτέρως
579 1654 726 1712 φρονήσαντες,
749 1654 777 1706 τίς
788 1659 851 1711 δῆθεν
862 1662 935 1712 ίτιμή-

153 1739 187 1767 σαι
202 1725 345 1781 περισσοτέρως
360 1726 506 1781 προαχθέντες,
526 1724 562 1767 τόν
578 1722 640 1767 αὐτόν
658 1722 708 1767 εἶναι
723 1725 799 1782 πατέρα
812 1723 880 1776 εἶπον,
900 1727 934 1768 καί

152 1793 188 1836 τόν
203 1791 265 1835 αὐτόν
283 1791 340 1844 υίδν,
360 1794 393 1835 καὶ
410 1791 432 1836 τό
450 1790 499 1836 αὐτό
517 1792 575 1849 άγιον
589 1797 677 1846 πνεῦμα·
699 1793 757 1835 3ἔστι
771 1792 793 1835 δὲ
804 1798 847 1842 τοῖς
857 1793 936 1850 μέρεσιν

153 1859 275 1917 άμφοτέροις
286 1860 365 1911 άνίατος
375 1858 388 1915 ή
398 1861 469 1916 πληγή.
502 1860 561 1903 Οῦτω
572 1861 661 1916 περὶτῆς
673 1857 731 1916 άχίας
740 1860 814 1915 ταύτης
826 1861 861 1903 καὶ
873 1879 935 1914 μακα-

153 1931 228 1984 ρίτιδος
237 1928 374 1983 άειπαρθένου
380 1961 389 1979 ,,
401 1929 423 1970 οἱ
432 1928 468 1981 μέν
478 1930 579 1984 ἐξυβρίσαι
588 1926 741 1981 τετολμήκασιν,
757 1925 785 1977 οἷς
796 1934 935 1980 συναφθεῖσαν

154 1994 216 2048 αὐτήν
232 1997 291 2051 σαρκί
307 1994 355 2048 μετά
370 1993 406 2048 τήν
418 1997 510 2051 μεγίστην
522 1997 597 2048 ἐκείνην
610 1995 645 2038 καὶ
657 1992 760 2051 άκραιφυή
771 1996 888 2050 οἰκονομίαν
899 2001 936 2039 τοῦ

153 2066 236 2120 κυρίου,
256 2069 293 2119 τῆς
306 2061 403 2120 ε’νσάρκου
417 2061 480 2106 αὐτοῦ
492 2065 607 2121 παρουσίας.
637 2064 679 2106 Καὶ
697 2063 737 2107 έστι
753 2067 813 2108 τοῦτο
824 2062 891 2120 πάσης
900 2083 936 2119 μο-

154 2136 240 2189 χθηρίας
251 2133 427 2187 έδυσσεβὲστατον.
455 2130 490 2184 Ὡς
502 2133 525 2176 δὲ
535 2131 595 2176 τοῦτό
605 2149 672 2189 φαμεν
684 2133 806 2189 ἕνηχηθήναί
816 2150 872 2186 τινας
883 2133 936 2180 οῦτω

154 2204 304 2259 τετολμηκέναι,
326 2200 423 2263 ὂρήστως
433 2203 538 2247 ἐπιδοῦναι
548 2201 632 2253 ἓαυτοός
646 2207 670 2263 τῇ
682 2200 779 2262 άμαριίᾳ,
802 2202 855 2248 οῦτοι
867 2205 902 2249 καὶ
913 2203 936 2250 τό

156 2274 221 2331 ἕτερον
231 2272 386 2329 τεθαυμάκαμεν
399 2271 460 2316 πάλιν
477 2271 589 2329 άκηκοότες.
612 2271 698 2324 ’Ἇλλους
709 2271 746 2331 γάρ
757 2272 817 2318 πάλιν
827 2274 936 2332 ἀφραίνον-

156 2361 192 2393 τας
207 2344 235 2393 εἰς
250 2341 286 2398 τήν
297 2341 347 2400 ὑπὲρ
358 2348 393 2398 τῆς
404 2342 466 2398 αὐτῆς
481 2340 685 2400 άγίας-άειπορθένου
696 2340 807 2396 άπόθεσιν,
829 2343 875 2389 άντλ
886 2350 937 2389 θεοῦ

155 2412 231 2468 ταύτην
241 2412 366 2469 παρειςάγειν
377 2411 537 2466 ἐσπουδακότας,
552 2413 587 2455 καὶ
597 2411 757 2466 σπουδάζοντας,
776 2415 810 2457 καί
820 2416 842 2458 ἐν
853 2416 937 2472 ἐμβρον-

155 2481 211 2535 τήσει
227 2483 265 2525 τιυὶ
282 2483 317 2525 καὶ
333 2484 478 2541 φρενοβλαβείμ
495 2482 625 2536 φερομένους.
655 2486 778 2539 Διηγοῦνται
791 2481 829 2540 γάρ
845 2482 873 2534 όίς
886 2500 937 2534 τινες

157 2556 249 2606 γυναῖκες
258 2552 321 2594 ἐκεῖσε
331 2552 352 2593 ἒν
364 2555 388 2609 τῇ
398 2548 482 2608 Ἀραβίᾳ
492 2548 533 2592 ἀπό
545 2554 584 2592 τολν
596 2554 662 2606 μεροῖν
671 2554 706 2604 τῆς
718 2549 800 2609 Θράκης
810 2550 870 2595 τοῦτό
882 2568 904 2608 γε
914 2550 937 2595 τό

156 2619 289 2674 κενοφτάνημα
302 2618 429 2674 ἐνηνόχασιν,
450 2616 478 2669 τίς
495 2619 523 2667 είς
535 2616 599 2672 όνομα
615 2623 651 2674 τῆς
668 2612 937 2675 6οἷειτταρθένουκολλυρίδα

156 2686 201 2730 τινά
213 2688 316 2740 ἐπιτελεῖν,
335 2689 369 2731 καλ
385 2685 507 2743 συνάγεσθαι
524 2686 641 2739 ε’πιτοαυτό,
662 2688 696 2729 καί
713 2688 741 2737 εἰς
756 2685 822 2741 ῦνομα
832 2692 869 2743 τῆς
879 2685 938 2745 άχίας

62 2776 97 2806 pag.
106 2769 146 2798 λοστ.
159 2757 264 2813 παρθένου
276 2754 325 2811 όπὲρ
340 2754 362 2798 τό
378 2756 449 2810 μέτρον
459 2772 478 2796 τι
492 2759 601 2810 πειρᾶσθαι
612 2754 701 2814 άθεμίτφ
719 2756 753 2797 καὶ
768 2755 879 2814 βλασφήμφ
895 2757 937 2800 ἔντι-

156 2831 228 2881 χειρεῖν
239 2824 348 2880 πράγματι,
362 2825 398 2866 καὶ
408 2825 437 2873 είς
447 2821 511 2876 ὄνομα
523 2822 585 2877 αὐτῆς
595 2825 705 2881 ἱερουργεῖν
715 2820 750 2865 διά
761 2828 872 2879 γυναικῶν·
887 2822 937 2879 ὅπερ

179 2917 196 2950 ’2.
208 2915 238 2961 μὲι
249 2917 294 2950 codd.
300 2927 336 2949 mss.
342 2918 374 2950 Ιευ.
384 2919 398 2948 ελ
408 2918 473 2958 niteam.
486 2919 501 2949 ιλ
511 2917 535 2949 ιδ,
557 2918 600 2957 gitur
610 2918 627 2950 ὶιι
638 2918 675 2950 edit.
687 2917 754 2956 Peleu,
771 2919 845 2950 revocavi
858 2927 879 2950 επ
891 2918 937 2950 codd.

157 2966 211 2996 Ροιοα.
236 2962 369 3007 μὴεαίλγνιύο.
557 2971 594 2995 mss.
606 2965 620 2995 et
631 2963 668 2995 edit.
679 2963 731 3003 princ.

180 3008 196 3042 3.
209 3005 342 3054 ἅσφαλιοόμεὲια
353 3011 387 3042 τοο.
397 3010 462 3051 Βλεδῑμ
581 3010 597 3041 ¹2.
613 3009 685 3053 τιμῆται
698 3009 771 3042 mendose
784 3009 830 3043 λαοιλ
843 3011 868 3044 αλ.
880 3011 937 3047 Petav-

181 3055 221 3089 (λιι).
228 3055 294 3089 xxm.
305 3075 326 3081 —-
351 3056 366 3090 1.
374 3055 410 3097 τοῦ,
422 3056 464 3099 quod
473 3065 505 3089 υονι
514 3056 536 3090 le·
559 3056 612 3090 Ουλοκ,
623 3058 670 3099 repet.
