1988 3392
265 232 359 266 aaaron
370 231 454 267 araur.
466 232 522 268 τοι.
531 233 545 267 ι.
556 231 625 266 naun.
633 231 715 266 uxxvr.
842 222 884 266 293

97 327 164 357 eorum
176 325 227 369 quae
237 312 306 354 insunt
318 312 422 354 affirmatio
434 312 469 354 luit
481 313 586 366 adiunota3
602 312 658 370 quasi
671 312 722 368 quod
735 319 804 368 postea
815 312 884 368 eondi-

96 390 136 426 tum
149 387 180 423 est
191 381 326 438 praestantius
339 382 376 423 deo
392 380 495 438 quiequam
511 382 615 434 conciliet,
637 389 657 424 et
667 395 737 438 purum
749 381 847 439 quiopiam
860 395 885 423 ae

96 452 195 494 sincerum
207 463 233 492 ex
243 464 311 492 earum
330 464 397 492 rerum
414 450 529 505 quibuscum
541 452 644 493 confertur
655 449 768 507 privatione
780 457 800 492 et
812 451 884 492 immu-

96 518 150 562 tabili
162 525 215 561 statu
227 518 361 574 excogitatum
374 519 442 560 luerit.
474 516 515 561 Sed
525 519 616 561 nimirum
627 519 647 561 id
659 533 686 562 ex
698 532 723 560 eo
735 519 822 561 manavit
831 519 883 575 quod

96 588 187 630 existens
200 588 243 644 ipse
256 594 314 629 totus*
322 587 386 643 gloria
398 594 441 640 est,
457 601 480 629 ao
492 594 545 630 totus
558 588 655 629 eiusmodi
668 595 688 630 ιι
701 587 726 629 ab
739 588 813 629 creatis
823 587 884 631 rebus

97 655 188 698 omnibus
204 655 343 710 comprehendi
358 663 455 712 nequeat,
478 670 528 712 quae
544 670 580 712 pro
594 657 673 698 modulo
685 670 721 698 suo
733 656 758 698 ad
772 656 816 698 eius
825 670 884 712 prae·

97 724 216 766 dicationem
234 724 346 767 intendunt.
377 722 417 779 Qui
434 724 512 780 quidem
528 732 549 766 ut
566 724 591 766 ab
604 724 683 781 angelis
699 725 778 781 propria
795 725 883 781 ipsorum

95 792 175 847 lingua,
196 806 254 847 quam
272 792 374 849 apostolus
389 796 485 833 bominum
501 795 574 845 laguis
590 794 705 849 anteponit,
728 793 843 836 eelebratur
858 802 987 840 autumnat.

96 861 186 902 laudibus
198 860 288 912 effertur,
304 862 332 902 ita
343 868 363 903 et
374 862 458 903 bumana
470 861 536 916 lingua
549 861 628 912 colitur,
646 875 696 916 quae
706 860 808 903 interioris
819 862 884 919 digui-

97 929 142 971 tatis
158 936 200 981 est,
223 943 247 970 ae
261 929 345 985 denique
364 929 422 969 etiam
437 928 461 970 ab
474 929 546 970 infimis
559 929 670 985 quibusque
685 929 745 972 rebus
757 944 793 987 pro
806 930 883 973 viribus

96 997 191 1052 cuiusque
202 998 336 1053 praedicatur.
367 995 440 1052 Neque
453 1010 503 1038 vero
516 997 537 1038 in
547 997 632 1051 singuiis
644 997 743 1039 creaturis
754 999 883 1054 proportione

96 1065 178 1122 quadam
190 1064 243 1108 illius
253 1065 316 1121 gloria
327 1064 487 1121 praedieatioque
497 1064 600 1117 minuitur,
617 1072 651 1108 aut
661 1066 790 1108 mutationem
801 1067 882 1123 patitur,

96 1134 131 1176 sed
143 1133 270 1176 immutabilis
284 1141 316 1175 est
327 1134 346 1174 iu
359 1147 417 1185 sese,
439 1132 497 1189 idque
510 1133 583 1175 ereatis
599 1140 630 1175 est
644 1133 705 1176 rebus
717 1134 808 1177 omnibus
823 1134 884 1176 dene-

96 1208 176 1257 gatum,
199 1208 221 1242 ut
236 1201 260 1243 ad
276 1200 329 1244 illius
346 1201 462 1243 intinitatem
481 1201 614 1257 praedieando
631 1202 708 1258 possint
721 1202 816 1255 extendi,
839 1217 883 1244 eum

96 1283 188 1326 suprema
204 1270 237 1312 illa
255 1270 364 1312 substantia
383 1277 468 1311 mentem
486 1284 564 1311 omnem
583 1268 775 1326 intelligentiamque
792 1278 882 1327 superet.

96 1337 153 1394 Quae
163 1338 188 1380 ob
200 1352 232 1391 ea,
248 1352 299 1394 quae
310 1338 334 1379 ob
345 1338 436 1380 omnibus
447 1337 465 1379 ei
476 1338 596 1391 tribuuntur,
613 1345 634 1379 et
642 1339 710 1380 inesse
722 1339 822 1391 dicuutur,
839 1339 883 1381 uul-

95 1406 133 1448 lam
147 1414 251 1463 propterea
268 1407 432 1459 conversionem,
456 1405 586 1448 mutationem
599 1413 633 1448 aut
644 1407 789 1450 incrementum
803 1406 884 1464 experi-

97 1482 136 1517 tur.
168 1473 206 1518 Est
215 1476 267 1517 enim
279 1475 373 1517 divinitas
385 1475 427 1531 ipsa
440 1475 500 1531 longe
512 1474 604 1516 omnibus
615 1476 761 1531 praestantior,
776 1482 796 1517 et
807 1476 883 1518 inoonr-

97 1544 191 1601 parabilis
205 1543 321 1600 gloriaeque
336 1542 461 1600 plenissima.

155 1612 209 1654 Aetli
223 1610 288 1668 Caput
298 1610 371 1654 XXV.
403 1609 426 1653 Si
441 1611 551 1667 ingenitum
564 1610 707 1668 privationem,
730 1626 779 1667 quae
791 1614 829 1663 deo
844 1627 884 1655 non

96 1679 161 1734 inest,
183 1681 294 1737 signifieat,
316 1694 352 1722 eur
363 1679 473 1737 ingenitum
487 1693 544 1732 esse,
566 1680 654 1736 genitum
672 1694 722 1723 vero
738 1695 779 1723 uon
796 1695 842 1724 esse
855 1681 884 1723 di-

97 1750 175 1792 eimus?
677 1798 680 1802 ⁴

155 1816 237 1861 Conlut.
250 1815 322 1860 XXV.
353 1815 479 1873 lrrgenitum,
496 1817 535 1860 etsi
547 1818 585 1859 deo
597 1831 619 1859 re
631 1830 679 1859 vera
692 1818 813 1872 conveniat,
836 1833 884 1861 nus-

97 1903 155 1945 quam
167 1895 232 1929 tamen
244 1900 363 1944 expressum
376 1894 417 1939 est,
435 1901 472 1929 uec
484 1901 495 1928 a
508 1887 604 1944 propbeta
619 1887 670 1938 ullo,
686 1887 719 1929 vel
731 1888 834 1944 apostolo,
850 1889 884 1931 vel

97 1956 221 2012 evangelista
236 1951 419 1997 commemoratum.
450 1953 523 2011 Neque
540 1970 590 1997 vero
606 1955 677 1997 mirum
691 1969 735 1998 esse
751 1956 846 2009 deberet,
866 1958 884 2000 si

97 2027 121 2068 de
133 2026 170 2067 der·
185 2025 300 2067 affirmatum
317 2024 365 2066 illud
383 2031 445 2065 esset.
477 2022 578 2080 Siquidem
596 2025 639 2080 pius
654 2024 678 2066 de
695 2026 732 2066 deo
748 2039 820 2068 sensus
838 2026 884 2068 olim

97 2096 148 2137 istud
160 2095 223 2151 ipsum
237 2108 248 2136 e
262 2092 347 2135 naturali
358 2093 440 2148 quadam
454 2091 498 2148 lege
510 2093 611 2135 hauserat.
643 2091 677 2134 Τι
687 2107 745 2145 vero,
755 2093 811 2146 Aeli,
822 2108 884 2137 voea-

97 2165 164 2208 bulunr
177 2164 230 2206 istud
244 2162 308 2205 studio
321 2162 416 2205 novitatis
428 2162 542 2214 iuouleaus,
563 2161 618 2203 velut
634 2161 739 2204 mirificum
754 2163 844 2219 quiddam
863 2172 883 2207 et

96 2234 211 2276 inusitatum
223 2231 351 2289 proposuisse
363 2237 381 2271 te
392 2237 457 2287 putas,
485 2228 539 2286 Quin
549 2230 608 2273 etiam
618 2230 790 2286 religiosissimam
800 2239 884 2274 naturae

97 2303 175 2359 legem,
200 2315 236 2343 nee
250 2315 289 2343 uon
304 2308 323 2342 et
335 2299 392 2352 fidei,
415 2314 474 2355 quam
485 2300 509 2341 ad
522 2300 615 2342 meliores
631 2299 721 2342 homines
731 2301 843 2344 reddendos
856 2302 885 2344 di·

97 2373 144 2416 vina
155 2371 234 2413 bonitas
245 2370 333 2421 indulsit,
349 2370 471 2425 permiscere
484 2382 507 2410 ae
520 2370 641 2411 confundere
654 2376 737 2412 conatus
750 2384 780 2422 es,
797 2371 843 2413 dum
854 2372 884 2413 in-

98 2441 166 2499 genito
185 2440 273 2495 genitum
289 2439 393 2481 maiestate
412 2437 547 2494 dignitateque
564 2452 599 2495 par
614 2445 738 2481 eornrueutus
757 2453 792 2491 es,
815 2446 837 2481 ιι
850 2440 884 2483 ille

97 2511 152 2568 ipse,
169 2523 226 2564 quem
239 2507 353 2549 dissimilem
368 2507 451 2557 adoras,
473 2508 584 2563 inaequalis
597 2507 615 2548 ei
633 2507 736 2561 videatur,
754 2522 812 2564 quem
825 2508 884 2551 dissi·

98 2580 170 2621 militer
186 2577 296 2635 praedicas.
328 2574 369 2617 lam
384 2589 447 2629 vero,
470 2576 487 2618 si
502 2576 632 2633 appellatione
648 2577 691 2619 sola
709 2584 783 2633 patrem
801 2577 882 2632 adoras,

98 2663 138 2690 non
157 2647 195 2690 uisi
212 2660 246 2702 per
262 2644 406 2687 simulationem
421 2652 441 2686 et
456 2645 567 2687 illusionem
586 2640 682 2688 bonorem
698 2646 749 2688 bunc
764 2646 792 2688 illi
808 2647 882 2689 defers.

99 2716 148 2759 ltem
159 2717 176 2759 si
188 2715 261 2767 tilium,
278 2728 335 2770 quem
346 2714 396 2771 patri
409 2713 524 2756 dissimilem
537 2713 641 2771 agnoscis,
658 2715 779 2757 adorandum
791 2730 882 2770 censeas,

98 2854 218 2899 περισκωμέιη
233 2854 291 2887 eodteis
305 2855 346 2892 vet,
362 2853 415 2885 aestio
430 2854 481 2895 errius,
526 2849 542 2887 4.
555 2848 583 2888 ἀπ’
601 2848 653 2889 αὗται]
672 2854 718 2888 codd.
730 2863 767 2888 mss.
785 2851 814 2889 ὕπ’
830 2852 883 2890 edroi

98 2904 164 2943 fortasse
181 2902 263 2941 Portant,
286 2901 382 2940 scripturam
398 2899 481 2932 adnotavit
503 2901 542 2933 editi
553 2901 593 2933 libri.

98 2949 181 2981 Petovius.
222 2956 224 2959 ’
526 2947 542 2978 5.
555 2943 661 2989 ἐξισούμενοι
671 2948 728 2988 scripsi
741 2950 826 2987 praeeunte
842 2949 884 2980 Cor-

123 2995 137 3026 1.
151 2994 205 3033 Supra
216 2991 242 3037 τῷ
254 2991 296 3036 neq.
403 2994 406 3008 ¹
503 2994 549 3026 aurio
560 2992 596 3036 (qut
605 2994 651 3025 vertit
662 2999 681 3025 ut
691 3003 712 3024 ex
722 2992 797 3036 ingenito
808 2993 884 3037 genitum

122 3040 138 3072 ¹2.
151 3039 201 3080 Vulgo
213 3039 270 3080 legitur
282 3033 315 3071 etat
327 3037 363 3071 τοῦ.
503 3037 615 3082 intelligamus
633 3037 744 3082 adaequatum
758 3037 855 3084 dignitate.)
870 3043 885 3074 et

122 3084 138 3119 3.
151 3079 200 3120 οὐδὲν
212 3085 246 3117 eod.
258 3084 325 3125 Rbediq.
504 3085 575 3118 Patauio.
598 3085 643 3117 Libri
655 3087 702 3127 vulgo
714 3082 827 3130 ἐξισούμειις.
