1988 3392
256 220 347 255 raunun
359 221 401 254 nm.
412 223 441 256 ru.
453 222 508 257 ron.
519 223 532 255 r.
544 221 611 255 nanu.
619 220 701 254 Lxxvt.
828 211 871 253 215

142 303 195 345 Xlll.
212 300 234 346 Si
245 303 333 359 ingenita
351 310 422 345 natura
435 303 534 360 praeditus
547 304 595 346 dens
608 301 733 360 omnipotens
745 300 824 358 genitae
836 315 872 343 na·

87 379 143 415 turae
155 368 287 415 conditionem
299 373 319 414 iu
332 387 378 415 sese
391 387 429 415 nnn
441 375 544 429 agnoseit,
562 374 612 416 tilius
623 387 673 415 voro
683 372 770 427 genitam
781 379 871 414 naturam

86 441 161 484 babens
174 441 270 484 eiusmodi
282 456 304 484 se
317 443 381 498 qualis
394 449 425 484 est
435 444 537 499 agnoseit,
559 457 625 486 nonne
639 449 679 484 tota
695 441 728 483 illa
741 442 872 483 consubstan-

86 510 139 552 tialis
155 511 207 553 ratio
222 512 309 553 mendax
324 519 356 554 est
372 525 395 553 ao
409 512 471 564 falsa,
494 527 537 563 oum
550 513 601 555 alter
612 512 723 569 ingenitum
737 524 795 562 sese,
815 510 872 566 geni-

86 588 126 621 tum
142 580 193 622 alter
207 581 318 635 agnoscat?

141 650 192 690 XtV.
209 648 231 691 Si
242 649 325 705 ingeniti
337 664 378 692 vox
391 651 421 692 dei
432 650 561 692 substantiam
573 651 653 692 minime
665 649 778 705 signifieat,
794 648 830 690 sed
840 648 872 690 in-

85 718 217 774 comparabile
228 719 274 760 illud
287 733 358 760 nornen
372 719 396 759 ab
407 719 498 760 humanis
508 719 594 773 ingeniis
606 720 741 774 excogitatum
758 725 800 769 est,
822 719 871 759 deus

85 786 110 827 ob
125 786 178 827 istud
192 787 255 842 ipsum
272 787 354 841 ingeniti
370 794 501 835 commentum
517 787 541 827 iis
557 788 590 842 qni
601 787 714 842 repererint
727 786 805 841 gratiae
817 786 872 827 debi-

86 861 117 895 tor
128 862 166 906 est,
184 869 228 895 oum
241 861 295 896 tanto
306 855 379 895 rtomini
391 855 543 909 respondentem
553 855 693 896 excellentiam
702 855 722 895 in
735 854 824 896 essentia
835 869 871 895 sua

85 935 125 963 non
141 922 220 963 babeat.

141 991 185 1031 XV.
198 987 222 1031 Si
231 989 314 1043 ingeniti
327 990 414 1030 conditio
426 990 462 1029 deo
474 989 600 1030 extrinsecus
611 989 717 1043 affingitur,
734 989 766 1043 qui
777 990 871 1044 affingunt

85 1057 104 1098 ei
119 1057 156 1114 ipsi
173 1056 204 1098 oni
220 1057 319 1112 affingitur
334 1056 466 1108 antecellunt,
487 1071 531 1098 eum
543 1056 676 1111 praestantius
687 1070 744 1112 qnam
754 1064 825 1098 natura
836 1072 871 1113 pa-

85 1125 146 1167 tiatur
160 1125 179 1166 ei
195 1140 266 1167 {tomen
282 1125 397 1166 attribuant.
801 1138 804 1143 ·

141 1196 193 1235 XVl.
216 1192 238 1236 Si
254 1194 342 1248 ingenita
359 1201 429 1235 natura
445 1192 572 1248 generationi
589 1193 670 1234 minime
685 1193 750 1245 oedit,
775 1194 871 1236 babemus

84 1263 136 1317 quod
152 1263 251 1304 volumus.
283 1261 319 1305 Sin
336 1262 461 1318 generationi
474 1263 542 1313 nodat,
564 1261 701 1317 generationis
712 1261 829 1303 affectiones
839 1262 871 1304 di·

84 1330 142 1374 vinae
158 1331 281 1374 substantiae
296 1331 432 1388 praestabunt.

141 1403 203 1443 xvu.
220 1399 242 1444 Si
254 1402 321 1458 genita
337 1401 417 1443 soboles
429 1408 500 1443 natura
514 1401 540 1442 ob
551 1407 680 1456 generantem
691 1400 818 1443 immutabilis
830 1409 869 1454 est,

85 1471 136 1527 quod
146 1472 256 1527 ingenitum
268 1478 299 1512 est
312 1470 422 1512 substantia
432 1471 527 1527 quaedam
541 1469 668 1511 immutabitis
680 1477 719 1522 est,
736 1485 776 1512 non
788 1471 870 1513 arbitrio

84 1547 119 1583 aut
131 1541 233 1583 voluntate
245 1540 373 1596 cuiusquam,
390 1540 425 1581 sed
436 1540 496 1582 insita
508 1540 590 1595 quadam
602 1540 723 1581 substantiae
737 1540 840 1596 dignitate.
907 1534 909 1538 ¹

141 1611 213 1652 XVlll.
228 1608 251 1651 Si
264 1610 347 1666 ingeniti
361 1624 400 1651 vox
414 1609 544 1651 substantiam
560 1609 666 1664 exprimit,
683 1610 754 1651 merito
770 1610 794 1651 ab
809 1611 872 1666 geniti

85 1677 195 1719 substantia
217 1678 272 1720 velut
294 1679 402 1720 membrum
419 1678 522 1719 divisionis
540 1678 650 1733 oppositum
669 1678 796 1720 discernitur.
834 1677 870 1721 Sin

85 1754 150 1789 autem
162 1747 209 1789 nibil
220 1748 300 1789 onmino
311 1746 429 1789 vocabulum
441 1747 488 1788 illud
502 1747 584 1802 ingeniti
599 1747 711 1801 signifieat,
730 1747 791 1789 multo
804 1748 869 1790 miuus

64 1852 66 1855 ,
83 1815 144 1871 geniti
156 1830 197 1858 vox
207 1815 279 1872 aliquid
292 1816 393 1873 exprimit.
410 1814 465 1857 Nihil
477 1823 543 1857 autem
554 1816 653 1871 quomodo
663 1815 724 1858 nibilo
737 1816 758 1858 in
771 1817 869 1859 divisione

83 1884 224 1941 respondebit?

140 1956 193 1995 XlX.
214 1951 271 2008 Quod
287 1954 304 1996 si
320 1954 363 2009 ipsa
381 1953 466 2008 ingeniti
482 1953 616 2009 pronuntiatio
634 1954 790 2010 pronuntiationi
807 1954 870 2009 geniti

84 2022 201 2078 opponitur,
227 2036 271 2063 eum
287 2023 395 2064 seeundum
412 2022 591 2076 pronuntiationem
610 2022 709 2063 silentium
728 2023 869 2078 subsequatur,

84 2087 244 2131 Christianorum
260 2104 306 2144 spes
322 2090 380 2130 modo
398 2090 484 2140 existet,
505 2090 563 2129 modo
580 2096 626 2130 ess'e
642 2091 730 2141 desinet,
755 2091 775 2131 in
791 2091 871 2133 diversa

84 2157 244 2213 pronuntiatione
256 2157 331 2211 posita,
349 2172 387 2197 non
399 2157 419 2197 in
433 2157 520 2208 naturis,
537 2171 587 2212 quae
603 2158 629 2199 ita
642 2172 688 2200 sese
704 2158 789 2200 babeant
802 2173 870 2213 quem-
895 2198 897 2201 Α

56 2238 57 2241 ’
84 2226 188 2267 admodum
204 2225 303 2266 nominum
319 2226 362 2279 ipsa
378 2225 496 2279 significatio
512 2226 607 2266 declarat.

141 2294 185 2334 XX.
201 2291 224 2335 si
236 2293 345 2347 ingenitum
359 2293 406 2333 nillil
419 2293 442 2333 ad
458 2293 580 2333 substantiae
593 2294 707 2349 dignitatem
725 2288 808 2349 amplius
822 2309 870 2335 eon-

85 2362 123 2402 iert
142 2374 201 2415 quam
224 2362 324 2414 genituris,
353 2361 404 2400 tilius
420 2361 463 2401 sola
481 2361 572 2401 vocabuli
587 2362 749 2416 pronuntiatione
765 2370 870 2417 superatus

84 2428 241 2485 praestantiores
252 2441 298 2469 sese
310 2428 431 2483 appellantes
444 2428 498 2483 ipsos
511 2436 619 2483 agnoscet,
643 2445 682 2471 non
697 2444 741 2471 enm
761 2429 793 2485 qui
808 2431 870 2485 ipsius

84 2498 133 2539 dous
149 2496 258 2552 appellatur
272 2505 293 2536 et
308 2503 371 2551 pater.

141 2566 194 2606 XXl.
204 2562 228 2605 Si
238 2564 326 2620 ingenita
339 2564 449 2606 substantia
459 2565 583 2619 generationi
594 2573 690 2621 praestat,
703 2567 781 2608 insitam
792 2566 813 2608 in
824 2581 870 2609 sese

84 2634 159 2677 babens
176 2633 325 2685 excellentiam,
343 2641 412 2690 suapte
424 2641 494 2675 natura
505 2635 592 2690 ingenita
604 2643 635 2676 est
647 2636 766 2678 substantia.
797 2635 870 2693 Neque

84 2705 137 2747 enim
152 2705 183 2746 oui
200 2703 275 2746 libitum
290 2712 322 2745 est
335 2719 370 2760 pro
385 2718 409 2745 eo
423 2705 474 2758 quod
489 2704 564 2746 libitum
577 2713 608 2746 est
621 2707 747 2761 gerrerationi
759 2708 868 2760 antecellit,

85 2775 119 2818 sed
132 2775 182 2831 quod
195 2775 222 2816 ita
233 2782 303 2816 natura
315 2778 439 2829 comparatus
451 2782 489 2815 est.
521 2773 589 2830 Quare
606 2790 650 2817 oum
668 2779 716 2818 aleus
729 2792 764 2834 per
780 2792 825 2819 sese
837 2778 868 2820 in-

107 2890 135 2925 37.
143 2887 229 2935 ὑποφοράν
239 2892 296 2923 attium
305 2893 327 2923 est
337 2890 361 2922 ed.
370 2891 424 2924 Petoo.
434 2891 464 2923 Co·
510 2888 538 2924 lb.
549 2890 629 2935 γεννητὸν
641 2894 690 2934 infra.

84 2938 115 2970 toa.
127 2940 174 2978 repet.
510 2934 538 2970 41.
549 2934 562 2980 ἦ
574 2947 604 2969 om.
616 2940 652 2971 eod.
664 2940 731 2981 ttbodr'p.

107 2982 135 3016 38.
147 2978 226 3028 διαφόρῳ
237 2984 281 3015 obest
292 2984 341 3023 infra.
510 2980 537 3015 4¹2.
549 2985 574 3017 na
585 2984 634 3024 infra.
658 2987 708 3027 Vulpo
722 2988 765 3019 extat
776 2981 825 3026 αὐτὰ,
837 2982 869 3021 ou'-

107 3025 135 3061 39.
147 3025 157 3063 a*
167 3031 221 3062 vitiose
233 3032 255 3061 ost
267 3031 285 3062 tn
300 3030 324 3061 ed.
338 3029 393 3062 Patoo.
411 3029 464 3062 Coton.
488 3028 523 3064 σία.

83 3076 131 3118 repet.
