<?xml version="1.0" encoding="UTF-8"?>
<!DOCTYPE html PUBLIC "-//W3C//DTD XHTML 1.0 Transitional//EN"
    "http://www.w3.org/TR/xhtml1/DTD/xhtml1-transitional.dtd">
<html xmlns="http://www.w3.org/1999/xhtml" xml:lang="en" lang="en">
 <head>
  <title>
</title>
<meta http-equiv="Content-Type" content="text/html;charset=utf-8" />
  <meta name='ocr-system' content='tesseract 3.04.00' />
  <meta name='ocr-capabilities' content='ocr_page ocr_carea ocr_par ocr_line ocrx_word'/>
</head>
<body>
  <div class='ocr_page' id='page_1' title='image "./MN41650ucmf_1/MN41650ucmf_1_0391.png"; bbox 0 0 1988 3392; ppageno 0'>
   <div class='ocr_carea' id='block_1_1' title="bbox 249 239 875 285">
    <p class='ocr_par' dir='ltr' id='par_1_1' title="bbox 249 239 875 285">
     <span class='ocr_line' id='line_1_1' title="bbox 249 239 875 285; baseline -0.006 -1"><span class='ocrx_word' id='word_1_1' title='bbox 249 249 342 284; x_wconf 76' lang='lat' dir='ltr'><strong>causan</strong></span> <span class='ocrx_word' id='word_1_2' title='bbox 354 250 396 284; x_wconf 82' lang='lat' dir='ltr'><strong>nm.</strong></span> <span class='ocrx_word' id='word_1_3' title='bbox 406 251 436 284; x_wconf 85' lang='lat' dir='ltr'><strong>ur.</strong></span> <span class='ocrx_word' id='word_1_4' title='bbox 447 251 533 285; x_wconf 84' lang='lat' dir='ltr'><strong>romu.</strong></span> <span class='ocrx_word' id='word_1_5' title='bbox 545 249 613 284; x_wconf 79' lang='lat' dir='ltr'><strong>nucu.</strong></span> <span class='ocrx_word' id='word_1_6' title='bbox 622 249 711 282; x_wconf 81' lang='lat' dir='ltr'><strong>nxxvu.</strong></span> <span class='ocrx_word' id='word_1_7' title='bbox 833 239 875 282; x_wconf 79' lang='lat'><strong>369</strong></span> 
     </span>
    </p>
   </div>
   <div class='ocr_carea' id='block_1_2' title="bbox 90 329 960 3003">
    <p class='ocr_par' dir='ltr' id='par_1_2' title="bbox 91 329 960 936">
     <span class='ocr_line' id='line_1_2' title="bbox 91 329 877 387; baseline -0.008 -12"><span class='ocrx_word' id='word_1_8' title='bbox 91 340 136 375; x_wconf 91' lang='lat' dir='ltr'><strong>tans</strong></span> <span class='ocrx_word' id='word_1_9' title='bbox 155 343 178 372; x_wconf 90' lang='lat' dir='ltr'><strong>ac</strong></span> <span class='ocrx_word' id='word_1_10' title='bbox 193 329 261 372; x_wconf 89' lang='lat' dir='ltr'><strong>dicens</strong></span> <span class='ocrx_word' id='word_1_11' title='bbox 276 345 316 372; x_wconf 95' lang='lat' dir='ltr'><strong>non</strong></span> <span class='ocrx_word' id='word_1_12' title='bbox 333 344 378 373; x_wconf 87' lang='lat' dir='ltr'><strong>esse</strong></span> <span class='ocrx_word' id='word_1_13' title='bbox 389 331 441 387; x_wconf 92' lang='lat' dir='ltr'><strong>quod</strong></span> <span class='ocrx_word' id='word_1_14' title='bbox 455 332 562 387; x_wconf 71' lang='lat' dir='ltr'><strong>perfectam</strong></span> <span class='ocrx_word' id='word_1_15' title='bbox 572 330 627 373; x_wconf 92' lang='lat' dir='ltr'><strong>illum</strong></span> <span class='ocrx_word' id='word_1_16' title='bbox 644 329 729 372; x_wconf 90' lang='lat' dir='ltr'><strong>bominis</strong></span> <span class='ocrx_word' id='word_1_17' title='bbox 742 335 831 370; x_wconf 89' lang='lat' dir='ltr'><strong>naturam</strong></span> <span class='ocrx_word' id='word_1_18' title='bbox 844 343 877 370; x_wconf 90' lang='lat' dir='ltr'><strong>as-</strong></span> 
     </span>
     <span class='ocr_line' id='line_1_3' title="bbox 91 397 877 456; baseline -0.006 -13"><span class='ocrx_word' id='word_1_19' title='bbox 91 398 200 456; x_wconf 76' lang='lat' dir='ltr'><strong>sumpsisse</strong></span> <span class='ocrx_word' id='word_1_20' title='bbox 213 400 309 442; x_wconf 88' lang='lat' dir='ltr'><strong>dicamus.</strong></span> <span class='ocrx_word' id='word_1_21' title='bbox 340 399 385 442; x_wconf 88' lang='lat' dir='ltr'><strong>Hoc</strong></span> <span class='ocrx_word' id='word_1_22' title='bbox 395 414 445 442; x_wconf 89' lang='lat' dir='ltr'><strong>vcro</strong></span> <span class='ocrx_word' id='word_1_23' title='bbox 462 401 584 456; x_wconf 89' lang='lat' dir='ltr'><strong>potissimum</strong></span> <span class='ocrx_word' id='word_1_24' title='bbox 598 399 709 456; x_wconf 73' lang='lat' dir='ltr'><strong>scripturae</strong></span> <span class='ocrx_word' id='word_1_25' title='bbox 721 397 836 440; x_wconf 74' lang='lat' dir='ltr'><strong>{estimonio</strong></span> <span class='ocrx_word' id='word_1_26' title='bbox 847 398 877 439; x_wconf 92' lang='lat' dir='ltr'><strong>ni-</strong></span> 
     </span>
     <span class='ocr_line' id='line_1_4' title="bbox 91 467 954 534; baseline -0.005 -22"><span class='ocrx_word' id='word_1_27' title='bbox 91 470 151 520; x_wconf 89' lang='lat' dir='ltr'><strong>titur,</strong></span> <span class='ocrx_word' id='word_1_28' title='bbox 173 471 407 522; x_wconf 72' lang='lat' dir='ltr'><strong>Sascpz&#39;enemcnscetor</strong></span> <span class='ocrx_word' id='word_1_29' title='bbox 420 472 513 510; x_wconf 81' lang='lat' dir='ltr'><strong>domiuus.</strong></span> <span class='ocrx_word' id='word_1_30' title='bbox 547 468 621 511; x_wconf 88' lang='lat' dir='ltr'><strong>Verum</strong></span> <span class='ocrx_word' id='word_1_31' title='bbox 633 469 681 511; x_wconf 90' lang='lat' dir='ltr'><strong>nibil</strong></span> <span class='ocrx_word' id='word_1_32' title='bbox 693 468 796 510; x_wconf 86' lang='lat' dir='ltr'><strong>admodum</strong></span> <span class='ocrx_word' id='word_1_33' title='bbox 809 467 840 509; x_wconf 89' lang='lat' dir='ltr'><strong>bis</strong></span> <span class='ocrx_word' id='word_1_34' title='bbox 854 467 874 508; x_wconf 95' lang='lat' dir='ltr'><strong>in</strong></span> <span class='ocrx_word' id='word_1_35' title='bbox 896 470 954 534; x_wconf 51' lang='lat' dir='ltr'><strong>{33¹¹ss</strong></span> 
     </span>
     <span class='ocr_line' id='line_1_5' title="bbox 91 527 954 594; baseline -0.007 -12"><span class='ocrx_word' id='word_1_36' title='bbox 91 537 158 582; x_wconf 86' lang='lat' dir='ltr'><strong>verbis</strong></span> <span class='ocrx_word' id='word_1_37' title='bbox 180 537 311 579; x_wconf 85' lang='lat' dir='ltr'><strong>admiratione</strong></span> <span class='ocrx_word' id='word_1_38' title='bbox 331 538 411 594; x_wconf 81' lang='lat' dir='ltr'><strong>dignum</strong></span> <span class='ocrx_word' id='word_1_39' title='bbox 431 545 474 590; x_wconf 90' lang='lat' dir='ltr'><strong>est,</strong></span> <span class='ocrx_word' id='word_1_40' title='bbox 495 551 532 580; x_wconf 89' lang='lat' dir='ltr'><strong>nec</strong></span> <span class='ocrx_word' id='word_1_41' title='bbox 547 538 586 579; x_wconf 84' lang='lat' dir='ltr'><strong>ulla</strong></span> <span class='ocrx_word' id='word_1_42' title='bbox 601 545 666 594; x_wconf 85' lang='lat' dir='ltr'><strong>potest</strong></span> <span class='ocrx_word' id='word_1_43' title='bbox 684 539 705 579; x_wconf 94' lang='lat' dir='ltr'><strong>iu</strong></span> <span class='ocrx_word' id='word_1_44' title='bbox 725 550 750 578; x_wconf 90' lang='lat' dir='ltr'><strong>eo</strong></span> <span class='ocrx_word' id='word_1_45' title='bbox 770 536 877 578; x_wconf 90' lang='lat' dir='ltr'><strong>diversitas</strong></span> <span class='ocrx_word' id='word_1_46' title='bbox 928 527 933 542; x_wconf 80' lang='lat'><em>&#39;</em></span> <span class='ocrx_word' id='word_1_47' title='bbox 950 528 954 534; x_wconf 65' lang='grc'>’</span> 
     </span>
     <span class='ocr_line' id='line_1_6' title="bbox 91 605 877 663; baseline -0.004 -14"><span class='ocrx_word' id='word_1_48' title='bbox 91 605 181 658; x_wconf 89' lang='lat' dir='ltr'><strong>ostendi,</strong></span> <span class='ocrx_word' id='word_1_49' title='bbox 202 607 253 662; x_wconf 91' lang='lat' dir='ltr'><strong>quod</strong></span> <span class='ocrx_word' id='word_1_50' title='bbox 267 621 347 649; x_wconf 86' lang='lat' dir='ltr'><strong>carnem</strong></span> <span class='ocrx_word' id='word_1_51' title='bbox 363 607 454 649; x_wconf 90' lang='lat' dir='ltr'><strong>dominus</strong></span> <span class='ocrx_word' id='word_1_52' title='bbox 466 614 499 649; x_wconf 88' lang='lat' dir='ltr'><strong>aut</strong></span> <span class='ocrx_word' id='word_1_53' title='bbox 511 608 618 663; x_wconf 86' lang='lat' dir='ltr'><strong>perlectam</strong></span> <span class='ocrx_word' id='word_1_54' title='bbox 630 606 715 649; x_wconf 92' lang='lat' dir='ltr'><strong>hominis</strong></span> <span class='ocrx_word' id='word_1_55' title='bbox 729 612 821 647; x_wconf 89' lang='lat' dir='ltr'><strong>naturam</strong></span> <span class='ocrx_word' id='word_1_56' title='bbox 832 618 877 646; x_wconf 90' lang='lat' dir='ltr'><strong>sus-</strong></span> 
     </span>
     <span class='ocr_line' id='line_1_7' title="bbox 92 674 877 732; baseline -0.005 -14"><span class='ocrx_word' id='word_1_57' title='bbox 92 676 170 732; x_wconf 75' lang='lat' dir='ltr'><strong>cepisse</strong></span> <span class='ocrx_word' id='word_1_58' title='bbox 187 674 271 717; x_wconf 90' lang='lat' dir='ltr'><strong>dicatur.</strong></span> <span class='ocrx_word' id='word_1_59' title='bbox 307 674 360 718; x_wconf 88' lang='lat' dir='ltr'><strong>Nam</strong></span> <span class='ocrx_word' id='word_1_60' title='bbox 377 691 389 718; x_wconf 86' lang='lat' dir='ltr'><strong>a</strong></span> <span class='ocrx_word' id='word_1_61' title='bbox 406 676 464 718; x_wconf 90' lang='lat' dir='ltr'><strong>uobis</strong></span> <span class='ocrx_word' id='word_1_62' title='bbox 479 676 559 731; x_wconf 89' lang='lat' dir='ltr'><strong>saepius</strong></span> <span class='ocrx_word' id='word_1_63' title='bbox 575 676 681 718; x_wconf 82' lang='lat' dir='ltr'><strong>nonnullae</strong></span> <span class='ocrx_word' id='word_1_64' title='bbox 697 675 795 716; x_wconf 79' lang='lat' dir='ltr'><strong>dictiones</strong></span> <span class='ocrx_word' id='word_1_65' title='bbox 808 674 877 715; x_wconf 91' lang='lat' dir='ltr'><strong>bomo-</strong></span> 
     </span>
     <span class='ocr_line' id='line_1_8' title="bbox 91 738 960 809; baseline -0.005 -22"><span class='ocrx_word' id='word_1_66' title='bbox 91 757 162 801; x_wconf 75' lang='lat' dir='ltr'><strong>nymos</strong></span> <span class='ocrx_word' id='word_1_67' title='bbox 178 751 311 799; x_wconf 86' lang='lat' dir='ltr'><strong>usurpantur,</strong></span> <span class='ocrx_word' id='word_1_68' title='bbox 333 745 388 787; x_wconf 89' lang='lat' dir='ltr'><strong>velut</strong></span> <span class='ocrx_word' id='word_1_69' title='bbox 404 745 513 796; x_wconf 85' lang='lat' dir='ltr'><strong>istasunt,</strong></span> <span class='ocrx_word' id='word_1_70' title='bbox 535 747 646 797; x_wconf 67' lang='lat' dir='ltr'><strong>Suscepc&#39;eus</strong></span> <span class='ocrx_word' id='word_1_71' title='bbox 660 752 768 785; x_wconf 81' lang='lat' dir='ltr'><strong>mansuetos</strong></span> <span class='ocrx_word' id='word_1_72' title='bbox 780 746 874 791; x_wconf 77' lang='lat' dir='ltr'><strong>dommus,</strong></span> <span class='ocrx_word' id='word_1_73' title='bbox 901 738 960 809; x_wconf 50' lang='grc' dir='ltr'><strong>ξῆἃξξξ·</strong></span> 
     </span>
     <span class='ocr_line' id='line_1_9' title="bbox 91 810 956 867; baseline -0.003 -12"><span class='ocrx_word' id='word_1_74' title='bbox 91 821 119 865; x_wconf 92' lang='lat' dir='ltr'><strong>et,</strong></span> <span class='ocrx_word' id='word_1_75' title='bbox 135 815 225 866; x_wconf 79' lang='lat' dir='ltr'><strong>Suscepit</strong></span> <span class='ocrx_word' id='word_1_76' title='bbox 233 828 262 853; x_wconf 89' lang='lat' dir='ltr'><strong>me</strong></span> <span class='ocrx_word' id='word_1_77' title='bbox 272 815 295 853; x_wconf 84' lang='lat' dir='ltr'><strong>cle</strong></span> <span class='ocrx_word' id='word_1_78' title='bbox 304 815 399 867; x_wconf 75' lang='lat' dir='ltr'><strong>gregibus</strong></span> <span class='ocrx_word' id='word_1_79' title='bbox 411 817 479 863; x_wconf 77' lang='lat' dir='ltr'><strong>curum,</strong></span> <span class='ocrx_word' id='word_1_80' title='bbox 497 814 543 855; x_wconf 88' lang='lat' dir='ltr'><strong>item</strong></span> <span class='ocrx_word' id='word_1_81' title='bbox 555 813 617 864; x_wconf 71' lang='lat' dir='ltr'><strong>illud,</strong></span> <span class='ocrx_word' id='word_1_82' title='bbox 626 817 743 867; x_wconf 81' lang='lat' dir='ltr'><strong>Assumptus</strong></span> <span class='ocrx_word' id='word_1_83' title='bbox 753 821 794 863; x_wconf 87' lang='lat' dir='ltr'><strong>est,·</strong></span> <span class='ocrx_word' id='word_1_84' title='bbox 810 820 830 853; x_wconf 86' lang='lat' dir='ltr'><strong>et</strong></span> <span class='ocrx_word' id='word_1_85' title='bbox 838 815 876 853; x_wconf 85' lang='lat' dir='ltr'><strong>duo</strong></span> <span class='ocrx_word' id='word_1_86' title='bbox 900 810 933 837; x_wconf 56' lang='grc' dir='ltr'>Λθῖ·</span> <span class='ocrx_word' id='word_1_87' title='bbox 943 811 956 837; x_wconf 81' lang='lat'><strong>¹·</strong></span> 
     </span>
     <span class='ocr_line' id='line_1_10' title="bbox 91 884 875 936; baseline 0 -14"><span class='ocrx_word' id='word_1_88' title='bbox 91 884 242 931; x_wconf 72' lang='lat' dir='ltr'><strong>ozm&#39;dmerunc,</strong></span> <span class='ocrx_word' id='word_1_89' title='bbox 264 884 392 934; x_wconf 55' lang='lat' dir='ltr'><strong>thr&#39;dstutc&#39;m</strong></span> <span class='ocrx_word' id='word_1_90' title='bbox 415 885 561 923; x_wconf 71' lang='lat' dir='ltr'><strong>ucbc&#39;Gcb&#39;lucc&#39;?</strong></span> <span class='ocrx_word' id='word_1_91' title='bbox 590 885 637 930; x_wconf 79' lang='lat' dir='ltr'><strong>Hie,</strong></span> <span class='ocrx_word' id='word_1_92' title='bbox 654 885 689 936; x_wconf 81' lang='lat' dir='ltr'><strong>qui</strong></span> <span class='ocrx_word' id='word_1_93' title='bbox 700 890 830 935; x_wconf 81' lang='lat' dir='ltr'><strong>assumptura</strong></span> <span class='ocrx_word' id='word_1_94' title='bbox 844 897 875 922; x_wconf 85' lang='lat' dir='ltr'><strong>ue·</strong></span> 
     </span>
    </p>

    <p class='ocr_par' dir='ltr' id='par_1_3' title="bbox 91 949 877 1144">
     <span class='ocr_line' id='line_1_11' title="bbox 91 949 876 1003; baseline 0 -12"><span class='ocrx_word' id='word_1_95' title='bbox 91 952 131 1000; x_wconf 83' lang='lat' dir='ltr'><strong>dis,</strong></span> <span class='ocrx_word' id='word_1_96' title='bbox 153 957 193 992; x_wconf 89' lang='lat' dir='ltr'><strong>etc.</strong></span> <span class='ocrx_word' id='word_1_97' title='bbox 223 949 269 992; x_wconf 88' lang='lat' dir='ltr'><strong>Nee</strong></span> <span class='ocrx_word' id='word_1_98' title='bbox 279 950 300 992; x_wconf 94' lang='lat' dir='ltr'><strong>iu</strong></span> <span class='ocrx_word' id='word_1_99' title='bbox 310 950 344 993; x_wconf 92' lang='lat' dir='ltr'><strong>illo</strong></span> <span class='ocrx_word' id='word_1_100' title='bbox 355 954 465 992; x_wconf 84' lang='lat' dir='ltr'><strong>assumendi</strong></span> <span class='ocrx_word' id='word_1_101' title='bbox 476 950 572 994; x_wconf 87' lang='lat' dir='ltr'><strong>vocabulo</strong></span> <span class='ocrx_word' id='word_1_102' title='bbox 583 950 636 992; x_wconf 86' lang='lat' dir='ltr'><strong>inest</strong></span> <span class='ocrx_word' id='word_1_103' title='bbox 648 951 686 992; x_wconf 86' lang='lat' dir='ltr'><strong>nlla</strong></span> <span class='ocrx_word' id='word_1_104' title='bbox 697 951 797 1003; x_wconf 86' lang='lat' dir='ltr'><strong>varietas,</strong></span> <span class='ocrx_word' id='word_1_105' title='bbox 818 950 836 992; x_wconf 90' lang='lat' dir='ltr'><strong>si</strong></span> <span class='ocrx_word' id='word_1_106' title='bbox 847 950 876 991; x_wconf 92' lang='lat' dir='ltr'><strong>di-</strong></span> 
     </span>
     <span class='ocr_line' id='line_1_12' title="bbox 92 1019 876 1073; baseline -0.001 -12"><span class='ocrx_word' id='word_1_107' title='bbox 92 1033 171 1072; x_wconf 89' lang='lat' dir='ltr'><strong>eamus,</strong></span> <span class='ocrx_word' id='word_1_108' title='bbox 187 1022 309 1073; x_wconf 83' lang='lat' dir='ltr'><strong>Assumpsit,</strong></span> <span class='ocrx_word' id='word_1_109' title='bbox 333 1027 366 1062; x_wconf 88' lang='lat' dir='ltr'><strong>aut</strong></span> <span class='ocrx_word' id='word_1_110' title='bbox 379 1023 476 1073; x_wconf 79' lang='lat' dir='ltr'><strong>Sumpsr&#39;t,</strong></span> <span class='ocrx_word' id='word_1_111' title='bbox 499 1022 657 1072; x_wconf 80' lang='lat' dir='ltr'><strong>autEcrpmssrt,</strong></span> <span class='ocrx_word' id='word_1_112' title='bbox 680 1019 785 1060; x_wconf 87' lang='lat' dir='ltr'><strong>humanam</strong></span> <span class='ocrx_word' id='word_1_113' title='bbox 798 1019 818 1060; x_wconf 91' lang='lat' dir='ltr'><strong>in</strong></span> <span class='ocrx_word' id='word_1_114' title='bbox 830 1031 876 1060; x_wconf 89' lang='lat' dir='ltr'><strong>sese</strong></span> 
     </span>
     <span class='ocr_line' id='line_1_13' title="bbox 91 1086 877 1144; baseline -0.001 -15"><span class='ocrx_word' id='word_1_115' title='bbox 91 1094 188 1130; x_wconf 89' lang='lat' dir='ltr'><strong>naturam.</strong></span> <span class='ocrx_word' id='word_1_116' title='bbox 219 1086 291 1144; x_wconf 84' lang='lat' dir='ltr'><strong>Neque</strong></span> <span class='ocrx_word' id='word_1_117' title='bbox 304 1088 341 1130; x_wconf 89' lang='lat' dir='ltr'><strong>bac</strong></span> <span class='ocrx_word' id='word_1_118' title='bbox 354 1089 431 1130; x_wconf 88' lang='lat' dir='ltr'><strong>obiecta</strong></span> <span class='ocrx_word' id='word_1_119' title='bbox 444 1102 494 1131; x_wconf 89' lang='lat' dir='ltr'><strong>voce</strong></span> <span class='ocrx_word' id='word_1_120' title='bbox 510 1095 587 1129; x_wconf 91' lang='lat' dir='ltr'><strong>terrere</strong></span> <span class='ocrx_word' id='word_1_121' title='bbox 603 1102 641 1131; x_wconf 91' lang='lat' dir='ltr'><strong>nos</strong></span> <span class='ocrx_word' id='word_1_122' title='bbox 656 1095 740 1144; x_wconf 89' lang='lat' dir='ltr'><strong>possunt</strong></span> <span class='ocrx_word' id='word_1_123' title='bbox 757 1087 789 1143; x_wconf 81' lang='lat' dir='ltr'><strong>quui</strong></span> <span class='ocrx_word' id='word_1_124' title='bbox 806 1087 877 1130; x_wconf 90' lang='lat' dir='ltr'><strong>adver-</strong></span> 
     </span>
    </p>

    <p class='ocr_par' dir='ltr' id='par_1_4' title="bbox 90 1154 878 1283">
     <span class='ocr_line' id='line_1_14' title="bbox 92 1154 878 1214; baseline -0.003 -16"><span class='ocrx_word' id='word_1_125' title='bbox 92 1157 126 1199; x_wconf 84' lang='lat' dir='ltr'><strong>sus</strong></span> <span class='ocrx_word' id='word_1_126' title='bbox 141 1156 244 1213; x_wconf 88' lang='lat' dir='ltr'><strong>imperitos</strong></span> <span class='ocrx_word' id='word_1_127' title='bbox 261 1171 284 1198; x_wconf 90' lang='lat' dir='ltr'><strong>ac</strong></span> <span class='ocrx_word' id='word_1_128' title='bbox 301 1156 401 1214; x_wconf 84' lang='lat' dir='ltr'><strong>simplices</strong></span> <span class='ocrx_word' id='word_1_129' title='bbox 416 1157 529 1213; x_wconf 85' lang='lat' dir='ltr'><strong>insurgunt.</strong></span> <span class='ocrx_word' id='word_1_130' title='bbox 562 1154 649 1199; x_wconf 84' lang='lat' dir='ltr'><strong>Omnino</strong></span> <span class='ocrx_word' id='word_1_131' title='bbox 665 1171 714 1198; x_wconf 91' lang='lat' dir='ltr'><strong>vero</strong></span> <span class='ocrx_word' id='word_1_132' title='bbox 724 1157 753 1199; x_wconf 87' lang='lat' dir='ltr'><strong>ita</strong></span> <span class='ocrx_word' id='word_1_133' title='bbox 765 1155 819 1211; x_wconf 89' lang='lat' dir='ltr'><strong>loqui</strong></span> <span class='ocrx_word' id='word_1_134' title='bbox 830 1170 878 1196; x_wconf 91' lang='lat' dir='ltr'><strong>con-</strong></span> 
     </span>
     <span class='ocr_line' id='line_1_15' title="bbox 90 1224 877 1283; baseline -0.004 -15"><span class='ocrx_word' id='word_1_135' title='bbox 90 1224 153 1268; x_wconf 89' lang='lat' dir='ltr'><strong>venit.</strong></span> <span class='ocrx_word' id='word_1_136' title='bbox 184 1224 216 1267; x_wconf 79' lang='lat' dir='ltr'><strong>Ae</strong></span> <span class='ocrx_word' id='word_1_137' title='bbox 228 1239 253 1266; x_wconf 94' lang='lat' dir='ltr'><strong>ne</strong></span> <span class='ocrx_word' id='word_1_138' title='bbox 264 1225 308 1281; x_wconf 86' lang='lat' dir='ltr'><strong>quis</strong></span> <span class='ocrx_word' id='word_1_139' title='bbox 318 1226 434 1269; x_wconf 87' lang='lat' dir='ltr'><strong>calumniari</strong></span> <span class='ocrx_word' id='word_1_140' title='bbox 445 1240 476 1268; x_wconf 92' lang='lat' dir='ltr'><strong>me</strong></span> <span class='ocrx_word' id='word_1_141' title='bbox 488 1232 555 1283; x_wconf 89' lang='lat' dir='ltr'><strong>putet,</strong></span> <span class='ocrx_word' id='word_1_142' title='bbox 573 1232 606 1267; x_wconf 88' lang='lat' dir='ltr'><strong>act</strong></span> <span class='ocrx_word' id='word_1_143' title='bbox 619 1226 730 1268; x_wconf 87' lang='lat' dir='ltr'><strong>istiusmodi</strong></span> <span class='ocrx_word' id='word_1_144' title='bbox 741 1225 845 1269; x_wconf 79' lang='lat' dir='ltr'><strong>vocabulis</strong></span> <span class='ocrx_word' id='word_1_145' title='bbox 856 1225 877 1265; x_wconf 93' lang='lat' dir='ltr'><strong>in</strong></span> 
     </span>
    </p>

    <p class='ocr_par' dir='ltr' id='par_1_5' title="bbox 92 1294 878 1351">
     <span class='ocr_line' id='line_1_16' title="bbox 92 1294 878 1351; baseline -0.004 -14"><span class='ocrx_word' id='word_1_146' title='bbox 92 1309 116 1337; x_wconf 88' lang='lat' dir='ltr'><strong>eo</strong></span> <span class='ocrx_word' id='word_1_147' title='bbox 127 1300 244 1350; x_wconf 87' lang='lat' dir='ltr'><strong>argumento</strong></span> <span class='ocrx_word' id='word_1_148' title='bbox 258 1294 355 1348; x_wconf 87' lang='lat' dir='ltr'><strong>cavillari,</strong></span> <span class='ocrx_word' id='word_1_149' title='bbox 372 1294 432 1338; x_wconf 91' lang='lat' dir='ltr'><strong>velim</strong></span> <span class='ocrx_word' id='word_1_150' title='bbox 441 1295 489 1336; x_wconf 88' lang='lat' dir='ltr'><strong>illud</strong></span> <span class='ocrx_word' id='word_1_151' title='bbox 500 1296 569 1336; x_wconf 89' lang='lat' dir='ltr'><strong>omnes</strong></span> <span class='ocrx_word' id='word_1_152' title='bbox 579 1294 699 1351; x_wconf 84' lang='lat' dir='ltr'><strong>intelligant,</strong></span> <span class='ocrx_word' id='word_1_153' title='bbox 716 1295 748 1336; x_wconf 90' lang='lat' dir='ltr'><strong>diu</strong></span> <span class='ocrx_word' id='word_1_154' title='bbox 759 1309 804 1346; x_wconf 88' lang='lat' dir='ltr'><strong>nos,</strong></span> <span class='ocrx_word' id='word_1_155' title='bbox 821 1300 878 1334; x_wconf 89' lang='lat' dir='ltr'><strong>ante-</strong></span> 
     </span>
    </p>

    <p class='ocr_par' dir='ltr' id='par_1_6' title="bbox 91 1362 879 1694">
     <span class='ocr_line' id='line_1_17' title="bbox 92 1362 878 1419; baseline -0.004 -14"><span class='ocrx_word' id='word_1_156' title='bbox 92 1377 150 1419; x_wconf 85' lang='lat' dir='ltr'><strong>quam</strong></span> <span class='ocrx_word' id='word_1_157' title='bbox 162 1376 184 1404; x_wconf 90' lang='lat' dir='ltr'><strong>ea</strong></span> <span class='ocrx_word' id='word_1_158' title='bbox 198 1362 343 1416; x_wconf 86' lang='lat' dir='ltr'><strong>scriberemus,</strong></span> <span class='ocrx_word' id='word_1_159' title='bbox 360 1364 480 1419; x_wconf 89' lang='lat' dir='ltr'><strong>multumque</strong></span> <span class='ocrx_word' id='word_1_160' title='bbox 494 1363 628 1414; x_wconf 78' lang='lat' dir='ltr'><strong>deliberasse,</strong></span> <span class='ocrx_word' id='word_1_161' title='bbox 651 1363 731 1419; x_wconf 88' lang='lat' dir='ltr'><strong>nequis</strong></span> <span class='ocrx_word' id='word_1_162' title='bbox 744 1364 830 1404; x_wconf 83' lang='lat' dir='ltr'><strong>fortasse</strong></span> <span class='ocrx_word' id='word_1_163' title='bbox 842 1375 878 1418; x_wconf 87' lang='lat' dir='ltr'><strong>per</strong></span> 
     </span>
     <span class='ocr_line' id='line_1_18' title="bbox 91 1430 878 1487; baseline -0.004 -13"><span class='ocrx_word' id='word_1_164' title='bbox 91 1432 210 1475; x_wconf 87' lang='lat' dir='ltr'><strong>simultatem</strong></span> <span class='ocrx_word' id='word_1_165' title='bbox 223 1431 242 1473; x_wconf 92' lang='lat' dir='ltr'><strong>ei</strong></span> <span class='ocrx_word' id='word_1_166' title='bbox 254 1446 291 1473; x_wconf 90' lang='lat' dir='ltr'><strong>nos</strong></span> <span class='ocrx_word' id='word_1_167' title='bbox 300 1431 408 1474; x_wconf 87' lang='lat' dir='ltr'><strong>insultasse</strong></span> <span class='ocrx_word' id='word_1_168' title='bbox 419 1432 519 1473; x_wconf 91' lang='lat' dir='ltr'><strong>crederet.</strong></span> <span class='ocrx_word' id='word_1_169' title='bbox 549 1430 612 1487; x_wconf 83' lang='lat' dir='ltr'><strong>Atqui</strong></span> <span class='ocrx_word' id='word_1_170' title='bbox 625 1432 697 1474; x_wconf 90' lang='lat' dir='ltr'><strong>nnllam</strong></span> <span class='ocrx_word' id='word_1_171' title='bbox 709 1433 749 1474; x_wconf 91' lang='lat' dir='ltr'><strong>iste</strong></span> <span class='ocrx_word' id='word_1_172' title='bbox 761 1431 831 1482; x_wconf 91' lang='lat' dir='ltr'><strong>nobis,</strong></span> <span class='ocrx_word' id='word_1_173' title='bbox 855 1437 878 1471; x_wconf 92' lang='lat' dir='ltr'><strong>nt</strong></span> 
     </span>
     <span class='ocr_line' id='line_1_19' title="bbox 91 1499 878 1557; baseline -0.005 -14"><span class='ocrx_word' id='word_1_174' title='bbox 91 1501 177 1543; x_wconf 91' lang='lat' dir='ltr'><strong>humano</strong></span> <span class='ocrx_word' id='word_1_175' title='bbox 195 1514 250 1542; x_wconf 89' lang='lat' dir='ltr'><strong>more</strong></span> <span class='ocrx_word' id='word_1_176' title='bbox 266 1500 349 1556; x_wconf 86' lang='lat' dir='ltr'><strong>loquar,</strong></span> <span class='ocrx_word' id='word_1_177' title='bbox 372 1499 463 1542; x_wconf 85' lang='lat' dir='ltr'><strong>iniuriam</strong></span> <span class='ocrx_word' id='word_1_178' title='bbox 480 1500 585 1556; x_wconf 87' lang='lat' dir='ltr'><strong>imposuit,</strong></span> <span class='ocrx_word' id='word_1_179' title='bbox 607 1514 644 1543; x_wconf 91' lang='lat' dir='ltr'><strong>nec</strong></span> <span class='ocrx_word' id='word_1_180' title='bbox 659 1515 710 1557; x_wconf 91' lang='lat' dir='ltr'><strong>quae</strong></span> <span class='ocrx_word' id='word_1_181' title='bbox 723 1501 743 1542; x_wconf 92' lang='lat' dir='ltr'><strong>in</strong></span> <span class='ocrx_word' id='word_1_182' title='bbox 756 1499 878 1541; x_wconf 86' lang='lat' dir='ltr'><strong>boemundo</strong></span> 
     </span>
     <span class='ocr_line' id='line_1_20' title="bbox 91 1567 879 1627; baseline -0.006 -15"><span class='ocrx_word' id='word_1_183' title='bbox 91 1569 241 1627; x_wconf 86' lang='lat' dir='ltr'><strong>possidebamus</strong></span> <span class='ocrx_word' id='word_1_184' title='bbox 253 1568 333 1625; x_wconf 89' lang='lat' dir='ltr'><strong>eripuit.</strong></span> <span class='ocrx_word' id='word_1_185' title='bbox 364 1567 405 1611; x_wconf 87' lang='lat' dir='ltr'><strong>Sed</strong></span> <span class='ocrx_word' id='word_1_186' title='bbox 418 1583 461 1611; x_wconf 88' lang='lat' dir='ltr'><strong>cnm</strong></span> <span class='ocrx_word' id='word_1_187' title='bbox 474 1567 495 1610; x_wconf 92' lang='lat' dir='ltr'><strong>iu</strong></span> <span class='ocrx_word' id='word_1_188' title='bbox 505 1569 540 1610; x_wconf 90' lang='lat' dir='ltr'><strong>illa</strong></span> <span class='ocrx_word' id='word_1_189' title='bbox 552 1568 694 1611; x_wconf 87' lang='lat' dir='ltr'><strong>deliberatione</strong></span> <span class='ocrx_word' id='word_1_190' title='bbox 708 1570 732 1611; x_wconf 92' lang='lat' dir='ltr'><strong>de</strong></span> <span class='ocrx_word' id='word_1_191' title='bbox 745 1568 776 1610; x_wconf 92' lang='lat' dir='ltr'><strong>bis</strong></span> <span class='ocrx_word' id='word_1_192' title='bbox 790 1574 879 1624; x_wconf 90' lang='lat' dir='ltr'><strong>praeter-</strong></span> 
     </span>
     <span class='ocr_line' id='line_1_21' title="bbox 91 1637 879 1694; baseline -0.003 -14"><span class='ocrx_word' id='word_1_193' title='bbox 91 1638 192 1681; x_wconf 88' lang='lat' dir='ltr'><strong>mittendis</strong></span> <span class='ocrx_word' id='word_1_194' title='bbox 203 1638 324 1694; x_wconf 84' lang='lat' dir='ltr'><strong>cogitarem,</strong></span> <span class='ocrx_word' id='word_1_195' title='bbox 341 1651 352 1680; x_wconf 90' lang='lat' dir='ltr'><strong>a</strong></span> <span class='ocrx_word' id='word_1_196' title='bbox 363 1637 449 1680; x_wconf 86' lang='lat' dir='ltr'><strong>veritate</strong></span> <span class='ocrx_word' id='word_1_197' title='bbox 460 1638 502 1694; x_wconf 91' lang='lat' dir='ltr'><strong>ipsa</strong></span> <span class='ocrx_word' id='word_1_198' title='bbox 514 1652 557 1680; x_wconf 89' lang='lat' dir='ltr'><strong>snm</strong></span> <span class='ocrx_word' id='word_1_199' title='bbox 569 1645 662 1691; x_wconf 82' lang='lat' dir='ltr'><strong>coactos,</strong></span> <span class='ocrx_word' id='word_1_200' title='bbox 679 1653 705 1681; x_wconf 94' lang='lat' dir='ltr'><strong>ne</strong></span> <span class='ocrx_word' id='word_1_201' title='bbox 716 1652 833 1694; x_wconf 87' lang='lat' dir='ltr'><strong>quemquam</strong></span> <span class='ocrx_word' id='word_1_202' title='bbox 844 1651 879 1678; x_wconf 91' lang='lat' dir='ltr'><strong>ec-</strong></span> 
     </span>
    </p>

    <p class='ocr_par' dir='ltr' id='par_1_7' title="bbox 93 1705 879 1764">
     <span class='ocr_line' id='line_1_22' title="bbox 93 1705 879 1764; baseline -0.005 -14"><span class='ocrx_word' id='word_1_203' title='bbox 93 1722 136 1750; x_wconf 89' lang='lat' dir='ltr'><strong>rum</strong></span> <span class='ocrx_word' id='word_1_204' title='bbox 152 1707 282 1764; x_wconf 80' lang='lat' dir='ltr'><strong>praeterirem</strong></span> <span class='ocrx_word' id='word_1_205' title='bbox 299 1707 332 1761; x_wconf 88' lang='lat' dir='ltr'><strong>qui</strong></span> <span class='ocrx_word' id='word_1_206' title='bbox 347 1713 417 1748; x_wconf 88' lang='lat' dir='ltr'><strong>contra</strong></span> <span class='ocrx_word' id='word_1_207' title='bbox 435 1707 493 1748; x_wconf 89' lang='lat' dir='ltr'><strong>fidem</strong></span> <span class='ocrx_word' id='word_1_208' title='bbox 509 1706 581 1762; x_wconf 89' lang='lat' dir='ltr'><strong>aliquid</strong></span> <span class='ocrx_word' id='word_1_209' title='bbox 596 1707 717 1749; x_wconf 88' lang='lat' dir='ltr'><strong>sensissent.</strong></span> <span class='ocrx_word' id='word_1_210' title='bbox 747 1705 793 1748; x_wconf 88' lang='lat' dir='ltr'><strong>Nec</strong></span> <span class='ocrx_word' id='word_1_211' title='bbox 812 1705 879 1747; x_wconf 89' lang='lat' dir='ltr'><strong>dubito</strong></span> 
     </span>
    </p>

    <p class='ocr_par' dir='ltr' id='par_1_8' title="bbox 94 1774 881 1900">
     <span class='ocr_line' id='line_1_23' title="bbox 94 1774 881 1832; baseline -0.003 -15"><span class='ocrx_word' id='word_1_212' title='bbox 94 1776 140 1831; x_wconf 91' lang='lat' dir='ltr'><strong>quin</strong></span> <span class='ocrx_word' id='word_1_213' title='bbox 152 1776 196 1832; x_wconf 92' lang='lat' dir='ltr'><strong>pius</strong></span> <span class='ocrx_word' id='word_1_214' title='bbox 208 1775 272 1817; x_wconf 89' lang='lat' dir='ltr'><strong>lector</strong></span> <span class='ocrx_word' id='word_1_215' title='bbox 288 1775 345 1816; x_wconf 79' lang='lat' dir='ltr'><strong>facile</strong></span> <span class='ocrx_word' id='word_1_216' title='bbox 357 1775 404 1816; x_wconf 89' lang='lat' dir='ltr'><strong>illud</strong></span> <span class='ocrx_word' id='word_1_217' title='bbox 415 1783 522 1829; x_wconf 83' lang='lat' dir='ltr'><strong>agnoscat,</strong></span> <span class='ocrx_word' id='word_1_218' title='bbox 544 1775 598 1817; x_wconf 87' lang='lat' dir='ltr'><strong>nulla</strong></span> <span class='ocrx_word' id='word_1_219' title='bbox 610 1789 638 1818; x_wconf 84' lang='lat' dir='ltr'><strong>ex</strong></span> <span class='ocrx_word' id='word_1_220' title='bbox 649 1776 707 1817; x_wconf 90' lang='lat' dir='ltr'><strong>buius</strong></span> <span class='ocrx_word' id='word_1_221' title='bbox 719 1774 788 1816; x_wconf 90' lang='lat' dir='ltr'><strong>muudi</strong></span> <span class='ocrx_word' id='word_1_222' title='bbox 799 1774 881 1830; x_wconf 88' lang='lat' dir='ltr'><strong>propria</strong></span> 
     </span>
     <span class='ocr_line' id='line_1_24' title="bbox 94 1842 880 1900; baseline -0.003 -15"><span class='ocrx_word' id='word_1_223' title='bbox 94 1843 228 1885; x_wconf 78' lang='lat' dir='ltr'><strong>aemulatione</strong></span> <span class='ocrx_word' id='word_1_224' title='bbox 239 1857 352 1885; x_wconf 90' lang='lat' dir='ltr'><strong>sermonem</strong></span> <span class='ocrx_word' id='word_1_225' title='bbox 363 1843 417 1884; x_wconf 89' lang='lat' dir='ltr'><strong>illum</strong></span> <span class='ocrx_word' id='word_1_226' title='bbox 430 1850 519 1885; x_wconf 90' lang='lat' dir='ltr'><strong>nostrum</strong></span> <span class='ocrx_word' id='word_1_227' title='bbox 533 1858 579 1885; x_wconf 89' lang='lat' dir='ltr'><strong>csse</strong></span> <span class='ocrx_word' id='word_1_228' title='bbox 593 1844 711 1900; x_wconf 86' lang='lat' dir='ltr'><strong>profectum.</strong></span> <span class='ocrx_word' id='word_1_229' title='bbox 741 1842 818 1885; x_wconf 88' lang='lat' dir='ltr'><strong>Name</strong></span> <span class='ocrx_word' id='word_1_230' title='bbox 832 1856 880 1883; x_wconf 87' lang='lat' dir='ltr'><strong>con-</strong></span> 
     </span>
    </p>

    <p class='ocr_par' dir='ltr' id='par_1_9' title="bbox 94 1911 881 1968">
     <span class='ocr_line' id='line_1_25' title="bbox 94 1911 881 1968; baseline -0.004 -14"><span class='ocrx_word' id='word_1_231' title='bbox 94 1912 157 1954; x_wconf 85' lang='lat' dir='ltr'><strong>trario</strong></span> <span class='ocrx_word' id='word_1_232' title='bbox 174 1912 235 1953; x_wconf 90' lang='lat' dir='ltr'><strong>multo</strong></span> <span class='ocrx_word' id='word_1_233' title='bbox 252 1912 295 1968; x_wconf 90' lang='lat' dir='ltr'><strong>plns</strong></span> <span class='ocrx_word' id='word_1_234' title='bbox 313 1911 346 1953; x_wconf 89' lang='lat' dir='ltr'><strong>ille</strong></span> <span class='ocrx_word' id='word_1_235' title='bbox 363 1911 432 1963; x_wconf 91' lang='lat' dir='ltr'><strong>nobis,</strong></span> <span class='ocrx_word' id='word_1_236' title='bbox 454 1913 505 1967; x_wconf 87' lang='lat' dir='ltr'><strong>quod</strong></span> <span class='ocrx_word' id='word_1_237' title='bbox 522 1914 547 1954; x_wconf 85' lang='lat' dir='ltr'><strong>ad</strong></span> <span class='ocrx_word' id='word_1_238' title='bbox 560 1920 655 1954; x_wconf 85' lang='lat' dir='ltr'><strong>externas</strong></span> <span class='ocrx_word' id='word_1_239' title='bbox 668 1912 781 1968; x_wconf 92' lang='lat' dir='ltr'><strong>disciplinas</strong></span> <span class='ocrx_word' id='word_1_240' title='bbox 797 1918 817 1953; x_wconf 91' lang='lat' dir='ltr'><strong>et</strong></span> <span class='ocrx_word' id='word_1_241' title='bbox 828 1911 881 1952; x_wconf 88' lang='lat' dir='ltr'><strong>cari·</strong></span> 
     </span>
    </p>

    <p class='ocr_par' dir='ltr' id='par_1_10' title="bbox 94 1979 941 2105">
     <span class='ocr_line' id='line_1_26' title="bbox 94 1979 941 2032; baseline -0.006 -9"><span class='ocrx_word' id='word_1_242' title='bbox 94 1988 154 2023; x_wconf 87' lang='lat' dir='ltr'><strong>tatem</strong></span> <span class='ocrx_word' id='word_1_243' title='bbox 166 1982 248 2032; x_wconf 90' lang='lat' dir='ltr'><strong>attinet,</strong></span> <span class='ocrx_word' id='word_1_244' title='bbox 269 1979 359 2021; x_wconf 87' lang='lat' dir='ltr'><strong>utilitatis</strong></span> <span class='ocrx_word' id='word_1_245' title='bbox 374 1981 466 2031; x_wconf 82' lang='lat' dir='ltr'><strong>afferret,</strong></span> <span class='ocrx_word' id='word_1_246' title='bbox 488 1980 504 2021; x_wconf 91' lang='lat' dir='ltr'><strong>si</strong></span> <span class='ocrx_word' id='word_1_247' title='bbox 517 1980 783 2022; x_wconf 80' lang='lat' dir='ltr'><strong>cumsanetadeiccclcsia</strong></span> <span class='ocrx_word' id='word_1_248' title='bbox 796 1993 880 2021; x_wconf 89' lang='lat' dir='ltr'><strong>concor·</strong></span> <span class='ocrx_word' id='word_1_249' title='bbox 939 2015 941 2018; x_wconf 91' lang='lat'>.</span> 
     </span>
     <span class='ocr_line' id='line_1_27' title="bbox 95 2047 880 2105; baseline -0.001 -15"><span class='ocrx_word' id='word_1_250' title='bbox 95 2049 146 2090; x_wconf 87' lang='lat' dir='ltr'><strong>ditor</strong></span> <span class='ocrx_word' id='word_1_251' title='bbox 161 2049 182 2090; x_wconf 92' lang='lat' dir='ltr'><strong>in</strong></span> <span class='ocrx_word' id='word_1_252' title='bbox 195 2047 286 2090; x_wconf 89' lang='lat' dir='ltr'><strong>omnibns</strong></span> <span class='ocrx_word' id='word_1_253' title='bbox 298 2048 412 2089; x_wconf 88' lang='lat' dir='ltr'><strong>consentire</strong></span> <span class='ocrx_word' id='word_1_254' title='bbox 425 2047 498 2099; x_wconf 86' lang='lat' dir='ltr'><strong>vellet,</strong></span> <span class='ocrx_word' id='word_1_255' title='bbox 522 2062 559 2089; x_wconf 89' lang='lat' dir='ltr'><strong>nee</strong></span> <span class='ocrx_word' id='word_1_256' title='bbox 571 2049 697 2105; x_wconf 83' lang='lat' dir='ltr'><strong>peregrinum</strong></span> <span class='ocrx_word' id='word_1_257' title='bbox 710 2049 782 2104; x_wconf 84' lang='lat' dir='ltr'><strong>aliquid</strong></span> <span class='ocrx_word' id='word_1_258' title='bbox 794 2056 813 2089; x_wconf 88' lang='lat' dir='ltr'><strong>et</strong></span> <span class='ocrx_word' id='word_1_259' title='bbox 823 2048 880 2089; x_wconf 90' lang='lat' dir='ltr'><strong>inan-</strong></span> 
     </span>
    </p>

    <p class='ocr_par' dir='ltr' id='par_1_11' title="bbox 95 2114 880 2171">
     <span class='ocr_line' id='line_1_28' title="bbox 95 2114 880 2171; baseline -0.003 -13"><span class='ocrx_word' id='word_1_260' title='bbox 95 2117 156 2158; x_wconf 89' lang='lat' dir='ltr'><strong>ditnm</strong></span> <span class='ocrx_word' id='word_1_261' title='bbox 172 2115 284 2158; x_wconf 87' lang='lat' dir='ltr'><strong>inveheret.</strong></span> <span class='ocrx_word' id='word_1_262' title='bbox 316 2114 365 2158; x_wconf 88' lang='lat' dir='ltr'><strong>Sive</strong></span> <span class='ocrx_word' id='word_1_263' title='bbox 382 2116 444 2171; x_wconf 88' lang='lat' dir='ltr'><strong>igitur</strong></span> <span class='ocrx_word' id='word_1_264' title='bbox 463 2116 487 2156; x_wconf 89' lang='lat' dir='ltr'><strong>ab</strong></span> <span class='ocrx_word' id='word_1_265' title='bbox 505 2116 539 2157; x_wconf 92' lang='lat' dir='ltr'><strong>illo</strong></span> <span class='ocrx_word' id='word_1_266' title='bbox 549 2117 655 2170; x_wconf 88' lang='lat' dir='ltr'><strong>iactatum,</strong></span> <span class='ocrx_word' id='word_1_267' title='bbox 672 2117 715 2158; x_wconf 90' lang='lat' dir='ltr'><strong>sive</strong></span> <span class='ocrx_word' id='word_1_268' title='bbox 729 2117 753 2157; x_wconf 86' lang='lat' dir='ltr'><strong>ab</strong></span> <span class='ocrx_word' id='word_1_269' title='bbox 766 2117 809 2158; x_wconf 90' lang='lat' dir='ltr'><strong>eius</strong></span> <span class='ocrx_word' id='word_1_270' title='bbox 820 2116 880 2157; x_wconf 90' lang='lat' dir='ltr'><strong>disci-</strong></span> 
     </span>
    </p>

    <p class='ocr_par' dir='ltr' id='par_1_12' title="bbox 95 2184 880 2241">
     <span class='ocr_line' id='line_1_29' title="bbox 95 2184 880 2241; baseline -0.004 -14"><span class='ocrx_word' id='word_1_271' title='bbox 95 2185 146 2241; x_wconf 88' lang='lat' dir='ltr'><strong>pulis</strong></span> <span class='ocrx_word' id='word_1_272' title='bbox 162 2184 220 2226; x_wconf 85' lang='lat' dir='ltr'><strong>aliter</strong></span> <span class='ocrx_word' id='word_1_273' title='bbox 237 2184 388 2239; x_wconf 90' lang='lat' dir='ltr'><strong>interpretatum</strong></span> <span class='ocrx_word' id='word_1_274' title='bbox 405 2184 476 2239; x_wconf 83' lang='lat' dir='ltr'><strong>dogma</strong></span> <span class='ocrx_word' id='word_1_275' title='bbox 492 2184 528 2226; x_wconf 89' lang='lat' dir='ltr'><strong>sub</strong></span> <span class='ocrx_word' id='word_1_276' title='bbox 545 2185 643 2226; x_wconf 91' lang='lat' dir='ltr'><strong>eiusmodi</strong></span> <span class='ocrx_word' id='word_1_277' title='bbox 658 2185 726 2241; x_wconf 90' lang='lat' dir='ltr'><strong>specie</strong></span> <span class='ocrx_word' id='word_1_278' title='bbox 737 2199 760 2226; x_wconf 92' lang='lat' dir='ltr'><strong>ae</strong></span> <span class='ocrx_word' id='word_1_279' title='bbox 772 2191 880 2241; x_wconf 81' lang='lat' dir='ltr'><strong>praetextu</strong></span> 
     </span>
    </p>

    <p class='ocr_par' dir='ltr' id='par_1_13' title="bbox 95 2252 880 2309">
     <span class='ocr_line' id='line_1_30' title="bbox 95 2252 880 2309; baseline -0.004 -12"><span class='ocrx_word' id='word_1_280' title='bbox 95 2255 151 2299; x_wconf 84' lang='lat' dir='ltr'><strong>velut</strong></span> <span class='ocrx_word' id='word_1_281' title='bbox 165 2254 190 2297; x_wconf 92' lang='lat' dir='ltr'><strong>ab</strong></span> <span class='ocrx_word' id='word_1_282' title='bbox 208 2253 260 2296; x_wconf 89' lang='lat' dir='ltr'><strong>alind</strong></span> <span class='ocrx_word' id='word_1_283' title='bbox 273 2253 377 2309; x_wconf 85' lang='lat' dir='ltr'><strong>agentibus</strong></span> <span class='ocrx_word' id='word_1_284' title='bbox 389 2252 498 2306; x_wconf 83' lang='lat' dir='ltr'><strong>accinitur,</strong></span> <span class='ocrx_word' id='word_1_285' title='bbox 515 2253 538 2295; x_wconf 90' lang='lat' dir='ltr'><strong>de</strong></span> <span class='ocrx_word' id='word_1_286' title='bbox 553 2268 591 2309; x_wconf 90' lang='lat' dir='ltr'><strong>quo</strong></span> <span class='ocrx_word' id='word_1_287' title='bbox 605 2254 654 2295; x_wconf 89' lang='lat' dir='ltr'><strong>certi</strong></span> <span class='ocrx_word' id='word_1_288' title='bbox 666 2254 714 2295; x_wconf 91' lang='lat' dir='ltr'><strong>nibil</strong></span> <span class='ocrx_word' id='word_1_289' title='bbox 724 2254 822 2295; x_wconf 86' lang='lat' dir='ltr'><strong>affirmare</strong></span> <span class='ocrx_word' id='word_1_290' title='bbox 834 2266 880 2309; x_wconf 94' lang='lat' dir='ltr'><strong>pos·</strong></span> 
     </span>
    </p>

    <p class='ocr_par' dir='ltr' id='par_1_14' title="bbox 96 2321 883 2586">
     <span class='ocr_line' id='line_1_31' title="bbox 96 2321 882 2378; baseline -0.004 -13"><span class='ocrx_word' id='word_1_291' title='bbox 96 2337 152 2376; x_wconf 89' lang='lat' dir='ltr'><strong>sum,</strong></span> <span class='ocrx_word' id='word_1_292' title='bbox 168 2322 216 2364; x_wconf 88' lang='lat' dir='ltr'><strong>illud</strong></span> <span class='ocrx_word' id='word_1_293' title='bbox 229 2322 307 2378; x_wconf 87' lang='lat' dir='ltr'><strong>quidem</strong></span> <span class='ocrx_word' id='word_1_294' title='bbox 319 2335 378 2378; x_wconf 90' lang='lat' dir='ltr'><strong>saepe</strong></span> <span class='ocrx_word' id='word_1_295' title='bbox 389 2321 455 2363; x_wconf 88' lang='lat' dir='ltr'><strong>animo</strong></span> <span class='ocrx_word' id='word_1_296' title='bbox 466 2322 603 2375; x_wconf 88' lang='lat' dir='ltr'><strong>versavimus,</strong></span> <span class='ocrx_word' id='word_1_297' title='bbox 620 2336 643 2364; x_wconf 89' lang='lat' dir='ltr'><strong>ac</strong></span> <span class='ocrx_word' id='word_1_298' title='bbox 654 2323 750 2364; x_wconf 90' lang='lat' dir='ltr'><strong>maiorem</strong></span> <span class='ocrx_word' id='word_1_299' title='bbox 763 2323 783 2363; x_wconf 92' lang='lat' dir='ltr'><strong>in</strong></span> <span class='ocrx_word' id='word_1_300' title='bbox 802 2323 882 2363; x_wconf 86' lang='lat' dir='ltr'><strong>modum</strong></span> 
     </span>
     <span class='ocr_line' id='line_1_32' title="bbox 96 2388 883 2449; baseline -0.005 -15"><span class='ocrx_word' id='word_1_301' title='bbox 96 2391 242 2449; x_wconf 88' lang='lat' dir='ltr'><strong>obstupuimus,</strong></span> <span class='ocrx_word' id='word_1_302' title='bbox 258 2390 313 2433; x_wconf 90' lang='lat' dir='ltr'><strong>bisce</strong></span> <span class='ocrx_word' id='word_1_303' title='bbox 322 2390 343 2433; x_wconf 91' lang='lat' dir='ltr'><strong>in</strong></span> <span class='ocrx_word' id='word_1_304' title='bbox 354 2389 479 2447; x_wconf 87' lang='lat' dir='ltr'><strong>opinionibus</strong></span> <span class='ocrx_word' id='word_1_305' title='bbox 489 2391 637 2448; x_wconf 80' lang='lat' dir='ltr'><strong>propugnandis</strong></span> <span class='ocrx_word' id='word_1_306' title='bbox 646 2399 701 2434; x_wconf 92' lang='lat' dir='ltr'><strong>tanta</strong></span> <span class='ocrx_word' id='word_1_307' title='bbox 710 2391 755 2433; x_wconf 92' lang='lat' dir='ltr'><strong>illos</strong></span> <span class='ocrx_word' id='word_1_308' title='bbox 766 2405 810 2433; x_wconf 92' lang='lat' dir='ltr'><strong>cum</strong></span> <span class='ocrx_word' id='word_1_309' title='bbox 821 2388 883 2433; x_wconf 89' lang='lat' dir='ltr'><strong>animi</strong></span> 
     </span>
     <span class='ocr_line' id='line_1_33' title="bbox 98 2459 883 2517; baseline -0.003 -14"><span class='ocrx_word' id='word_1_310' title='bbox 98 2460 226 2503; x_wconf 89' lang='lat' dir='ltr'><strong>contentione</strong></span> <span class='ocrx_word' id='word_1_311' title='bbox 236 2474 260 2501; x_wconf 92' lang='lat' dir='ltr'><strong>ac</strong></span> <span class='ocrx_word' id='word_1_312' title='bbox 269 2459 368 2516; x_wconf 87' lang='lat' dir='ltr'><strong>pugnandi</strong></span> <span class='ocrx_word' id='word_1_313' title='bbox 376 2459 456 2501; x_wconf 89' lang='lat' dir='ltr'><strong>libidine</strong></span> <span class='ocrx_word' id='word_1_314' title='bbox 465 2460 498 2502; x_wconf 93' lang='lat' dir='ltr'><strong>vel</strong></span> <span class='ocrx_word' id='word_1_315' title='bbox 509 2461 534 2501; x_wconf 89' lang='lat' dir='ltr'><strong>ad</strong></span> <span class='ocrx_word' id='word_1_316' title='bbox 544 2467 627 2502; x_wconf 92' lang='lat' dir='ltr'><strong>mortem</strong></span> <span class='ocrx_word' id='word_1_317' title='bbox 640 2475 702 2516; x_wconf 89' lang='lat' dir='ltr'><strong>nsque</strong></span> <span class='ocrx_word' id='word_1_318' title='bbox 714 2460 842 2517; x_wconf 88' lang='lat' dir='ltr'><strong>pertinaciter</strong></span> <span class='ocrx_word' id='word_1_319' title='bbox 851 2460 883 2501; x_wconf 90' lang='lat' dir='ltr'><strong>in-</strong></span> 
     </span>
     <span class='ocr_line' id='line_1_34' title="bbox 97 2527 883 2586; baseline -0.005 -14"><span class='ocrx_word' id='word_1_320' title='bbox 97 2530 177 2573; x_wconf 89' lang='lat' dir='ltr'><strong>sistere.</strong></span> <span class='ocrx_word' id='word_1_321' title='bbox 209 2527 243 2571; x_wconf 83' lang='lat' dir='ltr'><strong>Ex</strong></span> <span class='ocrx_word' id='word_1_322' title='bbox 257 2543 296 2584; x_wconf 86' lang='lat' dir='ltr'><strong>quo</strong></span> <span class='ocrx_word' id='word_1_323' title='bbox 308 2528 406 2585; x_wconf 89' lang='lat' dir='ltr'><strong>suspicari</strong></span> <span class='ocrx_word' id='word_1_324' title='bbox 422 2528 471 2570; x_wconf 90' lang='lat' dir='ltr'><strong>illud</strong></span> <span class='ocrx_word' id='word_1_325' title='bbox 484 2528 584 2580; x_wconf 92' lang='lat' dir='ltr'><strong>occurrit,</strong></span> <span class='ocrx_word' id='word_1_326' title='bbox 602 2542 628 2570; x_wconf 85' lang='lat' dir='ltr'><strong>ex</strong></span> <span class='ocrx_word' id='word_1_327' title='bbox 642 2530 681 2571; x_wconf 90' lang='lat' dir='ltr'><strong>alio</strong></span> <span class='ocrx_word' id='word_1_328' title='bbox 694 2530 778 2586; x_wconf 89' lang='lat' dir='ltr'><strong>quodam</strong></span> <span class='ocrx_word' id='word_1_329' title='bbox 790 2528 883 2571; x_wconf 90' lang='lat' dir='ltr'><strong>recondi-</strong></span> 
     </span>
    </p>

    <p class='ocr_par' dir='ltr' id='par_1_15' title="bbox 98 2596 610 2654">
     <span class='ocr_line' id='line_1_35' title="bbox 98 2596 610 2654; baseline -0.008 -12"><span class='ocrx_word' id='word_1_330' title='bbox 98 2599 149 2642; x_wconf 89' lang='lat' dir='ltr'><strong>ticre</strong></span> <span class='ocrx_word' id='word_1_331' title='bbox 164 2612 226 2641; x_wconf 89' lang='lat' dir='ltr'><strong>sensu</strong></span> <span class='ocrx_word' id='word_1_332' title='bbox 240 2596 354 2654; x_wconf 91' lang='lat' dir='ltr'><strong>opinionem</strong></span> <span class='ocrx_word' id='word_1_333' title='bbox 368 2598 421 2639; x_wconf 91' lang='lat' dir='ltr'><strong>illam</strong></span> <span class='ocrx_word' id='word_1_334' title='bbox 437 2611 483 2640; x_wconf 92' lang='lat' dir='ltr'><strong>esse</strong></span> <span class='ocrx_word' id='word_1_335' title='bbox 498 2598 610 2640; x_wconf 85' lang='lat' dir='ltr'><strong>deductam.</strong></span> 
     </span>
    </p>

    <p class='ocr_par' dir='ltr' id='par_1_16' title="bbox 98 2666 960 3003">
     <span class='ocr_line' id='line_1_36' title="bbox 153 2666 954 2735; baseline -0.004 -23"><span class='ocrx_word' id='word_1_336' title='bbox 153 2667 207 2712; x_wconf 88' lang='lat' dir='ltr'><strong>Nam</strong></span> <span class='ocrx_word' id='word_1_337' title='bbox 226 2682 269 2710; x_wconf 92' lang='lat' dir='ltr'><strong>cum</strong></span> <span class='ocrx_word' id='word_1_338' title='bbox 286 2681 355 2710; x_wconf 91' lang='lat' dir='ltr'><strong>eorum</strong></span> <span class='ocrx_word' id='word_1_339' title='bbox 373 2666 451 2723; x_wconf 80' lang='lat' dir='ltr'><strong>aliquos</strong></span> <span class='ocrx_word' id='word_1_340' title='bbox 467 2666 635 2724; x_wconf 79' lang='lat' dir='ltr'><strong>interrogaveriS,</strong></span> <span class='ocrx_word' id='word_1_341' title='bbox 658 2667 721 2711; x_wconf 88' lang='lat' dir='ltr'><strong>variis</strong></span> <span class='ocrx_word' id='word_1_342' title='bbox 734 2667 762 2710; x_wconf 91' lang='lat' dir='ltr'><strong>illi</strong></span> <span class='ocrx_word' id='word_1_343' title='bbox 774 2667 838 2710; x_wconf 88' lang='lat' dir='ltr'><strong>modis</strong></span> <span class='ocrx_word' id='word_1_344' title='bbox 850 2680 883 2709; x_wconf 90' lang='lat' dir='ltr'><strong>re·</strong></span> <span class='ocrx_word' id='word_1_345' title='bbox 913 2691 954 2735; x_wconf 41' lang='lat' dir='ltr'><strong>cap·</strong></span> 
     </span>
     <span class='ocr_line' id='line_1_37' title="bbox 98 2736 960 2795; baseline -0.003 -15"><span class='ocrx_word' id='word_1_346' title='bbox 98 2738 196 2795; x_wconf 89' lang='lat' dir='ltr'><strong>spondere</strong></span> <span class='ocrx_word' id='word_1_347' title='bbox 211 2737 289 2790; x_wconf 81' lang='lat' dir='ltr'><strong>solent3</strong></span> <span class='ocrx_word' id='word_1_348' title='bbox 311 2750 348 2778; x_wconf 87' lang='lat' dir='ltr'><strong>nec</strong></span> <span class='ocrx_word' id='word_1_349' title='bbox 364 2736 436 2778; x_wconf 91' lang='lat' dir='ltr'><strong>desunt</strong></span> <span class='ocrx_word' id='word_1_350' title='bbox 453 2736 486 2793; x_wconf 86' lang='lat' dir='ltr'><strong>qui</strong></span> <span class='ocrx_word' id='word_1_351' title='bbox 497 2738 605 2794; x_wconf 82' lang='lat' dir='ltr'><strong>perfectam</strong></span> <span class='ocrx_word' id='word_1_352' title='bbox 616 2737 701 2780; x_wconf 89' lang='lat' dir='ltr'><strong>beminis</strong></span> <span class='ocrx_word' id='word_1_353' title='bbox 715 2745 806 2780; x_wconf 86' lang='lat' dir='ltr'><strong>naturam</strong></span> <span class='ocrx_word' id='word_1_354' title='bbox 820 2737 883 2779; x_wconf 90' lang='lat' dir='ltr'><strong>domi·</strong></span> <span class='ocrx_word' id='word_1_355' title='bbox 910 2738 960 2771; x_wconf 80' lang='lat' dir='ltr'><strong>xxt.</strong></span> 
     </span>
     <span class='ocr_line' id='line_1_38' title="bbox 99 2806 884 2864; baseline -0.001 -15"><span class='ocrx_word' id='word_1_356' title='bbox 99 2821 145 2850; x_wconf 90' lang='lat' dir='ltr'><strong>num</strong></span> <span class='ocrx_word' id='word_1_357' title='bbox 164 2806 295 2864; x_wconf 86' lang='lat' dir='ltr'><strong>assumpsisse</strong></span> <span class='ocrx_word' id='word_1_358' title='bbox 312 2813 397 2863; x_wconf 87' lang='lat' dir='ltr'><strong>negent,</strong></span> <span class='ocrx_word' id='word_1_359' title='bbox 418 2820 442 2848; x_wconf 88' lang='lat' dir='ltr'><strong>ae</strong></span> <span class='ocrx_word' id='word_1_360' title='bbox 458 2808 568 2863; x_wconf 86' lang='lat' dir='ltr'><strong>perlectum</strong></span> <span class='ocrx_word' id='word_1_361' title='bbox 580 2806 679 2849; x_wconf 89' lang='lat' dir='ltr'><strong>bominem</strong></span> <span class='ocrx_word' id='word_1_362' title='bbox 692 2808 792 2850; x_wconf 79' lang='lat' dir='ltr'><strong>extitisse.</strong></span> <span class='ocrx_word' id='word_1_363' title='bbox 824 2806 884 2862; x_wconf 76' lang='lat' dir='ltr'><strong>Quod</strong></span> 
     </span>
     <span class='ocr_line' id='line_1_39' title="bbox 100 2874 883 2932; baseline -0.001 -13"><span class='ocrx_word' id='word_1_364' title='bbox 100 2883 165 2919; x_wconf 85' lang='lat' dir='ltr'><strong>autem</strong></span> <span class='ocrx_word' id='word_1_365' title='bbox 178 2876 202 2919; x_wconf 87' lang='lat' dir='ltr'><strong>ab</strong></span> <span class='ocrx_word' id='word_1_366' title='bbox 215 2891 239 2919; x_wconf 91' lang='lat' dir='ltr'><strong>eo</strong></span> <span class='ocrx_word' id='word_1_367' title='bbox 252 2874 362 2932; x_wconf 91' lang='lat' dir='ltr'><strong>complures</strong></span> <span class='ocrx_word' id='word_1_368' title='bbox 376 2874 520 2929; x_wconf 87' lang='lat' dir='ltr'><strong>abhorrebant,</strong></span> <span class='ocrx_word' id='word_1_369' title='bbox 543 2875 699 2919; x_wconf 87' lang='lat' dir='ltr'><strong>dissimulatione</strong></span> <span class='ocrx_word' id='word_1_370' title='bbox 715 2877 786 2919; x_wconf 91' lang='lat' dir='ltr'><strong>deinde</strong></span> <span class='ocrx_word' id='word_1_371' title='bbox 798 2876 826 2918; x_wconf 96' lang='lat' dir='ltr'><strong>uti</strong></span> <span class='ocrx_word' id='word_1_372' title='bbox 837 2890 883 2918; x_wconf 91' lang='lat' dir='ltr'><strong>coe-</strong></span> 
     </span>
     <span class='ocr_line' id='line_1_40' title="bbox 100 2943 884 3003; baseline 0.001 -16"><span class='ocrx_word' id='word_1_373' title='bbox 100 2953 185 3003; x_wconf 91' lang='lat' dir='ltr'><strong>perunt,</strong></span> <span class='ocrx_word' id='word_1_374' title='bbox 207 2946 226 2989; x_wconf 92' lang='lat' dir='ltr'><strong>id</strong></span> <span class='ocrx_word' id='word_1_375' title='bbox 236 2946 289 3003; x_wconf 88' lang='lat' dir='ltr'><strong>quod</strong></span> <span class='ocrx_word' id='word_1_376' title='bbox 305 2960 341 2988; x_wconf 93' lang='lat' dir='ltr'><strong>nos</strong></span> <span class='ocrx_word' id='word_1_377' title='bbox 354 2959 381 2987; x_wconf 83' lang='lat' dir='ltr'><strong>ex</strong></span> <span class='ocrx_word' id='word_1_378' title='bbox 394 2943 473 2987; x_wconf 87' lang='lat' dir='ltr'><strong>illorum</strong></span> <span class='ocrx_word' id='word_1_379' title='bbox 485 2945 610 2988; x_wconf 91' lang='lat' dir='ltr'><strong>sermonibus</strong></span> <span class='ocrx_word' id='word_1_380' title='bbox 621 2954 715 2989; x_wconf 86' lang='lat' dir='ltr'><strong>accurate</strong></span> <span class='ocrx_word' id='word_1_381' title='bbox 726 2953 796 3003; x_wconf 93' lang='lat' dir='ltr'><strong>postea</strong></span> <span class='ocrx_word' id='word_1_382' title='bbox 809 2960 884 3001; x_wconf 85' lang='lat' dir='ltr'><strong>cogno-</strong></span> 
     </span>
    </p>
   </div>
   <div class='ocr_carea' id='block_1_3' title="bbox 124 3103 746 3210">
    <p class='ocr_par' dir='ltr' id='par_1_17' title="bbox 124 3103 746 3210">
     <span class='ocr_line' id='line_1_41' title="bbox 124 3103 691 3150; baseline 0.002 -10"><span class='ocrx_word' id='word_1_383' title='bbox 124 3107 163 3141; x_wconf 76' lang='lat' dir='ltr'><strong>Gsn.</strong></span> <span class='ocrx_word' id='word_1_384' title='bbox 175 3107 225 3140; x_wconf 84' lang='lat' dir='ltr'>XXI.</span> <span class='ocrx_word' id='word_1_385' title='bbox 238 3125 259 3132; x_wconf 93' lang='lat'>-</span> <span class='ocrx_word' id='word_1_386' title='bbox 284 3108 298 3141; x_wconf 89' lang='lat'><strong>1.</strong></span> <span class='ocrx_word' id='word_1_387' title='bbox 311 3104 367 3143; x_wconf 74' lang='grc' dir='ltr'><strong>αύτῶν</strong></span> <span class='ocrx_word' id='word_1_388' title='bbox 382 3109 428 3142; x_wconf 85' lang='lat' dir='ltr'><strong>codd.</strong></span> <span class='ocrx_word' id='word_1_389' title='bbox 441 3117 479 3141; x_wconf 88' lang='lat' dir='ltr'><strong>mss.</strong></span> <span class='ocrx_word' id='word_1_390' title='bbox 491 3112 560 3150; x_wconf 79' lang='lat' dir='ltr'><strong>uterque.</strong></span> <span class='ocrx_word' id='word_1_391' title='bbox 584 3103 635 3142; x_wconf 74' lang='grc' dir='ltr'>αὐτοῦ</span> <span class='ocrx_word' id='word_1_392' title='bbox 648 3110 691 3142; x_wconf 82' lang='lat' dir='ltr'><strong>editi.</strong></span> 
     </span>
     <span class='ocr_line' id='line_1_42' title="bbox 137 3162 746 3210; baseline 0.003 -19"><span class='ocrx_word' id='word_1_393' title='bbox 137 3162 198 3201; x_wconf 81' lang='lat' dir='ltr'><strong>eorpus</strong></span> <span class='ocrx_word' id='word_1_394' title='bbox 207 3162 300 3193; x_wconf 79' lang='lat' dir='ltr'><strong>flaereseel.</strong></span> <span class='ocrx_word' id='word_1_395' title='bbox 308 3163 329 3193; x_wconf 88' lang='grc' dir='ltr'><strong>ΙΙ.</strong></span> <span class='ocrx_word' id='word_1_396' title='bbox 338 3165 352 3193; x_wconf 84' lang='grc'><strong>3.</strong></span> <span class='ocrx_word' id='word_1_397' title='bbox 718 3163 746 3210; x_wconf 69' lang='grc'><strong>24</strong></span> 
     </span>
    </p>
   </div>
   <div class='ocr_carea' id='block_1_4' title="bbox 0 0 1010 3392">
    <p class='ocr_par' dir='ltr' id='par_1_18' title="bbox 0 0 1010 3392">
     <span class='ocr_line' id='line_1_43' title="bbox 0 0 1010 3392; baseline 0 0"><span class='ocrx_word' id='word_1_398' title='bbox 0 0 1010 3392; x_wconf 95' lang='lat' dir='ltr'><strong> </strong></span> 
     </span>
    </p>
   </div>
  </div>
 </body>
</html>
