1988 3392
162 209 204 251 538
444 216 527 251 οκοοοι
538 217 652 251 οοιοοιυυ

162 297 255 350 βιβλίων,
271 294 352 353 πρώτον
363 297 397 339 καί
407 296 500 352 δευτέρου
510 297 545 338 καὶ
555 298 629 351 τρίτου,
645 293 703 338 άτινα
715 297 759 351 τρία
771 298 838 350 βιβλία
851 298 880 347 είς
892 296 941 341 ἑπτά

162 363 236 418 τόμους
245 367 351 419 διείλομεν
366 366 388 408 ἒν
397 364 419 406 δέ
427 364 503 423 ἑκάστῳ
512 362 567 424 τόμη)
575 363 663 420 άριθμάς
672 382 702 414 τις
711 364 805 420 αἱρέσεων
815 365 849 407 καλ
860 367 942 421 σχισμά-

109 461 112 466 -
162 450 202 475 τον
214 434 309 488 έχκειται·
330 431 382 487 ὁμοῦ
392 433 414 475 δέ
425 435 489 475 πᾶσαί
501 435 549 476 εἰσιν
560 431 693 489 ὀγδοήκοντα,
709 427 744 476 οἷν
756 435 778 475 αἱ
789 431 893 488 ὀνομασίαι
906 436 942 478 καί

163 503 186 543 αί
200 501 311 559 προφάσεις
325 496 392 544 αὗται·
415 500 566 558 Βαρβαρισμδς,
586 501 717 556 Σκυθισμδς,
737 498 874 556 Ἑλληνισμδς,
890 503 943 546 Ἰον-

163 568 258 625 δαϊσμδς,
280 570 445 626 Σαμαρειτισμιίς.
473 568 507 613 Ἐκ
519 569 595 614 τοῦτον
607 573 629 613 οἱ
639 573 736 626 καθεξῆς,
756 568 796 627 πρδ
809 570 845 625 μὲν
853 575 890 627 τῆς
901 572 942 615 ἐπι-

163 641 235 694 δημίας
248 643 346 695 Χριστοῦ,
366 637 407 681 άπδ
425 640 446 681 δέ
461 643 497 681 τοῦ
507 642 652 696 Βαρβαρισμοῦ
668 641 701 682 καὶ
717 643 753 693 της
763 644 870 694 Σκυθικῆς
884 643 943 684 δεισι-

163 710 267 762 δαιμονίας
275 709 308 750 καὶ
319 712 355 750 τοῦ
367 705 495 761 Ἑλληνισμοῦ
505 709 588 750 καὶτῶν
598 712 673 751 λοιπῶν
684 707 774 760 φάσασοι
784 703 852 750 αὗται·
869 713 943 751 Πυθα-

163 775 249 831 γόρειοι,
272 778 337 817 είτουν
350 777 518 831 Περιπατητικοί,
527 777 672 828 Πλατωνικοὶ,
688 777 788 827 Στωϊκοὶ,
798 776 943 833 Ἐπικούρειοι.

163 841 216 885 Εἶτα
225 841 239 897 η
249 841 384 898 Σαμαρειτικη
396 837 447 885 οῦσα
458 844 538 899 αἵρεσις,
551 841 566 897 ἡ
577 844 600 886 έκ
611 848 648 886 τοῦ
657 841 790 897 Ἰουδαϊσμοῦ.
820 844 861 886 Καί
871 842 944 898 ταύτης

162 912 247 965 τέσσαρα
260 913 321 965 έθνη,
345 912 488 965 9Γοροθηνολ,
508 914 628 965 Σεβονοῐοι,
644 914 751 961 Δοσίθεοι,
765 909 862 964 Ἐσσηνοί.
892 909 944 953 Εἶτα

163 977 248 1028 δαῦτδς
271 980 413 1034 προειρημένος
425 978 552 1033 Ἰουδαϊσμδς
568 978 608 1021 νἰπδ
622 983 659 1021 τοῦ
674 976 765 1035 Ἁβραάμ
782 978 817 1022 νῦν
831 983 945 1034 χαρακτῆρα

163 1045 256 1101 είληφοίς,
266 1049 301 1089 καὶ
311 1046 345 1089 διά
356 1052 392 1090 τοῦ
402 1048 499 1096 δοθέντος
509 1046 572 1101 νόμον
583 1052 611 1106 τῷ
621 1052 704 1106 Μωυσῇ
713 1047 842 1098 πλατυνθελς,
857 1048 891 1090 καὶ
902 1045 943 1091 ἆπδ

163 1121 199 1158 τοῦ
209 1114 276 1157 Ἰούδα
289 1120 325 1158 τοῦ
335 1118 382 1157 νίοῦ
394 1113 476 1170 Ἰακοίβ,
491 1120 528 1158 τοῦ
538 1113 668 1171 καὶἿσραηλ,
684 1116 718 1158 διά
728 1117 795 1170 Δαβλδ
808 1120 845 1158 τοῦ
855 1115 946 1170 βασιλεῦ-

163 1197 235 1234 σαντος
246 1184 313 1227 αὐτῶν
326 1185 348 1227 ἐκ
360 1188 395 1239 τῆς
406 1183 478 1228 κου’του
489 1188 554 1239 φυλῆς
564 1183 586 1227 τδ
598 1183 705 1239 έποίννμον
715 1188 751 1227 τοῦ
761 1181 888 1238 Ἰουδαϊσμοῦ
899 1187 946 1239 κλη-

163 1255 242 1308 ρωθείς.
273 1254 315 1295 Καὶ
329 1251 364 1295 ἄπ’
374 1250 437 1296 αῦτοῦ
448 1271 468 1296 τε
482 1258 520 1295 νῦν
530 1257 567 1296 τοῦ
580 1250 707 1307 Ἰουδαϊσμοῦ
717 1251 767 1296 έπτά
779 1254 864 1310 αἱρέσεις
876 1246 945 1296 αῦται·

164 1322 308 1378 Γραμματέων,
326 1324 449 1377 Φαρισαίων,
465 1323 618 1374 Σαδδουκαίων,
632 1319 826 1379 Ἦμεροβοιπκιστῶν,
837 1320 945 1373 Ὀσσαίων,

164 1394 310 1447 Νασσαραίων,
324 1389 458 1448 Ἦρωδιανῦν.

218 1458 253 1503 Ἐκ
262 1459 339 1504 τοῦτον
350 1465 391 1504 τῶν
401 1461 496 1518 αίρέσεων
507 1461 542 1504 καὶ
554 1460 656 1516 μετέπειτα
668 1459 719 1503 κατά
734 1458 829 1516 διαδοχὴν
844 1464 885 1504 τῦν
900 1458 946 1516 χρά-

163 1548 204 1573 νων
215 1529 305 1585 ἒπεφάνη
316 1527 330 1585 η
340 1528 437 1587 σωτήριος
452 1534 489 1574 τοῦ
499 1532 571 1587 κυρίου
585 1527 643 1585 ἡμῶν
653 1527 718 1584 Ἰησοῦ
732 1533 821 1586 Χριστοῦ
837 1531 946 1573 1(ὀίκονο-

164 1602 210 1654 μίο,
230 1597 320 1656 ἤχουνῆ
335 1600 430 1658 ένσαρκος
446 1600 510 1643 αὐτοῦ
524 1602 635 1657 παρουσία,
654 1600 689 1642 καὶ
700 1596 816 1655 εῦαχγελικη
827 1600 946 1642 διδασκαλία

164 1686 184 1711 τε
198 1669 233 1711 καὶ
246 1667 338 1725 κηρυγμα
347 1672 457 1724 βασιλείας,
478 1668 522 1724 ἥτις
531 1668 583 1724 μόνη
596 1669 638 1711 ε’στλ
648 1666 702 1725 πηγὴ
713 1671 822 1725 σωτηρίας,
837 1670 872 1711 καί
882 1670 948 1718 πίστις

163 1735 259 1792 άληθτίας
275 1743 311 1793 τῆς
326 1743 437 1793 καθολικῆς
453 1739 487 1782 καὶ
503 1736 637 1793 ἄποστολικῆς
654 1739 762 1792 ἐκκλησίας.
791 1736 825 1780 Ἐκ
837 1737 859 1780 δέ
873 1735 947 1792 ταῦτης

163 1806 335 1864 περιεκλάσθησάν
344 1825 364 1851 τε
375 1808 409 1850 καί
420 1809 540 1863 ἐσχίσθησαν
551 1804 615 1861 άνομα
628 1804 692 1861 μόνον
702 1811 792 1865 Χριστοῦ
803 1807 890 1861 έχουσαι,
906 1804 948 1848 ἄλλ’

163 1876 208 1930 οῦχλ
222 1875 342 1930 τὴνπίστιυ.
373 1877 421 1918 Εἰσὶ
439 1876 461 1918 δὲ
479 1870 547 1918 οῦτοι·
569 1876 705 1929 Σιμωνιανοί,
727 1876 890 1932 Μενονδριανολ,
905 1878 947 1916 Σα-

77 1967 112 1996 pag.
124 1960 154 1988 128,
163 1945 294 2001 τορνιλιονοὶ,
310 1945 457 1996 Βασιλιδιανοί,
473 1948 602 1995 Νικολαῖται,
618 1945 739 1995 Γνωστικολ,
753 1945 775 1986 οί
782 1945 817 1986 καί
828 1948 948 1999 Στρατιωτι-

163 2014 207 2067 κοί,
226 2018 248 2042 ¹1
258 2015 278 2056 οἱ
286 2012 344 2055 αὐτοὶ
354 2013 376 2055 δὲ
388 2015 517 2067 Φιβιωνῖτοιι,
532 2010 588 2069 παρά
600 2012 622 2054 δέ
632 2025 671 2054 τισι
683 2013 808 2055 Κουδδιανοὶ
818 2010 946 2066 καλούμενοι,

163 2083 198 2124 καὶ
208 2082 350 2138 Βορβοριανοί,
363 2079 410 2137 παρ’
419 2080 484 2131 ῦλλοις
493 2081 515 2124 δέ
523 2086 656 2137 Σωκροτῖται,
668 2079 715 2138 παρ’
724 2081 798 2136 ἑτέροις
808 2080 830 2123 δέ
841 2084 946 2136 Ζακχαῖοι·

164 2155 339 2207 Καρποκρατῖται,
361 2151 508 2206 Κηρινθιαυοὶ,
530 2152 551 2193 οἰ
565 2151 599 2192 καὶ
615 2151 768 2206 Μηρινθιονοὶ,
792 2153 947 2206 ΝΝαζωραῖοι,

160 2219 289 2274 Ἐβιωναῖοι,
307 2224 330 2249 ¹³
339 2217 476 2271 Οῦαλεντῖνοι,
495 2220 651 2271 Σεκουνδιανοὶ,
670 2216 701 2268 οἷς
712 2217 847 2261 συνάπτονται
859 2217 947 2271 Ἐπιφά-

163 2305 207 2337 υιος
216 2287 369 2344 καλἺσίδωρος
386 2291 518 2342 Πτολεμαῖοι,
533 2287 663 2343 Μαρκοίσιοι,
680 2285 825 2343 Κολορβάσιοι,
839 2284 948 2344 Ἡρακλεω-

164 2362 226 2409 νῖται,
253 2354 343 2409 Ὀφῖται,
371 2358 472 2409 Καϊανοὶ,
500 2357 616 2411 Σηθιονοὶ,
638 2356 775 2412 Ἀρχοντικοὶ,
803 2356 947 2414 Κερδωνιανοὶ,

164 2427 296 2482 Μαρκίωνος,
323 2427 481 2477 Λουκιανισταλ,
502 2425 656 2480 Ἀπελληϊοινοὶ,
682 2426 817 2481 Σευηριανολ,
847 2425 947 2477 Τατιανοὶ,

161 2492 294 2551 Ἐχκρατῖται,
309 2493 359 2537 κατά
373 2493 456 2551 Φρῦχας
466 2499 506 2536 νῦν
516 2495 550 2537 καὶ
561 2497 706 2537 Μοντονιστῶν
714 2495 748 2537 καὶ
764 2495 948 2550 Τασκοδρουχιτῦν,

166 2564 308 2616 Πεπουζιανοί,
324 2565 385 2606 οίκαί
396 2564 553 2620 Πρισκιλλιανοὶ,
567 2563 602 2605 καὶ
615 2562 779 2614 14Κυντιλιονολ,
794 2560 826 2611 οἷς
836 2561 948 2605 συνάπτον-

166 2650 198 2674 ται
206 2633 354 2687 Ἀρτοτυρῖται,
372 2633 611 2685 Τεσσαρεςκαιδεκατῖται,
626 2633 647 2674 οί
656 2630 679 2674 τὸ
689 2630 761 2685 Πάσχα
771 2633 817 2685 μίαν
826 2628 902 2688 ἡμέραν
912 2635 948 2674 τοῦ

165 2702 223 2750 έτους
238 2705 353 2754 ποιοῦντες,
378 2699 494 2756 15Ἅλοχοι,
515 2702 536 2742 οἱ
551 2698 573 2743 τδ
589 2700 701 2757 εὐαγγέλιον
717 2701 751 2743 καί
762 2699 799 2753 τὴν
806 2699 948 2754 Ἀποκάλυψιν

161 2768 258 2812 Ἰωάννου
272 2768 300 2822 μη
316 2768 425 2824 δεχόμενοι·
441 2769 571 2823 Ἀδυμιανολ,
590 2774 708 2824 Σαμψαῐοι,
724 2770 745 2813 οἱ
753 2769 788 2811 καί
803 2766 948 2821 15Ἑλκεσαϊοι,
979 2819 981 2822 .

166 2838 306 2889 Θεοδοτιανοὶ,
322 2838 509 2893 Μελχεσεδεκιοινοὶ,
529 2839 708 2894 Βαρδησιανισταλ,
724 2838 847 2892 Νοητιανοὶ,
869 2835 948 2892 Οῦαλη-

165 2922 212 2959 σιοι,
228 2906 332 2962 Καθαροί,
347 2909 368 2948 οί
374 2908 408 2949 καὶ
419 2904 519 2959 Ναυάτοι,
533 2905 646 2964 Ἀγγελικοί,
658 2906 805 2960 Ἀποστολικοὶ,
817 2906 948 2950 οίκαίἈπο-

164 2976 264 3028 τακτικολ,
280 2977 421 3029 Σαβελλιανοὶ,
435 2973 562 3033 Ὠριχένειοι,
582 2977 646 3019 οἱκαὶ
659 2976 796 3032 Αίσχροποιοί.
824 2974 947 3034 Ὠριχένειοι,

188 3067 203 3103 9.
217 3070 267 3110 Vulgo
277 3068 294 3103 Γ
295 3068 388 3114 οργοθηιοὶ.
591 3069 617 3104 10.
630 3067 704 3113 οἰκονομλ
715 3070 739 3102 ed.
752 3070 813 3113 Petam,
824 3072 884 3104 vitiose.
