1988 3392
140 252 182 293 754
428 248 430 251 ’
446 259 520 293 ruonx
532 258 617 294 annun.

139 340 173 374 Dei
183 350 235 384 opera
244 345 283 372 sunt
295 338 410 383 admirabilia,
423 339 468 384 qnod
480 352 520 385 pro·
566 352 595 373 ror
603 339 644 372 ibid.
657 359 677 365 -
702 345 720 371 et
729 339 804 384 synodus
814 338 872 373 habitu
882 351 923 373 con«

161 397 212 430 batur
223 407 244 428 ex
254 396 313 429 mundi
326 396 394 440 opificio
406 398 446 430 590.
566 404 592 430 tra
605 396 737 441 Apollinaristas
747 398 785 429 997.

139 454 185 486 Deos
195 465 286 498 personam
295 464 345 487 unam
354 465 389 487 non
399 453 479 494 admittit,
491 465 520 486 ne·
544 453 652 487 Dioscorides
662 452 750 486 herbarius
762 456 778 486 3.

162 521 195 555 qne
205 510 223 543 in
233 521 254 543 eo
266 510 314 542 unius
324 522 360 543 esse
369 517 428 554 potest
437 512 520 555 personae
543 509 621 553 Dipsadis
632 509 676 542 virus
688 508 852 552 praesentissimum,
870 509 896 542 cui
907 518 924 543 et

162 566 276 600 consideratio
282 569 322 600 482.
332 587 350 592 -
365 574 383 600 et
392 579 434 600 unus
446 567 520 599 omnium
566 566 639 599 haeresis
651 572 758 610 comparatur
770 568 808 598 258.

161 633 218 655 rerum
230 622 307 655 conditor
319 623 372 662 deus,
390 634 425 655 non
436 635 476 655 vero
487 634 519 654 an-
543 622 625 666 Discipuli
635 621 697 653 Christi
708 622 815 665 septuaginta
823 621 863 661 duo,
875 633 923 665 prae-

162 678 196 722 geli
206 685 265 712 contra
271 678 374 712 Saturnilum
382 679 487 712 haereticum
497 681 519 711 65
565 685 592 710 ter
608 683 680 721 quatuor
698 677 810 721 evangelistas
827 683 844 709 et
859 685 924 721 septem

162 742 180 768 et
195 736 223 767 to.
566 733 647 768 diaconos
660 736 687 767 50.

138 792 184 824 Deus
197 791 283 836 quomodo
294 791 350 824 iurare
362 791 424 824 dieitur
435 795 474 826 111,
544 790 608 823 Dintes
621 798 638 823 et
649 801 732 835 pauperes
742 791 760 823 in
770 791 867 835 evangelio,
880 803 924 837 quo—

138 848 185 883 Deus
194 860 236 883 unus
245 848 263 882 in
272 848 349 882 trinitate
359 861 469 895 personarum
479 861 520 884 eon·
566 847 618 882 modo
630 848 675 882 beati
688 848 766 882 dicantur
778 850 819 882 102.»

161 915 190 943 tra
201 908 296 944 Noetianos
307 911 347 942 484.
545 909 628 953 Dogmata
639 919 682 953 quae
691 914 749 954 aperte
760 907 803 942 falsa
810 914 849 942 sunt
860 920 879 941 ea
888 907 924 942 dis-

138 968 184 1002 Deua
192 967 214 1002 ob
220 974 293 1001 mortem
303 967 367 1002 homini
373 967 479 1014 propositam
485 979 520 1002 non
566 966 642 1011 putando
654 966 715 1012 agitari
726 977 760 999 non
772 959 837 1001 debent
848 969 887 1000 999.

162 1031 189 1059 est
200 1024 303 1059 accusandus
315 1026 354 1058 551.
544 1024 633 1057 Dominica
645 1024 673 1057 die
682 1024 756 1057 ieiunare
767 1032 792 1057 est
802 1024 872 1068 vetitum
885 1027 923 1058 813.

138 1084 188 1120 Deus
196 1083 242 1117 solus
252 1082 355 1127 adorandus,
367 1082 414 1116 nulla
426 1093 520 1117 verocrea—
545 1081 636 1115 Dominicis
651 1081 710 1115 diebus
725 1093 745 1114 ac
757 1082 865 1119 Pentecostes
880 1082 924 1114 ieiu—

161 1148 200 1175 tura
209 1140 297 1175 adoranda
309 1143 347 1174 532.
567 1151 607 1172 nare
618 1151 653 1172 non
664 1140 706 1172 licet
717 1141 769 1172 1105.

138 1198 185 1232 Deus
200 1210 231 1232 our
244 1197 298 1231 malos
309 1197 327 1230 iu
338 1197 446 1231 boemundo
457 1197 521 1230 tolerat
544 1196 622 1229 Dosithei
633 1196 705 1230 historia
716 1198 744 1228 30.

162 1257 202 1289 ata.
544 1253 664 1287 Dositheorum
679 1253 752 1286 haeresis
768 1265 811 1297 quae
827 1260 854 1286 est
865 1259 923 1296 quarta

139 1313 203 1347 Dextra
209 1318 227 1345 et
232 1311 300 1345 sinistra
306 1310 392 1355 quomodo
398 1310 476 1344 dicantur
482 1312 521 1344 209.
567 1311 712 1343 Samaritanorum
725 1312 752 1344 ³0.

138 1368 221 1402 Diabolus
228 1367 340 1412 simpliciores
347 1367 446 1412 plerumque
457 1374 476 1400 ut
481 1379 521 1400 mu·
545 1367 601 1400 Dmeo
611 1367 639 1411 qui
647 1367 739 1399 Ostracites
747 1366 813 1407 dicitur,
825 1366 851 1400 cui
860 1366 924 1400 Noetus

161 1426 212 1462 lieres
223 1425 321 1470 aggreditur
333 1427 373 1457 209.
567 1425 726 1467 comparatur489.
940 1418 942 1420 ¹

138 1482 207 1515 Diaboli
219 1481 249 1514 lilii
260 1482 347 1525 quomodo
359 1481 439 1514 dieantur
450 1484 490 1514 296.
546 1480 619 1512 Dusarae
626 1480 653 1512 dei
664 1481 709 1524 apud
716 1481 780 1513 Arabes
790 1480 850 1519 cultus,
860 1486 878 1512 et
890 1481 923 1512 eins

138 1537 220 1571 Diabolus
230 1527 318 1580 peceatum
328 1537 350 1570 ab
357 1537 435 1581 apostolo
444 1544 521 1579 vocatur,
568 1535 640 1568 nominis
652 1536 752 1580 significatio
764 1538 803 1568 444.
816 1535 912 1580 (addend.)

161 1600 180 1626 et
191 1604 243 1636 quare
255 1595 307 1625 589·
657 1599 658 1602 ’

138 1648 289 1693 Diabolusaquo
301 1649 394 1693 productus
407 1650 445 1682 543.
459 1668 480 1674 -
504 1655 521 1681 et
727 1639 744 1669 E·

163 1705 204 1751 qnid
214 1705 237 1739 sit
249 1707 289 1740 544.
545 1703 615 1737 Ebionei
630 1704 713 1738 Matthaei
729 1704 817 1749 evangelio
832 1704 892 1738 mutilo
903 1716 924 1737 u-

138 1762 220 1797 Diabolus
236 1763 276 1809 quid
291 1762 322 1803 sit,
340 1763 408 1808 quando
422 1762 475 1797 fuerit
486 1762 521 1797 sire
567 1764 709 1795 1111111131-
733 1769 803 1806 utuntur
818 1761 868 1796 etiam
880 1761 923 1796 libro

161 1832 198 1855 esse
210 1821 288 1868 coeperit
300 1823 340 1856 039.
568 1820 597 1867 qui
611 1821 657 1855 Petri
674 1820 754 1855 circuitus
771 1827 841 1855 vocatur
858 1833 868 1856 a
884 1821 924 1855 Cle·
978 1850 979 1854 ,

139 1875 221 1916 Diabolus
232 1893 266 1927 quo
279 1888 329 1926 pacto
345 1881 434 1915 ecclesiam
449 1880 476 1914 dei
490 1893 520 1915 re·
567 1887 624 1914 mente
635 1881 710 1915 refutato
721 1883 759 1914 139.
772 1900 795 1906 -
811 1880 870 1914 lavant
879 1891 923 1926 quo—

161 1946 192 1973 xet
203 1941 243 1973 996,
532 1959 534 1995 Ι
569 1938 681 1972 tidieibid.-
692 1937 923 1972 acarnibusetanimatisab-

139 1996 220 2031 Diabolus
230 1996 299 2029 humani
309 1997 375 2041 generis
384 1997 450 2042 hostis,
462 1996 521 2042 quibus
567 1996 631 2029 stinent
636 1996 678 2029 ibid.
685 2016 706 2022 —
718 1995 831 2040 virginitatem
837 2002 923 2041 respuunt,

162 2054 226 2088 artibus
242 2054 329 2087 hominem
349 2066 358 2088 e
371 2055 419 2087 coelo
431 2053 522 2087 deturbare
569 2061 586 2086 et
598 2065 656 2087 omnes
667 2054 760 2098 prophetas
771 2053 841 2087 ibid—
853 2064 882 2087 cur
892 2054 924 2087 ab—

163 2118 234 2155 conetur
246 2113 285 2143 923.
482 2128 484 2133 ⁷
532 2090 534 2146 l
567 2110 854 2144 horreantacarniumesnibid.-
866 2122 924 2144 eorum

138 2167 275 2202 Diaconissarum
291 2168 333 2202 ordo
350 2176 368 2201 et
380 2168 445 2202 functio
460 2168 479 2200 iu
491 2155 534 2222 eol
567 2168 648 2212 mysteria
660 2167 729 2201 ibid.-
747 2167 866 2212 Apostolorum
873 2172 923 2202 dctus

163 2224 215 2258 clesia
226 2227 308 2258 1060.»
321 2237 341 2258 ex
352 2236 386 2270 quo
396 2224 483 2258 mulierem
493 2223 534 2268 ge·¹>
567 2224 616 2257 fictos
635 2224 754 2258 circumierunt
772 2227 812 2259 140.
824 2245 845 2250 —
870 2220 924 2259 Ebion

161 2290 319 2316 neresumerentur
335 2275 410 2314 111111.-
434 2280 533 2326 presbyti-·
568 2281 608 2325 quid
621 2282 686 2316 Graece
697 2282 781 2326 significet
792 2285 831 2315 141.
844 2301 866 2308 -
890 2293 923 2327 quo

162 2338 205 2380 dae,
226 2338 355 2383 presbyteridae
366 2350 386 2371 ac
398 2337 521 2372 sacerdotissae
566 2339 642 2372 remedio
649 2345 717 2371 utantur
723 2338 802 2371 adversus
808 2339 876 2372 morbos
882 2337 923 2371 ibid.

163 2396 215 2427 1061.
567 2414 588 2419 -
596 2395 652 2427 Elxaei
656 2395 721 2427 somnia
727 2394 895 2437 amplectunturibid.
903 2413 923 2420 ‚-

138 2449 247 2484 Dictamnum
257 2449 302 2482 unde
313 2450 388 2493 dietum,
406 2457 423 2482 et
435 2450 520 2494 quomodo
568 2451 612 2483 unde
627 2462 667 2483 suos
679 2462 743 2484 errores
755 2451 838 2483 traxerint
850 2454 889 2483 142.
901 2469 922 2476 κ-

161 2506 214 2539 verbo
221 2505 279 2539 divino
287 2506 342 2550 possit
348 2505 473 2539 accommodari
479 2474 533 2552 4991
567 2507 653 2549 quomodo
665 2518 704 2539 suos
721 2514 813 2540 conventus
829 2513 890 2540 vocent
900 2506 922 2538 ib.

138 2561 206 2606 Digami
221 2573 256 2596 non
270 2561 383 2595 admittuntur
397 2575 407 2595 a
420 2554 533 2613 Novatianisl
566 2581 588 2586 —
606 2570 668 2607 cogunt
684 2562 800 2597 adolescentes
818 2562 840 2597 ad
857 2563 923 2608 nuptias

161 2621 202 2653 495.
215 2639 237 2645 —
260 2619 323 2665 triplici
339 2618 449 2653 similitudine
466 2615 533 2685 refel-l
566 2620 793 2665 nondumpuberesibid.—
805 2621 875 2666 repudia
882 2633 923 2665 per-

161 2676 295 2712 1110111010.-
312 2677 333 2712 ab
341 2677 427 2712 ordinibus
434 2676 485 2711 sacris
491 2689 520 2712 ar·
530 2687 533 2704 1
566 2677 636 2712 mittunt
647 2677 687 2712 ibid.
696 2694 717 2705 -=
730 2690 772 2724 quos
781 2685 874 2724 agnoscant
880 2690 921 2725 pro-

162 2742 222 2770 centur
233 2738 272 2769 496.
566 2736 626 2782 phetas
636 2736 677 2772 ibid.
688 2758 712 2765 -
735 2738 801 2784 qualern
811 2738 923 2773 confiteantur

139 2794 225 2830 Diluvium
235 2802 253 2830 et
260 2801 302 2841 quot
311 2795 332 2829 ab
343 2807 364 2829 eo
370 2802 437 2830 servata
445 2795 520 2829 animan·
566 2807 603 2829 esse
615 2795 698 2829 Christum
707 2795 748 2830 ibid.
759 2817 776 2822 -
795 2796 833 2831 libri
841 2797 862 2831 ab
868 2797 921 2832 Ebio-

161 2853 186 2887 tia
198 2856 214 2886 5.
530 2883 533 2914 p
566 2854 601 2887 neis
613 2854 701 2900 suppositi.
714 2857 752 2887 147.

138 2912 184 2945 Ante
195 2911 275 2944 dilnvium
286 2911 364 2944 haereses
375 2911 430 2945 nullae
442 2914 459 2945 4.
544 2911 656 2945 Ebioneorum
671 2912 744 2946 haeresis
761 2911 825 2946 decima
839 2918 879 2957 post
890 2923 920 2945 es-

138 2967 270 3001 Dimoeritarum
284 2968 357 3002 haeresis
373 2971 401 3002 57.
413 2969 449 3003 sive
459 2971 486 3003 ii.
501 2969 520 3003 hi
566 2976 621 3002 ortum
633 2969 776 3004 Christianismum
786 2972 825 3003 125.
837 2989 860 2996 υ·
877 2967 921 3004 uude

163 3025 224 3059 Christi
240 3025 332 3070 periectam
344 3026 477 3060 incarnationem
487 3026 519 3060 ab·
565 3026 685 3060 dictiibid.-
698 3038 756 3060 eorum
766 3026 919 3072 dogmataibid.—

162 3089 225 3126 negant
236 3085 308 3116 999-
331 3083 366 3117 eius
377 3091 436 3118 auctor
446 3096 466 3116 ac
476 3075 532 3157 pro-i
565 3083 650 3117 aludaeis
661 3084 761 3118 sabbathum
777 3092 794 3118 et
805 3084 919 3118 circumcisio-

161 3147 233 3185 pagatcr
243 3140 346 3184 Apollinaris
357 3143 395 3174 996.
408 3161 431 3167 -—
443 3141 478 3174 eius
490 3153 531 3189 emp
565 3152 602 3174 nem
619 3141 738 3175 aGlnistianis
757 3152 818 3175 nomen
835 3147 919 3175 assumunt
