1988 3392
265 217 357 251 rauaau
369 217 541 253 tto.111.TOM.1.
553 218 622 252 naua.
632 217 714 251 uxxrr.
840 209 878 251 231

97 296 170 339 nullam
182 296 215 338 vel
226 296 346 339 levissimam
359 299 454 354 temporis
466 298 584 341 divisionem
597 296 700 339 admittat?
729 295 816 338 Proinde
830 297 883 339 scire

96 364 175 407 tcillud
187 372 277 421 oportet,
300 366 357 407 deum
368 366 425 408 initio
437 360 550 419 carentem,
570 373 589 408 ct
603 380 614 407 a
626 364 680 407 nullo
692 365 777 416 lactum,
797 365 882 407 similem

96 433 134 476 sibi
146 434 204 476 deum
215 448 226 476 ε
236 434 303 491 scipso
313 434 419 489 genuisse,
436 435 524 491 adeoque
536 436 556 477 iu
568 434 660 477 omnibus
672 433 784 489 aequalem.
815 431 882 488 Quem

96 501 174 559 quidem
186 503 267 546 minime
276 517 357 546 creasse
370 503 452 556 dicitur,
473 504 527 546 nesi
540 511 618 546 creatus
632 509 687 547 essct
698 503 783 560 ideoque
796 502 882 545 dissimi-

95 573 120 615 lis
131 573 196 625 toret,
217 572 332 616 diversitate
343 574 480 629 varictathue
490 588 526 615 sua
536 573 567 615 dei
579 573 731 630 appellationem
744 586 755 614 e
767 573 833 614 medio
845 572 883 614 tol-

96 641 155 683 leret.
186 639 265 683 Etenim
282 642 325 684 fieri
341 657 380 684 non
396 649 461 699 potest
477 650 499 685 ut
510 643 543 698 qui
554 649 638 698 generat
653 641 769 683 dissimilem
782 641 813 683 sui
826 641 882 682 inac-

96 710 212 767 qualemque
226 711 333 767 producat,
354 720 387 753 aut
398 719 418 753 nt
429 711 508 768 genitus
521 711 635 767 generantis
646 711 673 752 sit
683 709 794 752 dissimilis.
826 706 882 764 Quu-

95 779 149 821 circa
159 779 268 822 naturalem
278 780 381 836 utriusque
391 780 514 821 identitatem
525 780 599 821 retinet
608 779 626 820 id
638 779 688 835 quod
699 778 815 835 evangelico
826 778 882 820 testi-

95 848 162 891 monio
174 850 248 902 lertrrr,
270 849 291 891 in
305 864 344 905 quo
355 849 382 891 ita
394 849 489 906 scriptum
504 856 548 891 est:
572 852 638 890 Oarnr'a
649 863 698 903 qaue
706 852 771 902 μαινίς
782 856 830 890 sant
839 862 881 889 meu

94 926 150 968 cunt,
167 917 205 959 boc
215 926 258 971 cst,
274 919 323 961 dcus
334 927 365 960 εει
376 925 443 975 pater,
460 932 498 973 ego
508 918 576 959 itidem
588 919 648 970 deus3
665 918 705 958 rita
717 924 749 958 est
760 925 825 973 pater,
842 932 880 973 ego

95 987 155 1030 etiam
165 988 218 1039 vita,
234 995 255 1030 et
264 995 331 1030 cetera
343 988 408 1030 omnia
419 1001 469 1044 quae
480 986 543 1044 patri,
560 986 600 1028 lilio
612 984 719 1042 ct‘spiritui
730 995 800 1029 sancto
811 987 831 1029 iu
842 1001 880 1029 una

95 1055 199 1099 divinitate
209 1058 343 1109 conveniunt,
360 1071 404 1098 cum
415 1055 463 1098 nibil
477 1056 504 1099 sit
515 1055 535 1097 in
547 1055 636 1097 trinitate
649 1055 761 1107 diversum,
783 1069 806 1097 ac
818 1056 881 1097 nrani-

95 1127 146 1168 leste
166 1125 223 1167 nobis
241 1126 368 1167 subsistentis
381 1124 425 1167 sine
440 1125 481 1167 ullo
496 1124 554 1166 initio
570 1139 594 1165 ac
611 1131 700 1180 tempore
717 1125 793 1180 paterni
814 1124 878 1176 verbi,

95 1209 118 1237 ac
134 1194 225 1237 similiter
241 1193 368 1237 subsistentis
384 1193 465 1249 spiritus
480 1194 556 1244 sancti,
577 1192 610 1249 qui
628 1207 655 1235 ex
671 1200 727 1249 patre
745 1192 818 1248 filiique
835 1207 880 1250 pro·

95 1263 143 1320 priis
159 1264 235 1315 oritur,
256 1264 342 1319 perlecta
356 1263 413 1306 nobis
426 1263 491 1305 oblata
503 1262 590 1318 cognitio
602 1261 640 1313 sit,
663 1269 722 1317 atquc
737 1262 790 1303 omni
803 1263 880 1303 ratione

95 1333 178 1375 firmata.

151 1401 206 1443 Aelii
214 1399 279 1458 Caput
289 1400 316 1443 ll.
334 1400 357 1443 Si
370 1401 471 1456 ingenitus
484 1401 533 1442 deus
545 1413 615 1441 caussa
630 1406 661 1441 est
671 1399 724 1440 eurrri
736 1400 878 1455 praestantior,

94 1469 133 1511 crit
146 1471 204 1511 etiam
217 1470 347 1524 generatione
358 1470 401 1525 ipso
418 1469 564 1526 praestantior:
582 1469 607 1519 si,
624 1469 711 1523 iuquam,
728 1468 805 1510 caussis
816 1471 880 1510 onrrri·

93 1537 131 1579 bas
148 1538 261 1590 antecellit,
282 1537 407 1594 generationi
424 1537 490 1580 itidem
504 1537 617 1579 antecellet.
648 1535 720 1592 Neque
736 1537 788 1578 carim
805 1544 838 1579 out
855 1537 879 1578 ab

96 1607 158 1649 altera
171 1613 242 1649 natura
254 1614 275 1649 ut
288 1614 343 1649 essct
353 1607 444 1663 acecpit,
461 1614 494 1648 aut
509 1606 556 1647 illud
571 1606 614 1662 ipsc
630 1604 668 1647 sibi
684 1606 774 1647 contulit.

152 1673 235 1718 Conlnt.
250 1674 276 1717 ll.
301 1674 324 1718 Si
335 1675 436 1730 ingenitus
448 1689 519 1717 canrosa
530 1681 560 1717 est
570 1675 624 1716 onrni
637 1675 782 1730 praestantior,
799 1675 823 1716 ab
836 1676 880 1732 ipso

93 1758 153 1801 porro
161 1744 241 1800 genitus
250 1744 302 1786 haud
313 1745 347 1786 illo
358 1745 416 1799 digne
426 1744 505 1800 genitus
516 1751 555 1794 est,
572 1758 609 1785 nco
621 1743 718 1799 aequalis,
735 1750 754 1784 et
765 1751 830 1787 tamen
844 1759 880 1787 ex-

93 1813 172 1856 cellenti
183 1813 217 1856 illa
230 1812 292 1870 patris
303 1812 434 1870 appellatione
447 1813 572 1865 continetur,
594 1826 690 1854 summam
702 1812 789 1866 genituri
800 1814 879 1868 genitus

92 1881 221 1939 ignominiam
234 1881 299 1934 offert,
316 1882 348 1938 qui
361 1881 443 1923 alterius
456 1896 513 1937 qnam
525 1888 605 1923 creatae
618 1895 651 1923 res
662 1874 840 1925 cererac'noninis
850 1883 879 1925 di·

93 1949 168 2007 gnitate
179 1951 276 2007 gaudeat,
293 1964 357 2006 neque
369 1957 390 1991 ut
401 1958 467 1992 cetera
477 1950 519 2001 illa,
536 1964 586 2006 quae
600 1951 714 2003 factasunt,
731 1952 829 1993 conditori
841 1966 879 1993 suo

93 2019 167 2061 cultura
180 2026 200 2061 ct
211 2019 307 2061 honorem
322 2018 421 2060 adhibeat.
452 2016 505 2060 Nanr
518 2018 556 2059 alia
569 2009 659 2073 quidenna,
683 2034 733 2074 quac
750 2027 808 2061 extra
823 2020 878 2062 illum

93 2095 151 2139 suut,
174 2087 272 2129 conditori
283 2101 320 2129 suo
336 2087 396 2129 decus
412 2087 548 2143 honoremque
564 2086 663 2140 tribunut;
686 2087 717 2129 cui
735 2103 772 2129 uec
788 2089 879 2144 aequalia

93 2163 152 2208 strat,
173 2170 210 2198 nec
222 2156 291 2198 eadcur
303 2170 348 2198 curu
358 2155 392 2211 illo
404 2155 535 2211 appellatione
547 2163 665 2207 censentur,
688 2157 722 2197 sed
736 2157 817 2198 servilis
830 2171 878 2199 eon-

94 2224 175 2267 ditiouis
191 2231 249 2277 suut,
270 2231 329 2281 atquc
346 2225 370 2266 ad
386 2224 483 2266 creatoris
499 2223 582 2279 gloriam
597 2223 705 2280 producta,
728 2239 766 2280 quo
785 2224 877 2267 nimirum

94 2308 121 2336 ex
132 2293 242 2335 illustribus
257 2294 296 2336 illis
313 2300 333 2335 ct
344 2292 431 2349 egregiis
448 2293 491 2334 eins
505 2293 537 2349 qni
549 2293 658 2334 illustribus
669 2293 723 2334 bisce
738 2294 799 2335 rebus
810 2294 878 2336 condi-

94 2362 119 2405 tis
133 2362 225 2419 superior
236 2370 267 2403 cst
279 2362 394 2418 dignitatern
405 2362 584 2417 excellentiamque
596 2362 723 2417 proportione
735 2364 817 2417 quadam
831 2378 879 2405 con-

94 2431 219 2487 templemur.
250 2430 342 2478 Atvcro
357 2430 418 2481 alter,
443 2429 475 2485 qui
494 2444 531 2471 nec
546 2430 645 2471 communi
661 2432 879 2488 celerornmappclla-

94 2499 150 2542 tione
162 2499 287 2550 continetur,
311 2506 331 2540 et
341 2513 377 2555 pro
393 2513 417 2540 co
430 2498 481 2554 quod
494 2499 600 2540 excellenti
617 2499 644 2540 illi
660 2499 835 2542 consubstantialis
847 2508 879 2543 cst

95 2568 192 2610 eiusmodi
203 2567 299 2622 dignitate
309 2568 410 2623 praeditus
422 2574 465 2618 cst,
487 2574 509 2609 ut
520 2567 541 2608 iu
552 2567 622 2608 codern
633 2582 677 2609 cum
690 2567 724 2610 illo
736 2569 805 2610 ordine
817 2570 878 2612 colle·

95 2643 164 2688 cetur,
181 2635 199 2678 si
213 2650 271 2692 quam
282 2635 354 2677 babeat
367 2635 392 2677 ab
404 2636 479 2677 eximio
491 2635 525 2677 illo
540 2635 688 2691 praestantique
698 2637 827 2689 varietatem,
843 2652 879 2679 ne-

95 2718 153 2746 cesse
165 2711 197 2747 est
207 2713 229 2746 ut
239 2705 263 2745 dc
277 2704 365 2745 cinsdcur
381 2703 475 2759 dignitate
490 2703 561 2759 aliquid
577 2703 692 2756 imminuat,
715 2704 753 2746 boc
768 2705 811 2760 ipso
827 2707 878 2761 quod

95 2772 258 2815 excellentissimi
276 2771 329 2814 illius
345 2771 449 2827 ingenito
467 2772 578 2829 splendoris
595 2773 707 2815 commuuio
724 2774 827 2816 varietatis
842 2774 879 2816 ali-

95 2841 140 2897 quid
153 2855 177 2882 ac
187 2841 309 2884 diversitatis
322 2840 401 2882 babeat.
426 2838 495 2895 Quare
506 2841 590 2883 similem
602 2841 656 2883 illum
670 2856 681 2883 c
693 2841 760 2894 simili,
776 2850 795 2883 et
806 2856 879 2898 aequa-

94 2909 133 2950 lcnr
145 2909 259 2965 exaequati
272 2911 357 2957 loetum,
380 2923 420 2949 uon
433 2924 470 2965 pro
482 2917 539 2966 captu
550 2924 659 2965 corporeae
673 2910 756 2952 alicuius
765 2911 878 2965 intelligen-

95 2977 134 3018 tiae
144 2974 259 3019 Cbristiaua
271 2978 308 3019 fide
320 2976 454 3032 concipimus,
477 2979 512 3019 scd
529 2985 621 3033 tauquam
633 2966 691 3020 deum
705 2978 790 3030 eadee,
811 2980 878 3021 lumen

95 3046 119 3094 de
132 3045 216 3098 lurninc,
241 3061 264 3088 ac
274 3046 357 3088 verbum
374 3044 435 3103 patris
451 3046 574 3100 subsistens,
596 3047 647 3094 adeo
664 3054 685 3089 ut
696 3046 814 3097 excellentis
825 3047 878 3100 illius
