1988 3392
81 429 127 472 Κεφ.
139 430 163 476 η’,

83 1417 129 1463 Κεφ.
142 1413 164 1453 δ’.

94 1913 129 1943 pag.
136 1904 167 1933 841.

174 202 202 243 60
465 205 547 241 ειαυτι
558 204 674 240 Εεινυλειιι

174 288 200 333 οῦ
220 287 248 345 μὴ
263 287 344 350 αὐξηθῇ
362 290 384 334 έιι
398 293 435 332 τοῦ
454 287 568 341 σπέρματος
588 285 653 329 αὐτοῦ
670 283 738 344 ἰίρχων
756 285 786 329 έιι
804 285 826 330 ἕν
840 291 868 347 τῷ
880 287 956 351 Ἰοόδγ,

174 357 293 414 καθήμενος
307 359 341 403 ἐπὶ
356 357 435 415 θρόνον
449 357 521 410 Δαβίδ.

234 429 293 471 1Καὶ
307 426 352 483 μεθ’
366 429 422 484 ἕτερα
437 422 610 481 μνημονεῦσαιτος
625 426 746 483 Μαρκέλλου
760 429 801 469 τῶν
811 423 912 483 Ἀστερίου
923 429 957 484 ῥη.

174 501 225 552 νῦν,
241 497 333 553 ἐπιφέρει
346 498 417 554 λέγων·

234 567 281 617 Θεὶς
293 562 330 610 οῦν
341 569 413 617 ταῦτα,
434 564 469 607 καὶ
480 568 551 620 χωρῶν
561 569 587 623 τῇ
600 563 683 621 ἀρνήσει
694 569 747 619 Ξτῆς
757 569 792 608 τοῦ
804 568 894 621 σωτῆρος
901 563 960 620 ἡμῶν

175 635 254 686 εἰκόνος
265 637 300 677 καί
311 634 390 685 οῦσίας,
404 634 440 675 καί
451 637 487 687 τῆς
499 637 621 690 μονογενοῦς
631 632 724 688 νίότητος
735 634 757 676 έκ
769 632 856 690 πατρός,
876 634 910 676 καὶ
921 639 960 678 τῶν

175 707 317 760 πρωτοτοκίοιν
327 702 392 757 πόσης
404 704 498 754 κτίσεως,
519 703 555 744 καὶ
565 706 602 757 τῆς
615 703 637 745 ἐκ
650 706 772 758 μονογενοῦς
782 701 904 757 μονόιητος,
925 705 960 747 καὶ

175 778 211 828 τῆς
222 774 245 815 ἐκ
255 776 329 815 τελείου
339 769 469 825 τελειότητος,
488 771 569 826 καὶτῆς
579 772 601 814 έν
612 771 708 825 βασιλέως
718 773 829 826 βασιλείας,
843 772 878 814 καί
890 775 926 826 τῆς
938 773 960 816 ἒκ

174 845 246 898 κυρίου
258 839 388 898 κυριότητος,
402 840 484 895 καὶτῆς
496 840 518 883 έκ
530 844 583 883 θεοῦ
593 838 702 895 θεότητος,
717 839 788 890 οἰισίας
798 856 819 883 τε
833 837 911 893 δειλῶς,
926 842 960 884 καί

175 913 259 966 βουλῆς,
280 907 442 964 καὶδυνάμεως,
463 910 497 953 καὶ
514 907 574 964 δόξης
589 913 641 953 θεοῦ
656 909 736 960 εἰκόνος
750 906 915 966 όκαραλλιίκτον,
936 908 961 953 οῦ

175 985 254 1035 μικροῖς
268 979 335 1036 λόγοις
351 976 474 1035 ἆρνοῦμενος
484 979 599 1033 έμπροσθεν
608 983 649 1021 τιδν
659 976 789 1035 οίνθροίποιν,
809 978 840 1021 διδ
853 979 888 1021 καί
900 976 961 1035 οίρνη-

174 1047 289 1102 θησόμενος
305 1049 421 1104 ἔμπροσθεν
437 1051 474 1090 τοῦ
491 1046 567 1103 πατρός
584 1045 659 1099 αῦτοῦ,
681 1046 774 1103 ῦίντικρυς
792 1051 855 1090 ταῦτα
870 1046 961 1104 γράφεις.

178 1122 245 1159 Ταῦτα
260 1115 285 1159 τοί
294 1115 379 1172 νρ’ήματα
395 1120 466 1169 σαφῶς
481 1115 518 1171 την
535 1115 616 1171 φαῦλην
632 1114 696 1159 αῦτοῦ
711 1117 758 1173 περὶ
772 1116 870 1171 θεότητος
886 1115 962 1172 πατρός

175 1187 211 1229 καί
225 1187 272 1228 νίοῦ
286 1187 393 1242 παρίστησι
405 1184 472 1237 δόξαν.
501 1183 527 1227 Ἡ
535 1185 558 1228 δέ
566 1184 643 1229 τοῦιων
658 1182 740 1241 ίίρνησις
754 1184 790 1241 τήν
800 1183 838 1240 σὴν
849 1184 962 1241 ένδιόστρο-

175 1272 217 1310 φον
227 1256 261 1297 καί
277 1254 356 1309 φαύλην
371 1254 417 1310 περὶ
432 1253 530 1308 θεότητος
543 1254 578 1297 καί
593 1253 664 1304 οὐσίας
680 1257 781 1310 Χριστοῦ,
801 1257 873 1308 σαφῶς
883 1251 962 1311 ἤλεγξεν

177 1325 307 1380 έτεροδοξίαν.

238 1404 296 1446 1Καὶ
311 1400 357 1457 μεθ’
371 1403 427 1459 ἕτερα
443 1403 534 1459 ἐπιφέρει
549 1401 574 1445 τιί
590 1403 718 1459 Μαρκέλλου.

226 1471 294 1515 ’Ἐωλα
307 1466 343 1515 οῦν
358 1469 383 1513 τό
395 1472 440 1526 ἑξῆς
454 1473 546 1526 ἐπιφέρει
557 1469 651 1528 γρίφων·
674 1469 740 1515 Οῦδὲν
750 1471 818 1515 αῦτιλν
829 1466 858 1515 ὧν
867 1475 962 1528 προεῖπεν

175 1538 330 1595 εἰναιβοῦλεται.
362 1539 449 1582 Πόντων
459 1538 497 1597 γιίρ
508 1539 585 1583 τούτων
596 1539 664 1584 εἰκόνα
674 1538 738 1583 αὐτόν
748 1538 799 1583 εἶναι
809 1541 877 1597 λέγεις.
909 1539 961 1583 Οῦιι-

176 1614 213 1653 οῦν
231 1611 250 1652 εἰ
263 1609 335 1659 οὐσίας
348 1609 401 1652 ἐστίν
418 1606 488 1661 είκοίν,
509 1608 576 1652 οῦκέτι
591 1609 701 1652 αῦτοονσία
717 1607 802 1652 δόνοται
817 1606 877 1652 εἶναι·
898 1609 964 1651 καὶεί

175 1681 250 1733 βουλῆς
261 1678 313 1721 ἐστιν
322 1676 390 1733 εἰκοίν,
405 1675 472 1721 οῦκέτι
483 1676 598 1732 αῦτοβονλη
608 1675 659 1721 εἶναι
668 1677 761 1720 δῦναται·
776 1679 811 1720 καί
822 1679 841 1720 εἰ
850 1677 962 1732 δυνάμεως,

176 1744 244 1790 οόκέιι
255 1745 351 1801 δύναμις·
367 1747 401 1789 καὶ
412 1747 430 1788 εἰ
438 1745 505 1800 δόξης,
521 1744 587 1790 minin
599 1747 653 1798 δόξα.
678 1744 750 1803 Ἡγοίρ
763 1744 821 1789 εἰκιίν
834 1745 870 1800 οῦχ
882 1746 962 1801 ἑαυτῆς,

176 1814 215 1859 ἀλλ’
227 1817 295 1870 ἑτέρου
306 1813 361 1865 τινός
373 1814 432 1858 εἰκιίν
446 1816 504 1858 ἐστιν,
527 1814 596 1858 Ἕωλα
607 1815 638 1866 δέ,
659 1813 774 1871 Μάρκελλε,
789 1815 823 1857 καί
835 1817 904 1870 ψευδῆ
915 1819 962 1858 ταῦ-

176 1902 206 1927 τα.
238 1882 309 1926 Πόντα
325 1881 363 1939 γοίρ
379 1882 441 1926 αῦτόν
455 1882 576 1939 δίπροεῖιιον
589 1880 689 1939 Ἀστέριος
703 1881 754 1926 εἶναι
770 1883 872 1938 βούλεται,
892 1885 962 1941 λέγων,

176 1952 273 2002 Βασιλεῦς
289 1952 380 2007 βασιλέα,
401 1951 471 2009 κόριος
486 1950 569 2008 κόριον,
591 1950 640 2002 ,θεός
656 1951 712 1995 θεόν.
750 1952 791 1995 Καὶ
807 1950 850 1995 λόει
870 1966 908 1995 σου
926 1951 963 2008 την

175 2019 257 2077 όίψνγον
277 2019 355 2072 εἰκόνα,
379 2020 416 2075 την
432 2020 483 2063 κατοί
502 2020 523 2064 σὲ
539 2020 661 2080 ἀνθρωπίνη
681 2021 739 2080 τέχνη
759 2026 886 2064 συνεστῶσαν
902 2020 962 2081 μόνη.

177 2091 264 2134 Πόντιον
271 2090 308 2146 γιίρ
320 2088 397 2132 τούτοιν
407 2093 472 2140 ζῶσαν
481 2087 551 2132 εἰκόνα
562 2090 623 2146 λέγει,
638 2090 673 2132 καί
684 2094 757 2141 ζῶντος
769 2089 847 2140 εἰκόνος
858 2091 963 2147 ἐκμαγεῖον

175 2154 239 2203 οῦσαν
250 2163 287 2201 τοῦ
297 2160 445 2215 γεγεννηκότος,
460 2159 495 2200 καὶ
507 2155 578 2207 οῦσίας
587 2155 708 2200 αῦτοουσίαν
717 2156 785 2200 εἰκόνα
795 2158 853 2213 λέγει,
867 2158 902 2200 καί
915 2160 963 2213 βον-

175 2232 212 2281 λῆς
222 2226 359 2281 αῦτοβονλήν,
381 2226 416 2269 καὶ
427 2225 532 2279 δυνάμεως
547 2224 695 2279 αῦτοδῦναμιν,
718 2226 752 2268 καί
765 2226 825 2280 δόξης
836 2225 963 2278 αῦτοδοξίοιν,

175 2298 210 2338 καὶ
221 2296 258 2350 οὐχ
268 2296 351 2349 ἑαυτῆς,
371 2291 411 2336 ἄλλ’
423 2294 492 2350 ἑτέρον
507 2291 606 2343 ἳείκόνος.
637 2292 670 2337 >Ji
681 2295 703 2338 δὲ
713 2292 765 2337 θεόν
777 2294 800 2336 έκ
810 2298 861 2337 θεοῦ
872 2292 908 2337 τόν
918 2293 964 2338 υἱόν

177 2364 213 2418 οῦχ
225 2362 340 2419 όμολογῶν,
356 2362 405 2406 οῦδὲ
415 2367 460 2415 φιῖς
472 2364 494 2405 έκ
505 2360 583 2416 φωτός,
599 2360 646 2405 οῦδὲ
657 2361 744 2416 δύναμιν
754 2364 776 2406 ἒκ
787 2361 903 2424 δυνάμεως,
919 2361 964 2405 οῦτε

177 2430 239 2482 θεόν,
255 2429 301 2474 οότε
311 2435 367 2484 φῶς,
383 2430 409 2474 οῦ
419 2429 516 2485 δύναμιν,
531 2430 570 2473 οῦκ
581 2429 663 2483 οὐσίαν,
679 2431 704 2474 οῦ
715 2428 801 2486 βουλήν,
823 2431 848 2473 οῦ
859 2430 920 2482 δόξαν
929 2430 964 2475 τόν

176 2498 222 2543 νίὀν
235 2497 285 2542 εἶναι
297 2500 389 2552 3θέλων,
405 2496 454 2543 οίλλιί
463 2517 482 2542 τι
492 2503 559 2552 σῶμα,
575 2503 638 2542 ταῦτα
649 2498 750 2552 ιίφανίζεις
762 2497 839 2553 οίσεβιῦς
851 2500 873 2542 έν
882 2505 908 2559 τῇ
918 2514 965 2543 σνν-

177 2570 240 2626 τελείγι
255 2566 303 2623 μετιί
318 2566 397 2611 τοῦτον.
429 2568 470 2610 Καὶ
486 2566 587 2626 ἰιρνῇμὲν
603 2566 636 2619 τό,
660 2566 710 2617 Θεός
724 2562 750 2623 ἦν
766 2565 861 2625 όλόγος,
882 2568 928 2613 υἱόν
943 2568 965 2612 δέ

201 2754 241 2787 Cin.
252 2753 298 2787 vm.
309 2771 332 2777 —
344 2753 359 2786 1.
372 2754 423 2786 venna
432 2752 468 2788 Καὶ
478 2772 487 2779 -
495 2772 505 2779 -
513 2772 523 2779 -
534 2753 561 2787 λε’-
582 2753 631 2794 nina.

177 2811 211 2845 γωι
227 2802 244 2832 in
260 2802 325 2839 υιιοηιιι
341 2800 386 2831 τοοκ,
401 2808 438 2831 mss.
454 2801 561 2840 inscriptionis
606 2797 622 2831 2.
634 2799 652 2831 In
661 2800 733 2832 omnibns
744 2801 789 2833 libris
800 2803 833 2832 ιοκι
843 2802 905 2842 scriniis
916 2809 965 2843 ηαοιιι

176 2849 227 2880 instar
237 2847 285 2879 rubro
296 2848 333 2877 suni
344 2846 394 2877 colore
405 2848 516 2886 superscripta.
583 2844 630 2877 editis
641 2848 663 2877 esi
675 2842 744 2886 εἰκόνος.

199 2893 216 2926 ¹2.
228 2893 262 2936 τῆς
272 2891 302 2925 τοῦ
313 2892 366 2924 omiss.
377 2892 394 2923 in
404 2890 428 2924 ιδ.
439 2892 494 2925 Ρειον.
505 2892 560 2924 colun.
606 2890 621 2924 3.
636 2892 679 2924 Ηοιο
694 2893 714 2925 de
729 2894 818 2925 οοιιῐιιιαια
835 2893 901 2925 correxi
924 2894 966 2924 Nam

178 2942 225 2979 repet.
583 2938 600 2969 in
610 2938 654 2969 libris
664 2940 740 2979 scriptum
750 2941 772 2971 εει
783 2939 830 2979 ναλςο
842 2936 906 2978 &inem
923 2933 967 2972 ἀλλὰ

201 2984 241 3017 θεν.
251 2983 284 3017 lX.
296 3001 318 3008 —-
337 2981 351 3016 1.
365 2983 416 3016 Verba
424 2981 460 3018 Καὶ
472 3003 479 3009 -
491 3003 498 3009 -
510 2982 560 3027 Μαρ-
582 2979 601 3017 τό
615 2983 666 3027 σῶμα
674 2985 730 3019 ταῦτα
739 2980 817 3028 ἀφανίζει
828 3002 839 3008 -
850 3002 861 3008 -
873 2982 917 3027 μετὰ
928 2981 967 3018 τοῦ·

177 3029 237 3066 κελλου
253 3032 270 3063 in
281 3033 345 3071 αιιοηιιι
360 3030 406 3062 codd.
421 3039 458 3063 niss.
470 3032 507 3064 item
523 3032 560 3062 suni
582 3039 620 3064 των.
647 3032 688 3063 Verte
699 3030 730 3063 sed
741 3040 800 3074 corpus
811 3028 891 3074 aliquod,
903 3041 936 3075 qno
947 3028 967 3062 fit

180 3078 202 3111 ad
218 3077 325 3118 inscriptionis
339 3077 391 3110 instar
405 3078 468 3120 posita,
486 3077 560 3110 ciminia
584 3074 639 3109 utilla
650 3076 706 3111 omnin
716 3078 813 3122 (divinitatis
822 3077 902 3119 insinnia,
918 3076 966 3110 intell.
