1988 3392
159 219 201 261 540
359 262 360 265 ¹
448 223 531 257 SANCTI
542 222 658 256 EPIPHANII

160 308 181 349 οἱ
196 304 230 348 καὶ
245 307 281 366 τοῦ
293 303 438 359 Ἀδαμαυτίου·
460 301 545 345 Παύλου
563 305 600 344 τοῦ
614 301 764 358 Σαμωσοιτέως,
784 307 906 359 Μανιχαῖοι,
921 305 943 348 οἱ

158 374 194 417 καί
208 371 376 424 17Ἀκουανῖται,
390 369 504 429 Ἱερακῖται,
520 373 654 426 Μελητιανοὶ,
670 373 691 414 οἱ
698 370 741 427 κατ’
752 373 858 428 Αἴγυπτον
870 373 941 427 σχίσμα

159 441 220 496 ίίντες,
235 439 332 500 Ἀρειανοὶ
338 475 343 495 ,
360 442 381 482 οἱ
389 441 424 483 καί
435 438 598 497 Ἀρειομανῖται,,
608 440 718 483 Αίιδιανων
727 438 750 484 τδ
762 443 842 496 σχίσμα,
863 444 942 485 1ἱΦω-

160 512 265 565 τεινιαυοὶ,
290 509 450 566 Μαρκελλιανοὶ,
470 507 591 567 Ἧμιιίρειοι,
613 508 789 565 Πνευματομοίχοι,
811 511 833 552 οἱ
846 507 868 552 τδ
884 508 942 566 ἱίγιον

161 584 241 635 πνεῦμα
251 583 287 621 τοῦ
298 582 349 621 θεοῦ
360 580 533 634 βλασφημοῦντες,
550 577 662 635 Ἀεριανοὶ,
680 579 790 632 ’Λετιαυοὶ,
811 579 833 621 οἱ
842 578 877 622 καί
886 576 942 622 ’Λυο-

161 649 225 701 μοιοὶ,
246 645 277 696 οἱς
294 645 413 689 συνάπτεται
431 645 573 700 19Εὖνίμιος·
592 651 718 703 Λιμοιρῖται,
739 649 760 690 οἱ
774 646 801 702 μὴ
816 648 890 689 τελείαν
906 646 943 701 τήν

136 706 137 709 ¹
163 719 251 772 Χριστοῦ
267 713 422 771 ένανθροίττησιν
438 712 593 771 ὁμολογοῦντες,
613 717 635 757 οἱ
649 715 857 772 καίἈπολιναρῖται,
878 716 944 759 οἱκαὶ

160 783 197 839 τὴν
206 782 265 840 ἁγίαν
277 785 361 840 Μαρίαν
376 782 412 838 τήν
430 782 566 840 τἰειποίρθευον
581 784 669 841 λέγοντες
684 783 733 840 μετοὶ
749 782 801 828 20τιὶ
814 783 849 828 τδυ
864 788 944 841 σωτῆρα

160 853 297 909 γεγεννηκέναι
307 857 336 911 τῷ
345 850 421 905 Ἰωσήφ
433 856 549 906 συνῆφθαι,
570 852 663 903 οίίςτινας
673 854 792 908 ἐκαλέσαμεν
805 853 944 907 Ἀντιδικομα-

162 923 260 977 ριανίτας·
275 921 310 963 καί
321 922 343 964 οἱ
353 922 381 971 εἰς
392 918 456 974 ὄνομα
467 925 503 975 τῆς
513 920 576 975 αὐτῆς
586 923 670 977 Μαρίας
680 925 716 975 τῆς
727 919 827 965 θεοτόκου
838 923 945 978 κολλυρίδα

162 990 320 1046 προςφέροντες,
335 992 356 1032 οἱ
367 993 472 1032 καλοῦνται
488 992 648 1046 Κολλυριδιανοί·
670 991 824 1044 Μασσαλιανοί,
839 987 871 1040 οἷς
885 987 945 1033 συνυί·

162 1076 246 1101 πτονται
257 1059 406 1117 Μαρτυριανοὶ,
422 1060 443 1101 οἱ
451 1054 492 1103 οἷπδ
501 1063 541 1102 τῶν
549 1056 648 1114 Ἑλλήνων
656 1061 691 1102 καί
702 1059 822 1115 Εὗῳημῐται
830 1059 864 1103 καί
876 1063 945 1101 ἨΣα-

164 1129 261 1170 τανιαυοί.

217 1193 320 1239 Ἐπαυιυὶν
339 1196 361 1239 δέ
378 1190 450 1249 αὖθις,
470 1197 505 1240 καί
521 1195 590 1240 διελοίν
604 1196 677 1248 τούτοις
689 1196 741 1241 κατιὶ
756 1200 835 1253 βιβλίον
847 1195 946 1249 ὑποδείξω

164 1268 185 1310 ἐν
195 1264 257 1325 ταύτῃ
273 1270 297 1324 τῇ
312 1265 484 1320 ἄνακεφαλαιυὶσει
498 1266 559 1310 πόσαι
568 1265 645 1310 τούτων
661 1272 701 1311 τῶν
716 1265 841 1326 ὀγδοήκοντα
853 1266 948 1325 αἱρέσεων

164 1338 185 1379 έν
197 1340 225 1396 τῷ
237 1334 309 1395 προίτῳ
326 1337 407 1395 βιβλίῳ,
429 1337 462 1380 καί
474 1339 563 1393 καθεξῆς
577 1338 599 1380 έν
613 1341 641 1396 τρῖ
653 1337 749 1398 δευτέρῳ,
771 1338 808 1389 ἕως
819 1340 856 1381 τοῦ
872 1338 946 1395 τρίτου.

160 1405 220 1449 Ἀλλιὶ
236 1406 272 1449 καί
287 1403 336 1448 καθ’
351 1406 433 1449 ἕκαστον
447 1410 487 1449 τῶν
503 1404 553 1450 έπτοὶ
563 1405 630 1462 τόμων
640 1411 680 1450 τῶν
691 1408 712 1451 έν
723 1409 775 1465 τρισί
787 1410 871 1464 βιβλίοις
881 1421 948 1450 συντε-

163 1476 274 1532 ταγμένων,
294 1473 356 1517 πόσαι
370 1476 419 1518 εἰσὶν
436 1476 457 1519 έν
471 1475 558 1535 Ματίτρὶ
574 1482 703 1534 χωρισθεῖσαι
719 1477 809 1533 αἱρέσεις.
839 1478 880 1520 Καὶ
895 1477 948 1520 έστιν

82 1570 116 1600 pag.
124 1562 155 1593 ιιι.
165 1544 235 1595 οίίτως.
265 1541 298 1586 Ἐν
309 1544 345 1599 μέν
354 1548 382 1603 τῷ
394 1543 466 1605 πρυίτῳ
480 1548 550 1606 βιβλίῳ
561 1544 619 1600 τόμοι
629 1551 690 1603 τρεῖς,
706 1547 791 1603 αἱρέσεις
802 1544 948 1603 τεσσαράκοντα

162 1617 196 1666 ἓξ,
212 1612 250 1657 σιὶν
261 1619 304 1663 ταῖς
316 1611 433 1667 ὀνομασίαις
444 1613 531 1667 τούτων,
553 1616 605 1669 φημί
617 1615 639 1657 δέ
650 1613 803 1672 Βαρβαρισμδν,
823 1616 857 1658 καί
869 1620 948 1657 Σκυθι-

165 1682 226 1738 σμδν,
248 1684 282 1725 καὶ
293 1680 431 1737 Ἑλληνισμδν,
447 1684 480 1726 καὶ
489 1682 626 1739 Ἰουδαϊσμδν,
641 1684 675 1727 καί
688 1683 854 1742 Σαμαρειτισμόν.
883 1682 916 1726 Ἑν
927 1683 949 1726 δέ

165 1755 193 1812 τῷ
205 1752 289 1810 δευτέρῳ
302 1753 372 1810 βιβλίῳ
382 1750 440 1806 τόμοι
453 1750 501 1806 δύο,
517 1754 602 1808 αἱρέσεις
613 1754 675 1796 ε’ίκοσι
686 1759 744 1810 τρεῖς.
771 1752 807 1796 Ἐν
817 1753 839 1796 δέ
851 1758 879 1813 τῷ
890 1755 948 1811 τρίτῳ

165 1824 235 1881 βιβλίῳ
244 1819 302 1875 τιίμοι
313 1819 362 1873 δύο,
377 1822 461 1877 αἱρέσεις
473 1823 547 1865 ἕνδεκα.
576 1820 610 1864 Ἐν
621 1825 648 1881 τῷ
659 1816 697 1864 οὖν
708 1821 781 1882 πρώτῳ
792 1825 863 1882 βιβλίῳ
875 1814 950 1880 προίτῳ

166 1892 220 1950 τόμῳ
230 1891 314 1946 αἱρέσεις
321 1888 347 1942 τ’,
362 1891 386 1932 αἱ
392 1892 441 1933 εἰσιν
449 1893 502 1933 αἱδε·
519 1889 666 1947 Βαρβαρισμδς,
677 1889 803 1946 Σκυθισμδς,
815 1889 950 1946 Ἑλληνισμδς,

162 1957 297 2014 ’ἱουδαϊσμός
326 1956 423 2014 Ἑλλήνων
434 1961 541 2015 διαφοραί,
558 1959 707 2017 Πυθαγόρειοι,
728 1958 791 2016 ἤμουν
803 1962 824 2004 οἱ
837 1964 951 2016 Περιπατη-

166 2029 228 2081 τικοί,
246 2029 384 2082 Πλατωνικοί,
399 2029 498 2081 Στωϊκοὶ,
510 2027 652 2085 Ἐπικούρειοι.
682 2026 818 2085 Σαμαρειτικὴ
831 2030 916 2086 αἵρεσις,
936 2025 951 2083 οἱ

166 2092 219 2141 οὖσα
229 2098 251 2139 έιι
263 2101 299 2139 τοῦ
309 2096 444 2152 Ἰουδαϊσμοῦ.
474 2101 606 2154 Σαμαρειτῶν
616 2098 667 2152 έθνη
679 2097 764 2153 τέσσαρα
780 2097 855 2151 οὕτως,
880 2102 904 2128 ²³
912 2101 951 2140 Γο-

167 2166 260 2223 ροθηνοὶ,
275 2168 391 2220 Σεβουαῖοι,
400 2166 503 2222 Ἐσσηνοὶ,
514 2169 617 2209 Δοσίθεον,
643 2167 749 2210 Ἰουδαίων
759 2167 844 2223 αἱρέσεις
853 2166 869 2218 ξ
879 2165 951 2218 οἱίτως,

168 2240 303 2290 Γραμματεῖς,
326 2240 443 2292 Φαρισαῖοι,
469 2238 617 2288 Σαδδουκαῖοι,
642 2233 830 2292 Ἡμεροβαπτισταὶ,
851 2234 951 2287 Ὀσσαῖοι,

169 2309 291 2360 Νασαραῖοι,
305 2301 430 2361 Ἡρωδιανοί.
458 2301 492 2347 Ἐν
502 2304 524 2347 δὲ
534 2308 561 2362 τῷ
572 2304 657 2364 δευτέρῳ
669 2304 724 2363 τόμῳ
734 2308 770 2347 τοῦ
780 2302 862 2361 προίτου
873 2305 952 2359 βιβλίου

169 2372 264 2423 οἱςαύτως
275 2373 359 2429 αἱρέσεις
371 2372 395 2430 ιγ’
406 2371 480 2424 οὕτως,
496 2375 630 2427 Σιμωνιανοί,
646 2373 809 2430 Μενανδριαυοὶ,
825 2376 951 2429 Σατορνιλια-

168 2444 212 2495 νοὶ,
227 2444 373 2495 Βασιλιδιανοί,
389 2447 518 2494 Νικολαῖται,
534 2443 656 2494 Γυωστικοὶ,
671 2443 736 2485 οἱκαὶ
748 2442 902 2497 Στρατιωτικοὶ,
917 2441 953 2483 καὶ

171 2515 290 2567 Φιβιωνῖται
300 2514 322 2555 οἱ
333 2510 399 2564 αὐτοὶ,
415 2508 470 2568 παροὶ
481 2511 504 2554 δέ
509 2524 548 2553 τισι
557 2511 714 2563 Σεκουνδιαυοὶ,
729 2508 785 2568 παροὶ
797 2509 819 2553 δέ
829 2509 895 2561 δι’λλοις
908 2514 953 2552 Σω-

169 2585 267 2635 κρατῖται,
281 2578 336 2637 παροὶ
346 2580 367 2622 δέ
376 2580 450 2636 ἑτέροις
460 2579 692 2634 Ζακχαῖοικαλοιίμευοι·
709 2580 894 2636 Καρποκρατιανοὶ,
910 2583 953 2633 Κη-

170 2649 283 2706 ρινθιανοὶ,
304 2650 369 2692 οἱκαὶ
380 2650 531 2705 Μηρινθιανοὶ,
547 2653 704 2705 ΜΝαζωραῖοι,
724 2647 850 2703 Ἐβιωναῐοι,
868 2645 953 2691 Οὐαλεν-

170 2724 230 2770 τῖυοι,
245 2718 397 2770 Σεκουνδιαυοὶ,
413 2715 444 2767 οἱς
456 2716 589 2761 συνάπτονται
596 2716 718 2771 Ἐπιφοίυιος
729 2718 764 2760 καί
776 2713 883 2773 Ἰσίδωρος,
900 2720 953 2759 Πτο-

170 2792 254 2841 λεμαῖοι,
280 2787 316 2829 Ἐν
325 2788 346 2830 δὲ
354 2791 383 2846 τῷ
392 2789 452 2846 τρίτῳ
464 2785 519 2844 τίμῳ
528 2791 564 2829 τοῦ
577 2786 641 2829 αὐτοῦ
652 2785 733 2842 πρώτου
744 2787 823 2840 βιβλίου
835 2785 921 2840 αἱρέσεις
929 2782 954 2841 ιγ’

171 2855 246 2908 οὕτως,
262 2855 394 2911 Μαρκσίσιοι,
415 2854 592 2911 ῊΚολορβοίσιοι,
607 2853 767 2912 Ἡρακλεωνῖται,
779 2853 874 2907 Ὀφίται,
890 2857 955 2896 Καία-

171 2927 215 2979 νοί,
230 2926 344 2981 Σηθιανοὶ,
362 2925 499 2981 Ἀρχοντικοὶ,
516 2925 663 2982 Κερδωνιανοὶ,
679 2925 811 2980 Μαρκίωνες,
824 2920 954 2973 Ἀπελλιανοὶ,

196 3043 222 3079 17.
238 3045 287 3085 Vulgo
297 3040 407 3077 Ἀκωαιῖται.
601 3038 627 3075 19.
639 3042 683 3074 Libri
694 3042 742 3082 υυλρο
753 3036 837 3083 ἀνόμοιος.

196 3089 222 3123 18.
235 3087 325 3132 φοτιιιαιτλ
336 3090 373 3123 τὰτί.
384 3091 436 3129 princ.
597 3086 625 3119 λθ.
634 3084 661 3125 τί,
669 3087 711 3127 σανα
721 3095 741 3119 τοι
749 3088 821 3120 panario
830 3086 896 3127 restitui,
907 3085 955 3125 υιιλςο
