1988 3392
419 633 511 675 sanem

292 736 639 795 EPIPHANII

92 873 404 942 *dodran
446 862 855 922 nonnosus·

354 994 415 1027 LIBRI
426 994 455 1027 ΙΙΙ.
479 994 557 1028 Tomos
570 995 582 1026 t.

182 1155 229 1206 oe
248 1154 470 1205 scnrsunrn
489 1133 757 1226 tonitruorum,

245 1254 301 1303 quae
320 1242 355 1288 est
372 1238 473 1288 haeresis
490 1236 532 1299 L.‚'
550 1237 602 1297 siue
616 1237 690 1288 LXX.

131 1342 231 1394 Aureliani,
254 1339 393 1394 stradeant,
417 1341 436 1384 in
447 1349 525 1384 eoelum
538 1343 634 1397 quendam
648 1347 808 1398 conventumque
819 1341 860 1384 ool·
882 1363 947 1408 capt.

75 1413 120 1456 ieoti
134 1413 153 1454 in
165 1411 292 1454 monasteriis
304 1411 404 1462 habitant,
426 1417 446 1453 et
457 1410 481 1453 ab
496 1410 596 1452 banniarum
613 1410 757 1453 consuetudine
773 1409 861 1465 separati

76 1482 145 1538 partim
159 1480 341 1532 institutionibus,
363 1479 433 1536 partim
447 1492 507 1535 prope
519 1479 601 1536 oppida,
623 1486 658 1521 aut
668 1479 688 1520 iu
698 1478 817 1520 suburbanis
827 1479 862 1520 de·

74 1556 132 1604 gunt,
148 1556 182 1590 aut
193 1547 311 1603 ubicumque
323 1549 437 1590 mansiones
446 1561 493 1589 suas
502 1548 545 1589 sire
556 1547 652 1588 arneuobia
663 1547 788 1589 oottooariut.
818 1545 862 1588 Hu-

75 1617 107 1658 ius
118 1624 186 1658 sectae
203 1617 294 1658 eorrditor
306 1617 343 1657 tuit
353 1617 430 1657 Audies
444 1616 481 1658 sub
492 1615 538 1657 Arii
553 1622 654 1671 tempora,
676 1617 754 1670 quando
765 1616 863 1656 aduersus

77 1684 129 1725 boue
141 1684 224 1725 eolleuta
238 1684 376 1739 episcoporum
393 1684 481 1740 synodus
493 1691 534 1735 est,
556 1682 651 1737 aquibus
662 1689 693 1724 est
704 1683 737 1724 ute
748 1683 860 1724 damnatus.-

76 1749 117 1794 Sed
134 1751 213 1793 Audias
230 1764 241 1793 e
258 1749 403 1807 Mesopotamia
421 1751 516 1792 oriundus
534 1750 586 1792 domi
604 1750 670 1792 eiarus
689 1749 710 1791 in
728 1750 796 1805 primis
816 1750 860 1800 tuit,

77 1825 158 1875 propter
169 1826 190 1860 et
200 1819 253 1860 ritae
262 1819 397 1873 iutegritatem
407 1826 428 1860 et
438 1819 517 1860 divinae
528 1819 572 1860 tidei
582 1817 648 1859 zetum
660 1824 679 1858 et
690 1818 791 1860 ardorem.
822 1815 864 1872 Qui

76 1893 120 1929 eum
130 1901 191 1942 saepe
201 1887 296 1928 norrnntta
305 1886 382 1928 rideret
393 1888 443 1942 quae
454 1888 474 1928 in
483 1887 574 1929 ecelesiis
585 1899 688 1942 perperam
701 1893 806 1941 geruntur,
821 1886 863 1942 epi·

76 1969 148 2012 seopos
158 1969 181 1997 ao
195 1955 323 2012 presbyteros
336 1969 403 1997 eoram
414 1954 518 2012 inerepare
529 1970 552 1997 au
563 1955 685 2011 redarguere
695 1969 734 1996 non
745 1954 861 2008 verebatur,

77 2031 97 2067 et
108 2024 214 2067 identidem
226 2039 316 2077 monere,
332 2023 380 2067 Non
392 2024 465 2067 debent
475 2025 524 2067 baeu
536 2025 574 2068 isto
585 2026 644 2067 modo
655 2025 706 2077 fieri,
722 2039 762 2067 non
772 2024 863 2069 itabaeo

77 2086 215 2137 administrare
234 2094 348 2147 taorrvenit¹>
375 2093 430 2136 Haeo
449 2102 541 2151 tanquam
558 2094 650 2136 ueritatis
670 2109 739 2137 amaus
754 2110 777 2137 ao
795 2104 862 2137 cetera

76 2164 96 2205 id
108 2178 171 2219 gertus
183 2177 280 2220 usurpare
291 2163 379 2216 solebat,
402 2177 453 2220 quae
469 2165 580 2220 exquisitae
593 2163 697 2221 probitatis
709 2164 820 2205 bominibus
833 2166 862 2206 fa-

77 2232 160 2274 miliaria
170 2239 228 2284 sunt,
244 2233 276 2287 qui
289 2232 313 2274 ob
324 2232 426 2287 egregium
438 2232 517 2288 pietatis
529 2233 614 2274 studium
626 2246 722 2274 summam
733 2233 752 2273 iu
762 2233 862 2287 loquendo

77 2300 188 2342 libertatem
202 2300 303 2341 adhibent.
335 2299 404 2354 Quare
416 2315 460 2342 eum
473 2300 579 2353 nonnulla,
601 2300 653 2341 sient
663 2300 719 2350 dixi,
735 2299 786 2341 mute.
797 2299 818 2341 in
830 2314 864 2341 ee·

77 2366 144 2409 etesiis
153 2368 197 2423 geri
209 2374 313 2418 cerneret,
330 2382 471 2423 nonnunquam
482 2381 533 2423 quae
546 2368 631 2410 sentiret
643 2367 695 2422 ioqui
707 2381 731 2408 ao
744 2367 864 2422 redarguere

77 2436 197 2488 augebator,
219 2448 256 2476 nee
274 2435 354 2476 omuino
372 2442 439 2476 taeere
456 2442 540 2491 poterat.
572 2434 635 2477 Velut
650 2434 668 2476 si
683 2449 741 2490 qoem
759 2450 770 2475 e
786 2434 865 2476 clericis

77 2502 205 2557 pecuniarum
219 2502 261 2558 ptus
276 2502 443 2559 aequoeupidnm
456 2503 544 2554 videret,
566 2503 692 2559 episcopum,
714 2509 748 2543 aut
760 2503 864 2558 presbyte·
934 2492 937 2496 ⁴

78 2583 135 2621 rum,
159 2578 192 2611 ant
208 2570 268 2612 atium
286 2570 397 2626 quempiam
416 2570 448 2626 qui
467 2570 609 2612 ecclesiasticis
629 2570 731 2611 ordinibus
748 2577 865 2622 censemur,

78 2638 202 2694 exprobrare
213 2652 253 2679 nou
265 2631 380 2691 dubitabatq
395 2645 429 2679 aut
440 2638 457 2679 si
470 2638 566 2696 quispiam
578 2638 627 2681 luxu
638 2652 661 2680 ao
673 2637 748 2679 deiioiis
759 2638 864 2692 difflueret,

77 2705 120 2749 sive
137 2707 196 2749 uttam
213 2707 345 2749 erotesiastiei
361 2707 459 2764 dogmatis
474 2722 497 2750 ao
512 2707 628 2765 discipliuae
644 2715 719 2765 partem
735 2708 865 2751 adulterando

78 2770 226 2834 perrumperet,
243 2777 325 2834 patienti
336 2792 458 2834 nequaquam
473 2779 539 2820 tereus
551 2778 618 2820 arriano
629 2778 707 2830 uerbis,
724 2778 751 2820 uti
762 2778 815 2830 dixi,
831 2786 864 2821 ea'·

77 2845 170 2903 stigabat.
202 2844 259 2902 Quod
271 2846 348 2902 quidem
362 2847 495 2890 dissolutioris
508 2847 560 2890 vitae
572 2847 684 2890 bominibus
696 2847 800 2889 molestum
812 2855 863 2889 erat.

77 2912 135 2957 Unde
147 2915 244 2958 maximas
256 2921 362 2971 propterea
372 2916 503 2959 contumelias
515 2917 623 2969 sustinuit,
638 2916 718 2958 infestis
729 2918 817 2958 omnium
828 2932 864 2959 vo-

78 2982 134 3025 oibus
151 2991 170 3025 et
186 2984 237 3025 odiis
256 2983 377 3039 exagitatus.
408 2985 437 3027 Aa
451 2986 485 3027 itte
500 2986 586 3027 iactatus
602 2985 640 3027 boe
657 2985 715 3026 mode
731 2991 751 3026 et
766 2985 863 3041 pulsatos,

82 3058 83 3061 Ἰ
99 3072 116 3108 2
127 3070 157 3109 τὸν
169 3074 215 3107 eade.
226 3083 264 3108 mss,
371 3104 373 3107 .
500 3074 519 3109 ὃ.
529 3075 550 3111 δὲ
562 3074 593 3110 aad
605 3074 661 3111 ἕνεκεν
676 3073 737 3111 τούτου
750 3076 786 3110 eod.
797 3077 864 3118 Rtaeettq.
