1988 3392
164 205 192 246 42
452 211 662 248 εκαοτιεεινεικαιι

165 289 319 348 οίναλογοκίμενα.
352 289 379 336 Τό
392 289 441 348 γόρ,
458 289 579 345 Ποιήσωμεν
590 288 701 345 ίίνθρωπον
710 288 753 332 κατ’
765 287 834 332 είκόνα
844 285 949 345 ἡμετέραν,

164 357 378 414 καίκαθ’όμοίωσιν,
398 358 488 418 τῷλόγῳ
500 359 586 409 ἑαυτοῦ,
607 358 698 412 flemene,
719 355 809 414 όιιατηρ
821 359 893 413 ε’ίρηκε.
926 360 951 401 Τί

166 421 214 478 οὖν,
236 424 323 483 όλόγος
343 428 364 470 ίυ
380 431 408 486 τῷ
426 428 497 482 πατρί,
517 426 579 479 φησὶ,
600 420 638 480 ἦν,
659 423 699 468 ἀλλ’
715 425 754 468 οίικ
768 420 795 480 ἦν
810 424 866 476 υίόςς
901 426 950 478 Καὶ,

160 495 243 551 ’Έβρεξε
254 493 326 550 κίρκος
338 493 393 550 παριί
403 496 482 551 κυρίου,
497 494 520 536 ἐν
531 494 592 549 πατρὶ
604 492 633 537 σίν
643 491 655 537 ό
665 491 730 550 λόγος,
745 494 787 546 καί,
801 490 877 545 Εἶδον,
891 493 950 548 φησί,

166 562 310 620 κατερχόμενον
320 562 387 606 ἐπόνω
397 567 437 605 τῶν
449 565 543 615 νεφελῶν,
560 559 604 613 ὀἷς
616 559 662 605 νίόν
672 560 791 617 ίινθρσίπου.
824 565 897 613 Τοῦτο,
912 578 951 616 φη-

167 632 198 684 σί,
212 636 408 689 προκαταγγελτικοίς
419 632 489 687 ἐλεγεν,
505 628 542 685 οὐχ
554 628 582 680 οίς
594 635 631 673 τοῦ
642 631 689 673 υίοῦ
700 627 833 686 όποίργοντος,
847 627 896 673 ἄλλοί
907 628 951 674 ‘¹62’

167 700 179 744 ό
189 702 267 756 ἐμελλεν
276 699 321 751 υἱός
331 705 436 743 καλεῖσθαι
449 697 497 754 μετοί
508 697 546 753 τὴν
557 701 652 754 Μαρίαν,
667 700 702 741 καί
714 696 758 741 όντί
770 703 806 753 τῆς
816 696 889 755 σαρκός
899 697 951 742 όνιί-

168 785 208 821 υαι,
223 769 328 826 γεννηθείς
341 765 354 810 ό
365 765 453 823 Χριστός
463 768 485 810 ἐκ
495 765 610 821 πνεύμονος
621 764 686 823 οίγίου,
701 767 737 810 καί
746 765 787 810 είπό
799 769 889 823 Μαρίας,
903 783 952 823 προ·

168 841 287 893 χρηστικῶς,
307 837 369 892 φησὶ,
388 834 413 879 τοί
428 835 494 879 πάντα
505 834 626 892 οίναφέρεται
640 836 669 886 είς
683 834 746 880 ου’τόν
758 835 856 894 ἆπαρχῆς.
888 834 952 879 Οόπω

168 906 190 950 δὲ
206 900 244 961 ἦν,
262 904 322 963 λόγος
340 905 362 949 δὲ
376 899 413 961 ἦν,
433 903 527 962 καθάπερ
542 906 564 949 ἐν
577 906 622 961 ἐμοί
638 903 651 948 ί
665 903 729 963 λόγος.
753 903 807 961 Ἤδη
819 905 841 949 δέ
854 902 911 949 είπον
921 903 953 950 ὅτι

167 972 208 1019 οίπό
219 975 293 1032 μέρους
305 973 390 1019 Παύλου
403 979 440 1019 τοῦ
450 975 585 1031 Σαμοσατέως
595 976 646 1030 ἔχων
657 972 681 1018 τό
693 973 753 1031 ὅμοια
763 978 800 1031 τῆς
810 976 898 1025 ἐννοίας·
914 974 953 1018 έτε-

168 1062 193 1101 ρα
207 1044 230 1087 δὲ
243 1045 272 1087 ἐτι
286 1042 333 1100 παρ’
349 1045 424 1088 ἐκεῖνον
438 1042 582 1102 όπερβεβηκσίς
595 1048 620 1103 τῇ
635 1045 707 1102 ἐννοίᾳ.

76 1268 121 1314 Κεφ,
134 1267 156 1314 γ,
226 1252 267 1294 Καί
279 1249 344 1301 αιίτός
361 1252 383 1294 δὲ
399 1246 459 1302 οὗτος
474 1249 636 1307 όναιραπήσεται
652 1251 680 1301 εἰς
697 1248 780 1305 ἐσχάτην
793 1250 860 1294 ἐλθοίν
873 1251 954 1308 ἄρνησι-

167 1323 237 1373 θεΐαν,
254 1321 290 1363 καί
299 1317 402 1375 οίλλοτρίαυ
411 1317 510 1363 ὑπόνοιαν
519 1323 571 1374 ζωῆς
580 1319 663 1362 αἰωνίου
676 1316 785 1363 ἐοίκασιν.
816 1321 845 1363 Εἰ
854 1319 893 1377 γόρ
904 1318 953 1377 πρό·

168 1401 245 1441 σφατος
260 1386 373 1439 όυίόςιοιί
387 1392 439 1432 θεοῦ
451 1387 502 1432 κακοί
518 1387 555 1443 την
570 1386 669 1442 θεότητα,
689 1386 729 1445 ι’ίρα
745 1385 953 1448 όΔαβίδπρωτεόει,

169 1461 243 1511 μᾶλλον
254 1457 276 1500 δέ
286 1459 321 1501 καὶ
331 1459 353 1501 ἐν
363 1458 491 1513 προκριτέοις
505 1454 590 1512 όπόρχει
601 1460 638 1499 τοῦ
649 1454 711 1500 αὐτόν
722 1456 862 1512 πεποιηκότος.
894 1456 953 1501 Οίίιω

169 1524 206 1583 γόρ
215 1526 250 1568 καί
258 1524 320 1577 αὐτός
329 1529 431 1579 διενοεῖτο,
443 1530 517 1580 μᾶλλον
526 1526 561 1568 καί
570 1522 677 1581 παρελθόν
687 1523 725 1580 τήν
734 1527 793 1568 θείαν
800 1523 888 1583 γραφὴν,
902 1523 954 1569 κακοί

169 1592 206 1648 τὴν
215 1592 279 1638 αὐτοῦ
288 1595 441 1649 πεπλανημένην
450 1595 529 1638 έυνοταν
540 1592 625 1647 φόσκων
636 1592 667 1636 ότι
678 1595 714 1637 καί
725 1591 737 1636 ό
747 1592 858 1644 ἀπόστολος
870 1595 954 1649 εἴρηκεν,

168 1661 191 1705 Ὁ
207 1667 286 1719 πρῶτος
302 1662 412 1719 ἄνθρωπος
429 1664 451 1706 ἐκ
467 1666 504 1719 γῆς
518 1660 599 1717 χοϊκός,
621 1663 656 1705 καί
671 1659 683 1705 ό
699 1660 792 1719 ὅεόιερος
807 1659 841 1705 εἶπ’
858 1659 954 1718 ον’ρανοίι.

170 1730 245 1780 Εὗθός
258 1731 280 1774 δὲ
291 1729 402 1775 ἀντιπίπτει
417 1729 472 1789 αὐτῷ
489 1729 501 1774 ό
516 1729 576 1787 λόγος
586 1733 622 1784 της
634 1728 740 1785 α’ληθείας,
760 1732 794 1773 καί
806 1731 878 1787 ἐλέγχει
891 1729 955 1775 αὐτοῦ

169 1798 206 1854 τὴν
222 1800 359 1855 ἐσκοτωμένην
377 1798 477 1844 διοίνοιαυ.
506 1796 631 1855 ’Ἄνθρωπον
649 1797 687 1855 γόρ
707 1800 743 1841 καί
761 1796 873 1855 ίίνθρωπον
888 1801 928 1855 ίφη
943 1798 956 1844 o‘

87 1888 122 1918 pag.
131 1880 162 1909 εει.
172 1866 229 1924 ἅγιος
242 1866 363 1918 οἶπόστολος·
383 1869 418 1912 καί
433 1867 469 1912 τόν
483 1868 519 1923 μέν
532 1871 613 1924 πρῶτον
631 1865 742 1923 ίίυθρωπον
756 1866 792 1910 τόν
803 1864 865 1922 ’Adone
881 1869 904 1912 ἐκ
918 1872 955 1926 γῆς

170 1935 222 1981 εἶναι
230 1936 311 1993 χοϊκόν,
325 1936 361 1981 τόν
371 1937 393 1980 δέ
402 1935 496 1993 (λειότερον
506 1934 540 1980 εἶπ’
551 1934 647 1992 οιίρανοῦ,
678 1938 718 1978 Καί
728 1938 760 1978 τοί
771 1952 793 1992 γε
802 1934 915 1992 όίνθρωπον
925 1938 956 1981 λέ-

170 2024 223 2062 γων,
242 2003 280 2049 οόκ
297 2006 317 2057 ἐξ
333 2003 422 2062 οόραυοῦ
440 2006 461 2049 δὲ
479 2003 709 2061 ἡσόρξκαταβίβηκεν,
731 2002 771 2048 ἄλλ’
784 2001 909 2062 ὦμολόγηται
919 2007 956 2050 καί

171 2072 212 2117 όπό
224 2074 296 2117 τούτου
307 2073 348 2117 ἀπό
359 2077 443 2127 Μαρίας
455 2068 512 2118 οὖσα.
528 2071 571 2116 Ἀπ’
584 2071 672 2129 οὐρανοῦ
684 2073 706 2116 δέ
717 2078 876 2129 καταχρηστικῶς
889 2074 914 2118 οὗ
926 2075 956 2118 λε’-

170 2159 199 2200 γει
209 2142 284 2199 σάρκα,
305 2141 352 2186 ιίλλοί
368 2142 402 2186 τόν
414 2140 641 2197 ἃτόιερονόνθρωπον,
662 2141 716 2193 ἐξότε
730 2139 810 2184 ίίυωθευ
824 2137 956 2197 ἦλθενόλό-

170 2229 212 2268 γος,
227 2213 262 2254 καί
271 2209 383 2265 ἐσκήνωσεν
394 2212 416 2254 έν
429 2208 483 2264 ἡμῖν,
495 2207 546 2252 κακοί
557 2208 579 2252 τό
591 2210 733 2266 γεγραμμένον.
763 2211 793 2252 Εί
801 2206 839 2253 οὖν
849 2210 956 2268 προόπῆρ-

170 2296 203 2334 χεν
214 2278 226 2322 ό
236 2278 318 2335 κόριος,
332 2279 368 2321 καί
379 2276 480 2335 πάρεστιν,
496 2277 519 2329 ἱίς
530 2279 603 2333 ἐφεῦρε
613 2282 681 2321 πᾶσαν
691 2276 741 2321 όδόν
752 2279 858 2330 συνέσεως·
873 2278 925 2324 εἶναι
935 2281 957 2324 δὲ

174 2346 253 2390 ιαὐτόν
271 2346 334 2397 όντως
349 2345 387 2389 οὐκ
402 2344 520 2401 σίμφιβιίλλει
535 2344 607 2400 ἡθεία
621 2345 695 2404 γραφή.
728 2344 758 2388 Τό
775 2345 813 2403 γσίρ
828 2347 877 2402 μετοί
893 2354 957 2393 ταῦτα

172 2418 263 2471 σημαίνει
279 2414 379 2472 προόντα,
402 2416 437 2458 καί
448 2413 471 2458 τό
484 2412 589 2469 εὑρηκέναι
600 2420 667 2458 πᾶσαν
676 2412 726 2458 όίόν
736 2416 844 2468 συνέσεως,
859 2414 901 2460 εἶτα
910 2415 957 2461 Ἐπί

171 2488 208 2541 γῆς
219 2481 290 2538 όίφθη,
304 2481 342 2538 τήν
351 2483 460 2537 μέλλουσαν
468 2484 566 2540 ίνσαρκον
575 2485 695 2539 παρουσίαν.
725 2484 767 2526 Καί
778 2482 808 2527 ότι
820 2482 855 2527 ἐπ’
865 2484 957 2542 οὕρανοῦ

172 2567 222 2606 φασι
232 2551 267 2595 τόν
279 2549 390 2607 ίίνθροιιτον
402 2553 529 2606 ἐνηνοχέναι,
549 2549 574 2594 οό
585 2552 637 2607 λέγει
647 2549 660 2595 ό
670 2550 790 2604 ἀπόστολος,
810 2551 860 2597 ἄλλοί
872 2553 907 2597 διαί
920 2553 958 2609 τὴν

171 2621 280 2664 συνένωσιν
294 2625 330 2675 τῆς
346 2617 444 2675 ἐνσοίρκου
459 2621 570 2676 παρουσίας
586 2617 699 2675 ίίνθρωπου
714 2620 750 2674 μὲν
766 2618 828 2664 αότόν
842 2622 903 2678 λέγει,
923 2621 957 2666 διό

171 2687 206 2732 τόν
220 2687 293 2744 χρόνον
304 2686 339 2731 τόν
348 2687 420 2741 μεταξιί
428 2687 494 2743 ’Anne
505 2689 539 2731 καὶ
551 2692 587 2741 τῆς
601 2686 699 2742 ἐνσόρκου
708 2691 830 2744 παρουσίας,
851 2688 886 2734 ἄπ’
896 2689 957 2747 οόρα·

171 2762 208 2801 νοῦ
227 2757 249 2800 δὲ
264 2755 328 2800 αὐτόν
339 2757 390 2812 λέγει
400 2755 434 2800 διό
444 2756 466 2800 τό
476 2755 556 2800 όίνωθεν
570 2753 640 2810 εἰκέναι
657 2755 692 2800 τόν
703 2757 753 2801 θεόν
765 2757 825 2815 λόγον
837 2759 871 2801 καί
883 2758 957 2815 σάρκα,

194 2873 210 2908 2.
223 2871 232 2908 ὁ
243 2870 300 2916 πατήρ
312 2882 364 2916 φησιν
377 2871 435 2915 ε’ίρηκε
446 2874 480 2906 ced.
487 2874 552 2914 Βίιιάἱμ.
575 2874 622 2913 posui
630 2881 684 2905 veram
690 2875 786 2914 εοιίγνανοκι
796 2868 914 2914 αότόνίντως,
924 2876 957 2915 syl-

195 2918 211 2953 3.
224 2915 249 2957 ὥς
260 2929 291 2951 nen
303 2919 394 2951 nonencort.
409 2920 472 2959 Βὴοσίφ.
576 2919 614 2950 enen
628 2919 645 2952 ο“ν
660 2922 726 2960 repente
738 2928 758 2951 ιο
770 2920 869 2951 antecedente
881 2922 958 2953 υοοαλιοίο

195 2962 212 2997 4.
221 2960 243 2999 δι’
254 2960 263 2999 ὃ
275 2965 320 2997 enee.
331 2974 369 2996 mss.
378 2966 446 3002 uterque.
459 2959 552 3007 δὴίιόίίί.
575 2959 634 2998 τότὸι,
651 2974 682 3004 ηιιο
693 2966 764 3004 σείεται,
780 2973 816 2995 enm
826 2965 872 2996 litera
887 2967 957 3005 τεμίίο-

196 3008 297 3042 GnessL—
316 3005 552 3049 1.αίτόι,οίςίιαυικῑοιοποε
574 3010 649 3048 λιοττῐς
665 3009 853 3050 ίπομίιίίυιηίισποίτεί.

172 3055 217 3095 libri,
233 3055 316 3097 mendose,
327 3058 345 3087 ut
354 3056 432 3087 neminem
440 3055 494 3095 [neten.
516 3055 548 3087 ne-
