1988 3392
173 235 215 277 562
462 240 544 274 ειυουι
556 240 671 273 υειυιιιιιιι

90 346 125 376 pag.
133 338 164 368 141.
173 324 228 374 δασι,
250 320 326 378 θέρους
340 338 360 363 τε
375 320 409 362 καί
423 324 528 373 χειμῶνος,
550 320 578 369 είς
593 316 692 375 άγιασμδν
707 319 782 372 δῆθεν,
804 316 869 375 άίςιτερ
881 321 903 362 οἱ
913 324 954 362 Σα-

172 406 269 447 μυρειται.

233 456 392 500 Οάαλεντινιανυί
398 488 404 506 ,
420 457 442 496 οἳ
454 454 518 509 σάρκα
529 456 565 509 μὲν
576 454 737 511 ἀπαγορεύουσιν
748 456 776 503 είς
786 453 902 507 άνάστασιν,
917 473 954 498 ιτα-

172 523 232 567 λτιιοίν
243 526 265 567 δὲ
275 525 371 566 άθετοῦσι
384 522 486 575 διαθήκην
495 524 529 564 καί
542 522 658 578 προφήτας,
679 521 849 577 ἀναγινώσκοντες
859 523 906 576 μὲν,
921 526 954 566 καί

173 591 211 635 ὅσα
228 595 256 642 είς
270 590 366 645 ὁμοίωσιν
383 588 476 632 δύνανται
492 595 659 646 τροιτολογεῖσθαι
672 594 709 642 τῆς
719 588 787 632 αὐτῶν
797 591 891 645 αἱρέσεως
902 590 955 643 δεχό-

174 679 241 715 μενοι,
257 660 324 717 ἓτέρας
337 659 359 701 δι’
369 675 423 707 τινας
435 661 559 714 μυθολογίας
569 658 746 715 ιταρειςφίροντες,
766 657 873 715 τριάκοντα
888 659 956 701 ιΤίνι-

174 736 241 775 αυτῶν
258 727 366 786 ὀνομασίας
384 728 479 786 φέροντες
495 727 667 786 άρρενοθηλειῶν,
689 724 741 784 δμοῦ
757 744 777 771 τε
791 729 814 772 ἐκ
828 732 865 773 τοῦ
881 726 956 786 κατρδς

173 806 214 845 τῶν
226 800 277 845 δ’λων
294 800 456 858 γεγεννημένους,
476 797 513 850 οὓς
527 800 562 842 καί
575 798 639 850 θεοδς
649 796 745 856 ἡγοῦνται
759 800 794 842 καὶ
804 801 884 851 αἰῶνας.
917 799 956 844 Τδν

173 872 195 914 δὲ
211 869 298 928 Χριστδν
317 868 351 912 τίκτ’
365 867 453 926 οὐρανοῦ
470 873 527 924 σῶμα
544 871 668 925 ἐνηνοχέναι,
690 870 725 911 καὶ
738 866 765 919 νίς
778 867 812 912 διά
823 875 910 925 σωληνος
920 868 956 924 τήν

174 942 260 998 Μαρίαν
274 940 411 996 τιειιεροικέναι.

231 1077 386 1128 Σεκουνδιανοί,
414 1073 445 1125 οἷς
466 1074 600 1118 συνάπτονται
622 1073 772 1127 ῚθἘιιιφάυιυς
791 1075 825 1117 καί
843 1074 956 1130 Ἰσίδωρος,

173 1150 218 1194 ταῖς
228 1143 298 1193 αὐταῖς
309 1144 425 1199 κεχρημένοι
434 1144 468 1185 καί
480 1138 537 1185 οὗτοι
548 1146 659 1199 συζυγίαις,
674 1142 734 1196 δ’μοια
748 1141 871 1200 Οὗαλεντίυῳ
881 1159 956 1199 πεφρο-

174 1211 267 1266 νηκότες,
288 1212 344 1266 ἕτερα
356 1211 379 1252 δὲ
389 1208 436 1265 παρ’
450 1208 541 1252 ιθαάτδν
555 1215 624 1260 ποσῶς
634 1213 756 1265 διηγοῦνται.
789 1211 925 1265 Προςτιθέασι
935 1211 956 1252 δὲ

174 1280 316 1337 αἰσχρουργίαν
330 1277 465 1327 διδάσκοντες·
481 1276 631 1334 άτταγορεάουσι
646 1277 668 1319 δὲ
683 1279 715 1320 καί
731 1272 787 1320 οὗτοι
801 1276 838 1332 την
853 1275 924 1333 σάρκα.

234 1351 368 1401 Πτολεμαῖοι,
383 1348 405 1389 οἱ
414 1347 504 1401 μαθηταὶ
517 1344 571 1396 ὄντες
582 1348 617 1389 καὶ
630 1344 688 1389 αάτοὶ
704 1343 848 1399 Οὐαλεντίνου,
870 1344 901 1397 οἷς
910 1360 956 1388 συν-

175 1416 258 1462 άιττεται
269 1414 283 1473 ἡ
296 1419 321 1446 ²⁰
329 1415 413 1474 Φλοίρα,
427 1414 451 1459 τά
463 1413 514 1459 αάιά
524 1420 548 1447 ²¹
556 1417 602 1474 περί
612 1421 653 1460 τοῖν
663 1418 759 1474 συζυγιάν
770 1416 803 1459 καί
813 1410 870 1460 οὗτοι
879 1418 957 1475 λέγουσι

175 1487 232 1533 καθά
247 1490 283 1532 καί
300 1485 431 1537 Οὐαλεντίνος
445 1488 478 1530 καί
494 1489 651 1540 Σεκουυδιαυοί,
666 1485 717 1530 κατά
732 1505 750 1531 τι
765 1487 786 1530 δὲ
800 1488 835 1530 καί
845 1482 903 1531 οὗτοι
914 1489 957 1530 δια-

175 1560 277 1617 φέρονται.

232 1626 291 1680 Αίίτη
304 1626 338 1668 καί
351 1624 365 1680 ἦ
374 1629 411 1668 τοῦ
425 1625 519 1680 δευτέρον
531 1623 594 1679 τάμον
605 1630 641 1668 τοῦ
656 1623 738 1680 πρώτου
753 1628 833 1680 βιβλίου
845 1629 885 1668 τῶν
900 1627 956 1667 δεκα-

175 1700 237 1752 τριῶν
252 1695 347 1750 αίρέσεων
362 1691 538 1745 άνακεφαλαίωσις.

230 1761 264 1805 Ἐν
275 1762 297 1805 δὲ
309 1767 337 1820 τῷ
346 1764 405 1818 τρίτῳ
417 1760 471 1819 νόμῳ
484 1766 520 1804 τοῦ
532 1760 595 1804 αὐτοῦ
609 1760 691 1818 ιιροίτου
702 1764 780 1816 βιβλίου
792 1762 841 1804 εἰσίν
852 1763 915 1817 ἕτεραι
927 1762 957 1802 αἵ-

174 1832 238 1888 ρέσεις
252 1833 352 1885 δεκατρεῖς
367 1824 437 1871 αὗται·
580 1882 581 1885 ¹

232 1896 392 1953 ῊΜαρκοίσιοι.
422 1895 510 1951 Μάρκος
520 1914 550 1946 τις
559 1898 660 1952 γεγένηται
670 1897 801 1952 Κολορβάσου
811 1895 955 1951 συμφοιτητης,

175 1965 212 2009 δύο
225 1964 287 2022 άρχάς
295 1966 330 2008 καὶ
340 1962 401 2013 αδτδς
412 1963 546 2020 παρειςάγων·
563 1964 633 2007 άθετεῖ
642 1964 663 2006 δὲ
673 1970 749 2020 νεκρῶν
759 1964 872 2008 άνάστασιν.
903 1969 956 2007 Φαν-

174 2037 243 2086 νασίας
253 2035 276 2077 δέ
284 2051 340 2085 τινας
348 2031 373 2077 δι’
384 2031 508 2088 ἐκπωμάτων
519 2034 539 2085 ἐξ
548 2034 644 2089 ἒνταοιδης
653 2034 680 2084 είς
690 2034 776 2085 κυάνεον
785 2035 898 2092 χρῶμακαὶ
908 2050 957 2090 ιτορ-

175 2103 252 2163 φάρεον
267 2103 393 2160 μεταβάλλων
405 2109 530 2161 μυσταγωγεῖ
540 2102 576 2155 τάς
587 2103 719 2159 άιτατωμένας
734 2111 836 2162 γυναῖκας.
867 2106 908 2149 Καὶ
921 2104 957 2149 αὐ-

175 2174 209 2226 τδς
220 2175 242 2219 δὲ
253 2179 293 2218 τῶν
304 2172 467 2231 εἰκοσιτεσσάρων
484 2176 584 2229 στοιχείων
597 2173 689 2229 βούλεται
698 2173 722 2217 τά
733 2173 798 2218 πάντα
812 2173 916 2233 ἡγεῖσθαι,
936 2172 956 2219 δ-

177 2247 239 2300 μοίως
256 2243 385 2302 Οὐαλεντίνῳ.

235 2311 376 2370 Κολορβάσιοι.
393 2312 434 2353 Καί
447 2306 505 2361 οὗτος
517 2310 529 2354 δ
542 2318 566 2343 23
574 2312 703 2369 Κολάρβασος
714 2310 808 2363 οδςαάτως
818 2311 843 2355 τά
852 2311 903 2355 αιίτδ
915 2315 955 2367 διη-

176 2381 283 2438 γούμενος,
299 2379 350 2423 κατά
361 2399 380 2422 τι
391 2384 416 2409 ²⁴
423 2379 444 2421 δὲ
456 2380 601 2436 διαφερόμενος
611 2378 663 2435 ντρδς
672 2379 708 2430 τάς
718 2379 777 2430 άλλας
788 2382 881 2437 αἱρέσεις,
903 2382 956 2434 φημὶ

176 2450 198 2492 δὲ
208 2447 260 2505 ιιρδς
270 2447 319 2498 κοδς
330 2449 376 2503 περὶ
387 2446 477 2502 Μάρκον
488 2448 522 2489 καὶ
538 2446 678 2501 Ουάλεντῑνου,
700 2447 735 2498 τάς
745 2447 846 2504 προβολάς
859 2448 911 2491 25δὲ
922 2449 956 2491 καί

177 2516 275 2573 ὀγδοάδος
289 2517 360 2572 ἑτέρως
375 2517 467 2565 ἐδίδαξεν.

89 2615 125 2645 pag.
132 2604 163 2634 142.
232 2582 397 2641 Ἡρακλεωνῖται,
412 2585 446 2626 καί
459 2583 517 2626 αὐτοὶ
527 2587 551 2642 τῇ
562 2589 603 2626 τῶν
613 2582 717 2640 ὀγδοάδων
730 2585 825 2640 φέρονται
835 2586 955 2642 μυθολογίᾳ,

177 2653 247 2710 ἓτίρως
258 2653 279 2695 δὲ
288 2651 343 2710 τιαροί
352 2651 387 2696 τδυ
397 2651 486 2708 Μάρκον
497 2653 532 2694 καὶ
544 2656 668 2707 Πτολεμαῖον
678 2652 713 2694 καί
725 2650 855 2695 Οάαλεντῖνον
864 2654 898 2696 καί
909 2651 956 2703 τοδς

177 2721 255 2774 άλλους.
281 2720 338 2766 Ἀλλοί
349 2723 384 2766 καί
394 2722 427 2766 ἐπὶ
438 2726 463 2782 τῇ
473 2727 548 2783 κεφαλῇ
558 2726 599 2767 τῶν
607 2719 654 2779 παρ’
663 2720 731 2774 αὐτοῖς
739 2721 874 2767 τελευτώντων
883 2721 956 2779 δμοίως

176 2799 205 2855 τῷ
216 2793 299 2853 Μάρκῳ
313 2798 431 2851 λυτροῦνται
442 2790 468 2836 δι’
479 2794 544 2836 ἐλαίου
557 2791 597 2837 άιτδ
605 2788 607 2794 ’
614 2791 718 2849 βαλσάμου
728 2794 762 2837 καί
773 2792 855 2849 δδατος,
876 2791 955 2849 εἰιικλη·

200 2911 227 2947 17.
239 2914 294 2946 Ρκλου.
304 2913 321 2945 in
330 2922 381 2954 ιιιονρ.
392 2921 430 2944 snae
442 2912 478 2944 edit.
488 2914 555 2945 correxit
601 2910 628 2945 19.
639 2912 683 2944 λάκοι·
694 2913 741 2953 vulgo
752 2907 814 2946 αὔτῶν.

175 2956 246 3000 αἰώνιον.
600 2957 628 2991 20.
640 2954 679 3000 φλιά
701 2955 723 2991 τὰ
733 2957 793 2999 (spatio
802 2968 853 2991 υιιτκυ
860 2960 914 2992 relicto
925 2959 955 2991 ολὶ-

201 3006 226 3037 18.
239 3006 320 3036 Ξυιιικιατ.
329 3004 390 3037 Ροιιον.
397 2999 501 3046 Ἐτιιφάκης.
513 3004 555 3035 θαι-
577 3006 614 3044 quot
625 3003 722 3046 litterarum)
733 3004 768 3036 οοιλ.
779 3005 811 3038 len.
834 3001 910 3048 φλοὶ.τοὶ
920 3004 955 3036 eod.

175 3052 201 3081 ίιο
212 3044 315 3092 Ἐτιιφιίκιος
325 3050 436 3090 appellabatur
447 3050 495 3081 eliam
505 3057 555 3088 ικμκο
577 3049 644 3090 Βλαὶίμ.

173 3104 223 3135 μαργ.
237 3094 274 3128 120¹.
288 3094 325 3127 129.
601 3093 628 3126 21.
640 3091 679 3136 περὶ
690 3095 733 3126 abest
743 3095 791 3135 υαλςο
800 3104 811 3126 α
822 3096 866 3128 libris
875 3094 955 3135 Αιιιιττμλι.
