1988 3392
327 247 401 282 tucax
413 248 499 284 annun.
765 238 807 280 747

47 338 103 362 mores
115 332 133 360 et
145 326 261 361 hatttustco.
273 346 295 354 -
318 326 404 371 detegitur
429 328 485 362 briarii
502 327 590 373 epistolam
607 328 629 361 ad
641 328 728 362 Hebraeos
740 325 808 359 reiicie-

49 383 138 419 aMeletio
144 383 235 418 Thebaidis
244 385 326 429 episcopo
335 384 402 418 ibid.-
451 385 543 419 bairaco.

49 441 202 476 excommunicatur
214 454 251 475 cum
267 441 301 476 suis
314 442 403 476 sectatori·
429 443 526 477 Ariauorum
537 443 612 477 obiectio
623 454 643 476 ex
654 444 668 478 l.
686 441 765 487 Corinth..
779 440 808 474 ubi

48 500 79 533 bus
89 498 161 531 ibid-
173 498 274 533 Alexandria
280 498 367 532 discedere
376 499 403 532 iu·
451 499 472 532 de
488 506 592 533 mortuorum
611 499 734 533 resurrectione
752 498 809 543 agitur

49 557 99 592 betur
108 555 177 590 ibid·
188 556 255 591 'multoc
263 557 280 591 in
292 556 370 591 fraudem
377 556 405 591 in·
453 557 521 591 798-
532 557 567 591 eius
578 557 641 591 solutio
653 559 686 591 799
697 564 715 590 et
724 558 763 590 860.
774 557 807 590 801

50 614 180 650 1111611780.-
203 615 248 661 fugit
265 616 282 650 in
294 615 404 650 Palaestinam
452 622 470 649 et
481 618 520 649 868.
533 636 554 642 -
564 629 566 632 ·
577 616 638 650 iterum
653 615 686 650 alia
701 614 775 649 obiectio
788 626 809 648 ex

49 673 90 709 ibid.
102 693 123 700 -
148 673 244 708 Alexander
260 674 349 720 episcopus
368 674 404 719 epi·
452 675 518 709 Ioannis
530 674 589 720 quinto
601 674 667 720 capite,
684 673 747 707 eteius
759 672 809 707 refu-

49 731 101 766 stolas
112 732 206 777 encyclicas
222 731 244 766 ad
260 732 349 777 episcopos
360 731 406 765 misit
451 732 495 766 tatio
507 734 545 766 806.
593 762 595 764 .

49 788 90 823 ibid.
100 808 121 815 —
133 796 175 834 quot
184 800 254 823 numero
264 789 328 823 fuerint
338 789 404 822 ibid-
431 790 486 823 Ariani
498 789 591 823 Hebraicae
602 789 668 833 linguae
679 788 744 834 ignari,
764 787 809 821 cuins

50 845 84 881 Arii
96 846 172 886 fautores
184 858 254 891 quorum
266 846 344 892 princeps
353 848 406 880 Euse-
452 859 512 881 vocum
522 846 548 880 ris
559 846 672 891 expendenda
684 849 723 880 749.

49 904 86 938 hius
98 903 207 937 Nicomediae
224 904 313 949 episcopus
329 903 371 938 ibid.
382 923 405 930 -
431 904 488 937 Ariani
496 904 592 938 refutantur
607 904 651 937 cirea
666 902 779 937 abiectionem
788 902 810 935 de

50 960 85 995 Arii
94 960 167 1004 epistola
177 972 210 1006 qua
220 973 268 995 suum
279 960 340 1006 dogma
352 961 407 1006 expli·
454 960 591 994 consubstantiali
602 961 654 994 verbo
665 963 703 994 796.
717 979 738 985 -
762 959 810 992 Con-

51 1025 78 1053 cat
90 1020 128 1051 791.
142 1038 162 1044 -
191 1017 224 1052 alia
242 1018 314 1064 epistola
332 1018 406 1052 eiusdem
453 1017 566 1050 substantialis
577 1017 678 1051 vocabulum
690 1023 716 1051 est
731 1028 810 1050 necessa-

50 1076 72 1110 ad
89 1075 202 1109 Alexandrum
216 1079 254 1109 732.
267 1095 289 1102 -
318 1075 348 1109 sed
361 1076 406 1110 Con·
453 1073 497 1107 rium
510 1076 548 1107 797.

50 1132 132 1168 stantinus
145 1132 247 1179 encyclicam
258 1132 346 1179 epistolam
364 1132 406 1167 seri·
431 1131 530 1166 Asianorum
542 1139 604 1176 quanta
615 1131 696 1165 calliditas
705 1133 723 1165 in
738 1130 810 1165 circum-

51 1191 85 1235 psit
95 1195 153 1224 contra
165 1189 222 1224 arium
231 1193 270 1224 734.
277 1209 300 1216 -
317 1190 351 1223 Arii
363 1202 408 1224 mors
454 1188 541 1222 veniendis
547 1189 675 1233 simplicioribus
683 1188 766 1222 mentibus
772 1191 810 1221 757.

52 1249 90 1281 795.
105 1267 127 1273 -
156 1247 231 1281 Nicaeua
252 1246 326 1293 synodus
349 1254 408 1281 contra
433 1245 503 1279 Arianae
513 1246 602 1279 haerescos
610 1245 731 1279 confutationis
741 1245 811 1279 conclu·

51 1304 122 1338 rtrianos
137 1304 179 1337 ibid.
191 1322 213 1330 —-
240 1305 300 1349 quibus
316 1304 408 1349 scripturae
453 1302 479 1335 sio
493 1302 514 1336 ab
527 1302 650 1336 illuminatione
665 1315 697 1347 per
706 1308 774 1346 sputum
789 1312 811 1335 ex

52 1361 94 1394 locis
106 1372 181 1394 errorem
193 1372 241 1394 suum
252 1361 358 1394 confirmaret
369 1364 408 1394 736.
454 1358 542 1402 evangelio
554 1360 621 1393 loannis
634 1361 672 1392 806.

52 1438 73 1443 -
85 1417 185 1451 Arianorum
194 1417 268 1450 haeresis
277 1417 368 1451 curadeo
378 1425 408 1451 to·
434 1415 489 1448 Ariani
511 1423 574 1459 negant
591 1416 663 1449 animam
681 1422 783 1459 assumptam
802 1427 812 1449 a

51 1474 104 1508 lerata
116 1476 154 1507 737.
167 1493 188 1500 -
205 1485 263 1507 eorum
275 1475 349 1507 fautores
359 1474 407 1518 prin·
450 1465 523 1504 'christo
534 1474 571 1504 771.
583 1492 605 1498 —
628 1472 659 1505 sed
670 1473 740 1505 brianus
755 1472 812 1505 hallu-

52 1531 97 1575 cipes
108 1530 150 1563 ibid.

31 1598 128 1631 Arianorum
144 1597 191 1631 naus
204 1599 242 1631 738.
254 1616 275 1624 -
304 1608 362 1631 eorum
378 1598 409 1631 fir—

52 1660 153 1687 mamentum
165 1653 206 1687 ibid.
219 1671 241 1678 -
260 1664 318 1686 eorum
329 1654 409 1697 blasphe-

52 1694 409 1753 mmmmmssmm

52 1766 106 1800 oratio
115 1760 154 1799 739.
168 1784 187 1791 -
205 1765 240 1798 eius
249 1766 331 1799 refutatio
341 1768 409 1800 749·—
434 1752 490 1786 ‘lilani
507 1752 529 1785 ‘¹⁶
551 1752 611 1797 spiritu
635 1760 695 1786 ⁵³¹'ssf0
717 1764 815 1797 perversum

456 1808 518 1853 dogma
530 1809 616 1842 relocatur
627 1812 666 1842 777.
680 1829 703 1835 —-
726 1821 763 1842 eum
779 1821 815 1844 uon

456 1878 493 1899 esse
510 1873 584 1899 creatum
600 1869 639 1899 778.
652 1885 673 1891 —-
697 1878 718 1899 ex
731 1866 814 1900 Matthaei

456 1926 484 1957 19.
502 1923 557 1968 capite
579 1922 653 1957 obiectio
674 1922 696 1956 de
714 1923 752 1957 solo
768 1923 813 1958 bono

456 1981 489 2015 deo
507 1984 545 2014 789.
562 2000 583 2007 —
612 1980 651 2026 quia
668 1982 722 2014 mtrlta
737 1981 782 2015 bona
796 1982 813 2015 in

53 1822 152 1857 asianorum
163 1822 267 1866 objectiones
280 1825 318 1856 742.
331 1842 351 1848 -
371 1821 410 1855 ani-

53 1892 96 1913 mam
119 1881 208 1914 humanam
231 1880 322 1913 detrahunt
342 1879 409 1912 Christo

55 1940 92 1972 743.

32 2007 87 2041 Ariani
105 2008 198 2043 catholicos
213 2015 232 2042 et
251 2005 306 2041 verbis
323 2013 340 2040 et
360 2005 410 2040 armis

54 2067 176 2112 persequuntur
187 2069 227 2100 885.

33 2135 67 2168 Arii
80 2147 126 2169 mors
140 2135 214 2181 prodigii
226 2135 284 2169 similis
295 2141 334 2168 eta
350 2135 383 2168 deo
393 2133 410 2166 iu

55 2192 136 2227 ultionem
146 2193 220 2227 immissa
231 2196 269 2227 722.

33 2261 131 2296 arianorum
141 2263 196 2296 variae
207 2261 310 2296 abiectiones
321 2261 375 2306 prima
386 2266 412 2293 est

56 2319 123 2353 desolo
133 2327 151 2353 et
160 2332 201 2354 vero
210 2320 243 2353 deo
255 2323 293 2354 751.
303 2339 323 2344 —
344 2318 366 2352 de
376 2317 411 2351 filio

55 2384 112 2410 creato
125 2380 164 2411 758.
175 2397 198 2404 -
221 2390 242 2411 ex
254 2376 320 2411 loannis
331 2377 343 2409 l.
356 2375 411 2421 capite

56 2436 94 2467 667.
104 2453 127 2460 -
144 2442 162 2469 et
174 2435 209 2469 eius
220 2435 281 2469 solutio
294 2436 333 2467 769.
345 2452 367 2459 -
390 2443 411 2465 ex

56 2491 125 2525 Actibus
146 2492 262 2538 apostolorum
281 2494 319 2525 764.
337 2510 361 2516 -
392 2501 412 2521 ex

55 2548 137 2581 Matthaei
149 2549 236 2593 evangelio
253 2552 291 2582 766.
305 2567 325 2573 -
350 2559 370 2580 ex
382 2548 411 2579 lo-

56 2604 103 2638 annis
115 2606 204 2651 evangclio
220 2606 242 2639 de
259 2606 338 2639 mittente
350 2603 412 2637 maiore

55 2660 112 2695 missio
120 2665 159 2698 775.
169 2683 187 2688 υ
200 2662 235 2696 eius
240 2660 332 2706 'responsio
340 2663 378 2694 776.
391 2678 412 2685 -

57 2716 97 2750 item
113 2718 134 2751 de
150 2721 228 2754 mittente
244 2717 320 2751 dissimili
336 2729 346 2750 a
362 2717 413 2750 misso

58 2772 99 2806 ibid.
113 2793 133 2800 -·
157 2788 178 2808 ex
190 2775 256 2808 loannis
269 2778 296 2808 20.
309 2774 370 2818 capite,
380 2784 412 2818 quo

58 2829 133 2864 Christus
145 2832 187 2865 dicit
200 2831 250 2864 deum
262 2842 317 2865 meum
328 2834 367 2864 777.

35 2895 133 2932 Arianorum
143 2906 190 2933 secta
199 2899 216 2932 in
225 2906 260 2932 tres
268 2898 351 2932 factiones
361 2897 414 2931 divisa

58 2954 95 2986 670.
109 2973 129 2980 —
153 2968 174 2989 ex
191 2955 212 2989 iis
227 2956 256 3001 qui
271 2955 336 2989 fuerint
352 2954 414 2989 occulti

57 3009 139 3053 fingentes
150 3025 168 3045 se
179 3024 215 3045 esse
226 3013 331 3045 orthodoxos
339 3016 378 3045 871.
393 3031 410 3036 ψ

35 3063 37 3066 ’
57 3076 99 3110 quae
109 3067 160 3102 luerit
169 3081 228 3103 eorum
238 3069 279 3102 fides
289 3068 318 3114 qui
327 3069 413 3103 Seleuciae

58 3121 126 3158 suerunt
137 3126 235 3172 congregati
245 3126 286 3162 ibid.

456 1528 520 1561 cinatus
527 1527 594 1561 videtur
602 1527 619 1560 in
627 1520 686 1561 Esaiae
693 1529 733 1562 loco
744 1528 812 1562 citando

456 1587 495 1617 772.
507 1602 530 1608 —
553 1591 571 1616 et
586 1596 630 1629 quae
645 1584 666 1616 de
684 1591 733 1629 patre
746 1584 814 1628 tropice

456 1640 545 1680 dicuntur,
563 1651 637 1673 crunon
649 1640 670 1672 de
685 1640 721 1672 filio
737 1640 814 1673 similiter

456 1703 556 1740 usurpentur
565 1696 606 1729 ibid.
671 1689 673 1691 ¹

456 2039 542 2085 scripturis
558 2038 666 2085 appellantur
680 2042 719 2072 781.
731 2058 754 2065 -
782 2040 815 2074 alia

457 2097 530 2132 obiectio
545 2109 566 2130 ex
582 2097 664 2131 Matthaei
682 2100 709 2131 20.
728 2104 746 2129 et
761 2098 814 2131 Marci

458 2159 484 2189 10.
497 2155 518 2187 de
533 2155 571 2187 liliis
585 2154 668 2188 Zebedaei
682 2154 723 2188 ibid.
741 2173 764 2180 -
786 2155 815 2200 qui

456 2214 503 2248 locus
521 2212 613 2256 explicatur
630 2215 668 2244 782.
689 2232 711 2237 —-
740 2211 814 2245 obiectio

457 2271 479 2303 de
490 2269 556 2303 Christo
566 2268 646 2302 suscitato
655 2281 676 2302 ex
684 2268 754 2302 mortuis
762 2282 772 2302 a
782 2269 814 2303 deo

457 2327 499 2362 ibid.
515 2346 537 2352 —
570 2327 603 2360 alia
620 2338 641 2364 er
660 2328 716 2360 Lucae
739 2330 766 2360 22.
784 2338 814 2360 ca·

457 2385 493 2430 pite
501 2383 523 2416 de
533 2383 600 2416 Christo
608 2390 667 2416 orante
676 2387 814 2428 [1111918784.-

458 2441 491 2475 alia
505 2440 527 2473 de
543 2440 605 2474 auxilio
621 2441 719 2484 angelorum
736 2444 775 2475 785.
792 2461 815 2468 —

458 2511 488 2533 cur
499 2497 574 2531 Christus
584 2497 602 2530 in
612 2509 633 2530 eo
645 2505 663 2530 ut
674 2498 692 2531 in
704 2499 764 2532 ceteris
774 2511 815 2543 pas-

458 2555 512 2588 siones
526 2554 606 2587 humanas
626 2555 719 2598 susceperit
733 2555 775 2588 ibid.
793 2575 815 2581 -

458 2610 544 2657 quomodo
564 2610 632 2655 angelus
645 2611 729 2644 Christum
743 2613 815 2646 conlur-

458 2675 503 2701 tasse
520 2667 581 2700 dicitur
597 2670 635 2701 786.
647 2687 670 2694 —
693 2668 726 2701 alia
742 2669 815 2702 obiectio

460 2725 481 2758 de
494 2724 561 2757 Christo
575 2724 645 2769 lugente
661 2726 706 2769 quod
724 2736 734 2757 a
750 2724 782 2757 deo
793 2725 816 2758 sit

459 2781 547 2814 derelictus
561 2783 599 2814 787.
616 2800 638 2806 —
668 2781 699 2814 sed
713 2781 781 2813 humani
797 2781 815 2814 in

460 2838 526 2871 Christo
536 2837 607 2871 affectus
619 2837 670 2870 fuisse
676 2837 770 2882 probantur
776 2840 816 2872 788.

460 2914 480 2920 -
498 2901 515 2926 et
525 2893 560 2927 eius
570 2895 625 2927 anima
636 2894 658 2926 ad
667 2893 732 2928 inferos
743 2894 817 2928 descen-

459 2952 485 2984 dit
497 2953 534 2983 789.
546 2970 568 2976 -
592 2957 610 2984 et
622 2950 692 2984 occlusis
710 2950 775 2984 foribus
787 2951 816 2985 in-

458 3020 524 3053 gressus
536 3015 562 3041 est
575 3011 612 3041 791.
626 3027 646 3033 n-
670 3015 688 3040 et
698 3019 727 3040 cur
737 3008 755 3040 iu
766 3021 816 3042 eruce

458 3064 520 3110 partim
531 3065 624 3106 Hebraiee,
642 3064 704 3109 partim
713 3064 783 3109 syriace
793 3065 816 3099 sit

458 3122 524 3157 locutus
534 3124 572 3158 792.
589 3142 606 3149 -
630 3121 662 3158 alia
672 3120 746 3156 obiectio
756 3133 777 3155 ex
785 3123 815 3156 Ιοὲ
