1988 3392
233 256 327 292 PANARII
338 258 382 292 Llll.
391 258 422 293 Ill.
430 258 487 294 TOM.
495 260 509 293 l.
520 252 588 293 HAER.
596 258 655 293 Lxx.
809 253 836 294 l'l

46 350 183 400 medullarum,
205 357 225 390 et
236 352 352 404 disceptator
362 355 498 405 cogitationum
509 361 530 394 et
537 355 662 394 carentanum
673 355 748 402 cordas,
771 368 832 406 neque

47 425 77 459 ost
90 426 180 459 creatura
194 421 270 460 occulto
289 434 354 461 corum
364 424 416 474 apso,
440 429 479 464 ete.
510 421 546 464 Ex
558 421 629 478 quibus
645 421 737 464 omuibus
752 421 833 463 illorum

48 485 116 542 opinio
131 487 236 530 refellitur.

109 553 155 596 Nec
173 554 238 595 minus
259 562 279 595 et
294 553 377 597 aliorum
398 556 507 599 reiicienda
530 558 642 609 sententia,
667 558 699 612 qui
721 571 793 611 corpus
811 557 836 599 ad
853 556 928 601 capt.

47 621 154 675 imaginem
165 621 196 662 dei
208 635 253 662 esse
264 623 336 663 lactum
353 623 476 677 praedicant.
505 623 559 666 Nam
573 622 607 678 qui
618 623 661 665 lieri
674 631 741 679 potest
752 631 773 664 ut
784 624 836 677 quod

48 687 169 743 aspectabile
181 694 212 728 est
224 688 242 729 ei
254 687 319 730 simile
330 689 357 730 sit
367 690 418 745 quod
433 690 496 732 videri
515 705 555 732 raon
570 692 650 746 potest?
671 698 705 733 aut
717 704 837 748 corporeum

48 755 138 814 corporis
153 756 245 814 experti?
261 764 295 799 aut
305 758 355 815 qnod
367 761 487 801 contrectari
499 768 565 818 potest
575 760 595 802 ei
605 762 658 818 quod
669 759 791 818 apprehendi
801 772 837 802 ne·

49 827 103 885 quit?
136 824 246 870 Praeterea
263 842 299 870 nos
318 828 419 872 anteriora
437 830 535 873 duntaxat
553 831 616 875 oculis
633 831 709 891 uostris
726 830 836 884 ceruimus,

49 912 99 955 qaae
111 912 162 955 pone
175 905 222 940 sunt
235 898 357 954 ignoramus.
387 897 455 942 Penes
468 901 526 943 deum
539 909 604 944 autem
620 916 685 958 neque
696 901 776 944 allectio
786 901 835 953 ulla,

50 981 114 1023 neque
126 967 215 1009 delectus
226 974 269 1019 cst,
282 959 326 1009 ¹sed
337 968 474 1024 undecumque
489 970 555 1011 lumen
574 977 616 1023 est,
639 972 775 1027 undecumque
789 984 837 1012 ocu-

50 1037 92 1088 tus,
114 1037 250 1090 undecumque
266 1036 337 1091 gloria.
368 1035 456 1093 Spiritus
469 1039 520 1079 enim
533 1039 636 1090 deusest,
659 1038 837 1094 quiomnemspi-

49 1104 108 1146 ritum
120 1110 240 1159 exsuperat,
263 1112 283 1146 et
294 1104 329 1146 lux
341 1104 385 1146 luce
395 1105 448 1146 ornrsi
460 1106 602 1161 praestantior.
635 1105 734 1161 Quicquid
747 1107 799 1147 enim
813 1105 837 1146 ab

50 1172 93 1227 ipso
110 1172 210 1212 constitum
228 1178 271 1223 est,
295 1172 347 1213 inira
365 1173 417 1213 illius
434 1173 495 1214 decus
513 1187 536 1214 ac
551 1174 635 1227 gloriam
651 1181 690 1214 est.
722 1172 771 1214 Sola
787 1186 838 1213 vero

50 1237 129 1278 trinitas
147 1238 287 1292 comprehendi
301 1253 341 1279 non
353 1245 430 1293 potest,
454 1246 473 1279 et
484 1240 580 1280 infinitam
594 1241 691 1293 quandam
708 1239 792 1293 gloriam
803 1238 839 1279 ob-

51 1304 112 1355 tinet,
138 1319 189 1360 quae
208 1318 245 1345 uec
263 1305 378 1346 coniectura
399 1305 488 1361 eapitur,
512 1320 548 1347 nec
567 1305 700 1361 intelligentia
720 1304 837 1361 percipitur.

52 1370 109 1427 Quod
122 1373 146 1414 ad
160 1372 205 1414 ill‘os
217 1387 266 1414 vero
282 1373 368 1429 pertinet
380 1373 412 1430 qui
424 1374 443 1415 in
456 1373 530 1417 virtute
547 1374 680 1417 conditionem
697 1375 751 1416 illam
768 1373 839 1431 imagi-

52 1442 82 1486 nis
94 1442 203 1496 collocaut,
221 1458 246 1486 ne
257 1442 285 1486 illi
298 1443 376 1501 quidem
389 1451 444 1487 recte
456 1444 551 1488 sentiunt.
582 1444 636 1488 Nam
648 1445 712 1489 virtus
726 1445 770 1488 siue
782 1459 838 1487 mau-

51 1514 141 1557 datorum
157 1513 299 1557 observatione
314 1515 426 1557 consistere
444 1530 483 1557 non
499 1523 572 1572 potest.
604 1514 645 1558 Sed
661 1524 681 1558 et
691 1516 765 1558 virtute
779 1515 839 1573 pleri·

53 1599 91 1640 que
103 1583 188 1626 invicem
207 1584 341 1636 antecellunt,
364 1584 415 1640 quod
432 1584 511 1626 virtutis
524 1599 600 1641 genera
614 1585 656 1627 siut.
671 1585 777 1642 permulta.
807 1585 840 1626 Ao

53 1667 90 1695 uos
106 1653 212 1694 nonnullos
226 1667 237 1693 e
251 1652 400 1694 confessoribus
417 1653 509 1695 novimus
526 1654 559 1709 qui
577 1668 650 1709 eorpus
665 1660 686 1695 et
698 1653 785 1695 animum
802 1666 839 1709 pro

53 1720 133 1761 domino
146 1735 183 1763 suo
200 1721 335 1773 tradiderunt,
355 1728 376 1762 et
391 1722 412 1762 iu
427 1721 555 1763 confessione
571 1736 594 1763 ae
611 1721 729 1763 castimonia
744 1734 840 1777 perseve-

52 1795 121 1829 rantes
136 1788 291 1830 sincerissimam
306 1788 363 1829 fitlem
374 1788 412 1829 sibi
428 1795 580 1843 compararunt,
602 1803 626 1829 ac
641 1791 727 1844 pietate,
749 1788 840 1830 humani-

53 1862 106 1905 tate,
129 1855 225 1909 religione
243 1855 396 1910 praesdterunt,
417 1854 439 1895 in
454 1855 534 1895 ieiuniis
550 1855 626 1896 assidui
638 1857 731 1905 luerunt,
753 1853 841 1895 inomni

53 1921 138 1976 densique
151 1921 249 1977 probitate
261 1936 284 1962 ae
295 1921 375 1963 virtutis
387 1921 496 1977 specimine
506 1922 625 1963 floruerunt.
657 1921 718 1963 lidem
732 1928 798 1962 tamen
810 1920 840 1961 vi-

54 1988 81 2031 tio
92 1989 157 2044 aliquo
169 1988 239 2031 suffusi
253 1998 311 2042 suut,
335 1996 355 2031 ut
368 1989 433 2030 autin
447 1990 538 2031 convicia
554 1980 687 2046 procliviores
703 1996 783 2042 essent,
805 1994 840 2030 aut

54 2058 85 2102 dei
97 2073 168 2102 nomeu
180 2057 304 2112 deierareut,
327 2066 361 2102 aut
373 2057 498 2117 loquaciores
510 2067 590 2112 essent,
613 2067 647 2102 aut
658 2058 762 2103 iracundia
772 2073 840 2117 prom·

54 2130 93 2187 pti,
110 2137 144 2174 aut
153 2144 222 2172 aurum
235 2136 365 2186 argentumve
380 2129 517 2186 possiderent,
540 2137 574 2172 aut
586 2129 631 2172 aliis
643 2129 729 2186 denique
744 2129 838 2170 sordibus

54 2199 216 2252 obsolescerent,
239 2212 290 2255 quae
307 2199 396 2241 uotiuiltil
413 2199 437 2241 de
452 2199 505 2241 iusta
519 2198 598 2242 virtutis
614 2212 706 2240 mensura
722 2198 837 2240 detrahunt.

55 2265 86 2309 De
100 2267 171 2323 quibus
188 2266 234 2323 quid
251 2267 329 2309 taudem
345 2267 417 2308 dicturi
429 2267 512 2309 surmus?
540 2267 573 2308 Au
585 2266 630 2308 illos
640 2265 732 2320 imaginis
744 2268 805 2307 decus
815 2265 839 2305 il·

54 2336 87 2377 lud
98 2349 133 2378 sua
145 2335 183 2376 sibi
194 2335 268 2377 virtute
280 2335 413 2390 quaesivisse,
429 2336 464 2376 sed
476 2342 556 2390 propter
567 2334 663 2375 liuumuos
674 2334 752 2389 aliquos
764 2348 841 2375 naevos

55 2402 105 2444 hanc
117 2404 180 2457 ipsam
190 2402 296 2457 imaginem
309 2402 376 2457 specie
390 2410 448 2443 tenus
464 2402 489 2443 ala
501 2402 540 2443 illis
553 2402 608 2456 geri,
631 2415 669 2441 nee
683 2403 793 2456 perlectam
807 2401 842 2441 als-

55 2470 179 2524 solutamque
191 2469 288 2510 retineri?
317 2467 352 2511 Sic
364 2468 443 2510 illorum
458 2468 542 2522 explosa
555 2467 657 2509 sententia
667 2474 706 2508 est.
738 2466 779 2508 lam
791 2481 842 2508 vero

56 2537 89 2592 qui
109 2536 130 2579 in
149 2537 247 2593 baptismo
265 2536 334 2578 inesse
354 2536 422 2577 dicunt
442 2534 561 2591 imaginem,
586 2530 716 2578 vehementer
738 2534 841 2576 aberrant.

55 2602 109 2648 Nam
121 2619 159 2648 uec
171 2604 258 2649 Abraam
274 2604 372 2662 baptismo
382 2603 471 2647 initiatus
487 2610 529 2657 est,
552 2618 590 2647 nee
603 2601 672 2657 lsaae,
694 2617 759 2660 neque
772 2601 841 2657 lacob,

57 2689 94 2719 nee
112 2674 180 2728 Elias,
204 2689 269 2733 neque
283 2673 380 2733 Moyses,
402 2689 440 2717 neo
455 2673 579 2731 antiquiores
594 2674 634 2717 illis
649 2672 715 2726 Νυίἕἰ
731 2681 751 2716 et
761 2672 841 2725 Hence,

57 2759 122 2802 neque
138 2745 259 2803 prophetae,
282 2752 304 2786 ut
321 2742 398 2798 lsaias,
420 2752 440 2786 et
452 2743 522 2786 ceteri.
554 2741 607 2797 Quid
624 2743 698 2799 igitur?
727 2742 843 2797 Animagi-

58 2811 103 2856 nem
115 2814 143 2856 illi
154 2813 186 2855 dei
199 2827 239 2856 uon
251 2811 376 2855 habuerunt?
405 2811 480 2867 tllagna
497 2811 554 2854 nohis
567 2819 729 2867 argumentorum
745 2811 843 2852 adversus

57 2881 102 2924 illos
114 2883 171 2938 copia
184 2889 226 2932 est,
251 2887 272 2922 ut
284 2887 304 2921 et
315 2887 386 2922 corutra
397 2881 496 2932 Andium,
520 2879 553 2934 qui
565 2879 672 2934 imaginem
683 2880 704 2920 iu
716 2891 800 2934 corpore
812 2877 844 2918 in-

53 2960 103 2990 ·esse
118 2949 225 3005 pertendit.

115 3015 162 3058 Atta
177 3022 223 3058 suut
240 3015 351 3069 scripturae
368 3014 482 3056 testimonia
499 3027 550 3068 quae
567 3013 592 3054 ab
608 3011 707 3054 Audianis
724 3012 842 3053 efferuntur.
852 3023 894 3067 cap.
905 3023 935 3055 Vt.

58 3080 132 3134 Velut,
155 3084 324 3124 acoltdomtottn
336 3084 567 3135 pczaeperemrespto'ant,
591 3087 677 3121 etcures
691 3082 733 3120 etus
747 3082 767 3120 to
777 3093 844 3133 preces
875 3087 933 3151 {sapam

95 3147 301 3186 corpusflaercseoldta.
695 3159 701 3168 ·
889 3142 894 3159 ⁷
920 3140 925 3148 ⁸
