1988 3392
232 251 326 286 rauaau
337 252 380 286 cra.
391 253 421 288 ur.
432 252 488 288 rou.
497 253 519 287 n.
530 252 600 287 naun.
609 253 699 287 cxxvu.
819 246 860 288 353

133 330 191 374 llaec
203 331 230 374 illi
243 332 288 375 dum
301 333 381 375 adeum
396 333 474 376 moduni
488 334 628 389 pronuntiant,
649 348 689 375 nou
702 334 862 377 animadvertunt
875 348 954 394 capxt.

77 408 199 460 quantopere
214 415 281 444 secum
297 401 336 458 ipsi
351 409 446 459 pugnent.
477 402 537 444 Licet
553 404 606 445 enim
625 417 652 445 ex
668 400 734 445 Maria
751 406 862 460 proiectum

77 485 149 528 corpus
161 484 210 513 esse
222 486 262 513 nou
275 471 349 523 dicant,
366 472 401 513 sed
414 472 583 514 consubstantiale
597 472 660 514 verbo
673 473 778 525 duntaxat,
790 474 862 516 nihilo·

77 541 142 584 ninus
158 547 234 592 tamen,
257 540 308 596 quod
322 555 347 582 ue
357 541 433 582 sentire
444 540 561 583 viderentur
572 542 639 583 irereri
652 556 674 584 se
688 543 819 596 simulabant,
841 545 862 585 in

78 611 114 652 hoc
129 608 205 665 ipsum,
228 617 326 665 quaeest
338 610 416 652 illorum
430 610 542 662 stoliditas,
565 612 656 652 oratione
669 626 706 653 sua
717 612 780 668 palam
796 613 863 655 inciu-

77 686 135 730 runt,
152 685 172 720 et
181 677 332 735 quaternionem
342 679 396 721 illum
408 678 522 721 admittunt.
554 678 634 721 Etenim
646 680 674 721 uti
688 680 750 733 lilius,
774 681 807 737 qui
819 680 863 723 illo·

78 763 120 792 rum
137 748 236 790 sententia
252 747 303 804 patri
320 748 496 790 consubstantialis
506 755 549 801 est,
572 749 653 790 minime
665 749 699 791 ille
711 750 788 805 quidem
806 757 864 807 pater

78 824 120 869 est,
144 817 179 859 sed
193 817 243 859 lilius
254 817 304 874 patri
321 817 497 860 consubstantialis
508 817 630 874 appellatur,
653 818 681 859 ita
693 818 863 860 consubstantiale

78 886 141 929 uerbo
158 900 230 943 corpus
248 901 288 928 non
304 887 367 941 ipsum
383 886 466 929 verbum
483 894 526 939 cst,
550 888 584 928 sed
601 887 652 929 aliud
669 888 759 944 quiddam
775 903 787 929 a
801 888 863 930 verbo

69 955 200 1014 distinctum.
237 952 296 1010 Quod
314 954 331 997 si
347 955 400 997 aliud
417 963 460 1007 est,
483 947 562 997 illorum
578 956 657 998 trinitas
674 957 694 997 in
711 957 863 1011 quaternionem

78 1025 188 1082 redigetur.
219 1022 287 1067 Verae
302 1024 374 1082 qnippe
389 1032 410 1067 et
426 1025 492 1081 reipsa
509 1025 611 1081 perlectae
629 1032 650 1066 et
665 1025 764 1067 indivisae
781 1026 865 1068 trinitati

80 1094 133 1138 unta
149 1093 193 1136 lieri
209 1101 275 1150 potest
291 1094 393 1146 accessio,
415 1100 569 1150 praeterquam
587 1108 691 1150 perperam
707 1094 741 1135 isti
759 1095 865 1136 commenti

80 1170 134 1206 sunt.
166 1160 356 1218 Quarerristiani
372 1176 417 1205 esse
433 1162 466 1219 qui
485 1170 569 1219 possunt
583 1164 616 1219 qui
627 1163 712 1205 alterurn
725 1164 749 1205 ab
764 1177 788 1205 co
799 1164 866 1219 quire

81 1241 130 1276 vera
143 1232 191 1275 deus
208 1239 239 1275 est
251 1232 300 1274 laisa
312 1231 349 1274 sibi
367 1232 498 1289 persuasione
516 1232 630 1286 linxerunt3
653 1246 722 1274 rursus
734 1233 786 1274 enim
800 1233 820 1274 in
837 1232 866 1274 al·

80 1309 124 1345 tera
135 1302 218 1358 quadam
228 1301 310 1344 istorum
323 1301 450 1343 cavillatione
462 1309 534 1357 quanta
545 1301 571 1343 sit
582 1315 651 1343 eorum
664 1302 762 1344 stoliditas
774 1308 864 1357 apparet.

81 1370 133 1414 Nam
150 1370 168 1413 si
183 1384 219 1427 pro
235 1385 260 1412 eo
275 1371 326 1426 quod
342 1368 435 1413 Cbiistus
446 1385 518 1427 corpus
530 1385 557 1412 ex
566 1368 632 1412 Maria
645 1378 713 1412 uatum
725 1379 745 1413 et
759 1371 865 1413 bunmnum

82 1448 112 1484 est
123 1448 182 1497 atque
198 1440 218 1481 in
228 1439 331 1496 scripturis
346 1453 392 1482 esse
405 1440 487 1492 dieitur,
510 1440 660 1496 quaternionem
672 1439 746 1482 idcirco
759 1454 795 1496 pro
810 1439 867 1481 triui-

82 1519 124 1553 tare
135 1509 230 1552 constitui
246 1516 316 1567 putant
327 1509 412 1564 eoquod
428 1508 523 1565 quaedam
535 1508 578 1550 lieri
591 1508 683 1550 videatur
694 1510 784 1565 corporis
798 1522 867 1550 acces-

82 1581 121 1633 sio,
138 1579 267 1622 vehementer
278 1586 347 1620 errant
358 1578 390 1634 qui
402 1577 500 1620 conditori
511 1578 607 1633 opificium
619 1592 676 1620 suum
688 1578 770 1633 aequale
783 1577 867 1629 faciunt,

83 1649 139 1692 etad
152 1647 275 1691 divinitatem
292 1648 388 1689 accedere
405 1661 464 1704 posse
480 1647 553 1703 aliquid
570 1646 703 1700 arbitrantur,
726 1662 763 1689 nec
779 1646 826 1688 illud
837 1646 868 1687 in-

83 1719 187 1774 telligunt,
211 1731 251 1758 non
268 1717 292 1758 ad
309 1709 368 1758 ullam
385 1717 452 1758 carnis
470 1717 607 1758 accessionem
623 1715 706 1758 verbum
724 1730 806 1758 carnem
823 1730 869 1757 esse

83 1789 168 1839 factum,
191 1787 319 1829 sedntcaro
332 1785 377 1841 ipsa
391 1793 520 1841 resurgeret,
542 1799 606 1840 neque
622 1784 717 1837 verbum,
741 1786 870 1842 quoadme-

82 1857 153 1899 liorem
165 1856 249 1912 aliquam
260 1854 393 1897 conditionem
409 1855 564 1906 transferretur,
585 1868 611 1896 ex
623 1851 689 1896 Maria
702 1853 812 1910 prodiisse,
834 1853 870 1895 sed

84 1933 105 1969 nt
123 1924 223 1968 bominum
236 1938 300 1981 genus
316 1924 431 1965 redimeret.
462 1921 504 1965 lam
519 1937 569 1966 vero
584 1923 683 1978 quomodo
694 1922 737 1964 lieri
748 1930 814 1978 potest
825 1936 871 1963 cor-

85 2010 122 2052 pus
137 2002 158 2037 ut
173 1994 233 2046 illud,
255 1993 307 2049 quod
318 1992 444 2049 perverbum
456 1993 578 2048 redemptum
591 2007 614 2034 ac
625 1992 666 2034 vita
678 1992 771 2034 donatum
784 2000 828 2043 est,
852 1991 871 2032 ei

85 2078 150 2120 aquo
167 2063 227 2106 vitam
246 2062 322 2116 aceepit
342 2061 401 2103 ullam
421 2060 530 2103 divinitatis
548 2061 684 2103 accessionem
701 2061 766 2116 possit
782 2061 871 2102 afferre?

85 2131 138 2175 Nam
150 2146 161 2175 e
175 2132 276 2174 contnuo
286 2130 388 2174 uberrima
397 2130 431 2172 itta
441 2129 520 2187 quidem
533 2130 557 2173 ad
567 2129 674 2172 humanum
686 2144 759 2186 corpus
771 2144 798 2171 ex
809 2127 871 2170 divini

86 2201 143 2245 verbi
153 2201 292 2243 communione
303 2199 480 2255 commistioneque
492 2200 544 2241 lacta
556 2206 587 2240 est
598 2199 697 2241 accessio.
729 2197 832 2253 Siquidem
844 2210 871 2238 ex

87 2270 165 2314 mortali
175 2269 297 2322 immortale,
314 2283 341 2310 cx
353 2268 432 2311 animali
444 2267 534 2324 spiritale
546 2267 644 2310 redditum
656 2274 700 2320 est,
721 2274 780 2323 atque
793 2280 804 2309 e
817 2272 872 2307 terra

87 2341 195 2397 proiectum
208 2338 258 2380 coeli
273 2346 340 2394 portas
352 2337 472 2394 penetravit.
504 2334 599 2379 Ceterum
612 2336 691 2378 trinitas
702 2335 759 2392 ipsa,
781 2333 872 2390 quamvis

87 2409 171 2453 verbnm
185 2405 272 2450 eMaria
283 2420 355 2462 corpus
367 2405 478 2462 acceperit,
494 2405 573 2447 trinitas
584 2413 628 2457 est,
649 2405 681 2447 cui
698 2418 735 2447 nec
747 2404 792 2446 addi
807 2409 874 2460 potest

89 2477 199 2533 quidpiam,
221 2488 285 2530 neque
302 2474 391 2527 detrahi,
414 2474 548 2530 sedperlecta
563 2487 643 2529 semper
658 2480 701 2525 est,
722 2472 771 2514 etin
785 2470 874 2512 trinitate

89 2545 197 2602 singularis
212 2543 305 2585 divinitas
318 2542 434 2598 agnoscitur
444 2549 504 2599 atque
517 2543 545 2585 ita
556 2542 634 2584 demum
647 2556 697 2584 uuus
711 2541 760 2584 deus
771 2539 829 2584 verbi
839 2554 874 2598 pa-

89 2621 121 2656 ter
136 2615 156 2655 in
172 2612 258 2655 ecclesia
273 2612 407 2668 praedicatur.

147 2681 223 2724 Eadem
234 2694 294 2738 porro
304 2679 381 2722 ratione
393 2687 413 2721 et
423 2694 446 2721 os
459 2679 498 2721 illis
511 2680 626 2722 occludatur
641 2679 674 2735 qui
690 2679 756 2720 dicere
769 2676 874 2734 aliquando
888 2694 979 2739 0219„qu

91 2751 134 2795 ausi
150 2758 196 2795 snut
207 2764 252 2793 eum
264 2749 298 2806 qui
314 2763 342 2791 ex
352 2746 418 2791 Maria
435 2749 534 2805 processit
548 2764 588 2791 nou
601 2749 665 2804 ipsum
679 2762 724 2791 esse
737 2745 840 2791 Christum
852 2760 875 2787 ac
932 2784 934 2786 .

116 2935 132 2971 9.
144 2934 207 2978 πολλὴν
219 2932 250 2978 τὴν
261 2933 280 2967 Β.
361 2961 363 2963 .
520 2931 546 2967 ll.
557 2933 583 2977 τῷ
595 2931 641 2976 λόγῳ
653 2932 679 2978 τῷ
695 2933 746 2972 toea.
757 2942 775 2965 u.
787 2932 807 2964 B.

118 2982 144 3015 10.
156 2979 177 3016 δὲ
190 2983 233 3014 obest
245 2990 256 3012 o
266 2981 286 3012 Β.
520 2979 547 3012 15.
558 2980 583 3024 τῷ
596 2975 643 3020 ciebo.
655 2979 674 3010 Β.
687 2979 738 3011 Recte.

118 3028 145 3061 ll.
156 3024 245 3071 γινομένης
256 3022 286 3060 διὰ
297 3021 316 3059 τὸ
328 3025 347 3057 Β.
521 3024 547 3058 16.
559 3020 592 3058 clad
605 3020 638 3068 γὰρ
650 3024 669 3056 Β.

119 3073 144 3106 1¹2.
157 3071 191 3106 τῶν
203 3068 297 3114 ἀνθρώπων
308 3072 327 3104 Β.
521 3069 561 3103 Car.
570 3071 610 3103 th.
623 3088 646 3095 -
671 3069 685 3102 1.
697 3066 720 3112 oq*
732 3071 750 3102 B.

119 3118 145 3152 13.
158 3114 250 3152 οἴονταιτὸ
262 3118 280 3148 Β.

130 3173 190 3210 Corpus
200 3171 291 3202 flaereseol.
296 3171 316 3200 11.
322 3171 337 3200 3.
713 3174 741 3217 23
