<?xml version="1.0" encoding="UTF-8"?>
<!DOCTYPE html PUBLIC "-//W3C//DTD XHTML 1.0 Transitional//EN"
    "http://www.w3.org/TR/xhtml1/DTD/xhtml1-transitional.dtd">
<html xmlns="http://www.w3.org/1999/xhtml" xml:lang="en" lang="en">
 <head>
  <title>
</title>
<meta http-equiv="Content-Type" content="text/html;charset=utf-8" />
  <meta name='ocr-system' content='tesseract 3.04.00' />
  <meta name='ocr-capabilities' content='ocr_page ocr_carea ocr_par ocr_line ocrx_word'/>
</head>
<body>
  <div class='ocr_page' id='page_1' title='image "./MN41650ucmf_1/MN41650ucmf_1_0539.png"; bbox 0 0 1988 3392; ppageno 0'>
   <div class='ocr_carea' id='block_1_1' title="bbox 212 231 878 275">
    <p class='ocr_par' dir='ltr' id='par_1_1' title="bbox 212 231 878 275">
     <span class='ocr_line' id='line_1_1' title="bbox 212 231 878 275; baseline -0.002 -3"><span class='ocrx_word' id='word_1_1' title='bbox 212 238 305 273; x_wconf 68' lang='lat' dir='ltr'>ennean</span> <span class='ocrx_word' id='word_1_2' title='bbox 316 239 359 272; x_wconf 86' lang='lat' dir='ltr'>LlB.</span> <span class='ocrx_word' id='word_1_3' title='bbox 372 238 401 273; x_wconf 85' lang='lat' dir='ltr'>lli.</span> <span class='ocrx_word' id='word_1_4' title='bbox 413 241 467 275; x_wconf 88' lang='grc' dir='ltr'>ΤΟΜ.</span> <span class='ocrx_word' id='word_1_5' title='bbox 478 241 500 274; x_wconf 81' lang='lat' dir='ltr'>ll.</span> <span class='ocrx_word' id='word_1_6' title='bbox 512 240 593 274; x_wconf 81' lang='lat' dir='ltr'>EXPOS.</span> <span class='ocrx_word' id='word_1_7' title='bbox 605 239 650 272; x_wconf 88' lang='lat' dir='ltr'>FID.</span> <span class='ocrx_word' id='word_1_8' title='bbox 664 238 761 272; x_wconf 73' lang='lat' dir='ltr'>camon.</span> <span class='ocrx_word' id='word_1_9' title='bbox 836 231 878 271; x_wconf 84' lang='grc'>517</span> 
     </span>
    </p>
   </div>
   <div class='ocr_carea' id='block_1_2' title="bbox 56 317 981 3055">
    <p class='ocr_par' dir='ltr' id='par_1_2' title="bbox 56 317 981 1744">
     <span class='ocr_line' id='line_1_2' title="bbox 148 317 981 377; baseline -0.004 -16"><span class='ocrx_word' id='word_1_10' title='bbox 148 318 257 361; x_wconf 88' lang='lat' dir='ltr'>Praeterea</span> <span class='ocrx_word' id='word_1_11' title='bbox 269 317 372 362; x_wconf 84' lang='lat' dir='ltr'>Christum</span> <span class='ocrx_word' id='word_1_12' title='bbox 384 334 395 362; x_wconf 92' lang='lat' dir='ltr'>e</span> <span class='ocrx_word' id='word_1_13' title='bbox 408 319 474 363; x_wconf 85' lang='lat' dir='ltr'>Maria</span> <span class='ocrx_word' id='word_1_14' title='bbox 486 334 566 377; x_wconf 82' lang='lat' dir='ltr'><strong>semper</strong></span> <span class='ocrx_word' id='word_1_15' title='bbox 577 320 656 376; x_wconf 89' lang='lat' dir='ltr'>virgine</span> <span class='ocrx_word' id='word_1_16' title='bbox 669 332 740 360; x_wconf 90' lang='lat' dir='ltr'>revera</span> <span class='ocrx_word' id='word_1_17' title='bbox 754 324 821 361; x_wconf 87' lang='lat' dir='ltr'>natum</span> <span class='ocrx_word' id='word_1_18' title='bbox 832 333 878 361; x_wconf 89' lang='lat' dir='ltr'>esse</span> <span class='ocrx_word' id='word_1_19' title='bbox 891 324 981 370; x_wconf 75' lang='lat' dir='ltr'>Gava.</span> 
     </span>
     <span class='ocr_line' id='line_1_3' title="bbox 91 387 877 446; baseline -0.005 -14"><span class='ocrx_word' id='word_1_20' title='bbox 91 388 165 440; x_wconf 84' lang='lat' dir='ltr'>credit,</span> <span class='ocrx_word' id='word_1_21' title='bbox 187 402 211 429; x_wconf 93' lang='lat' dir='ltr'>ac</span> <span class='ocrx_word' id='word_1_22' title='bbox 222 388 288 445; x_wconf 90' lang='lat' dir='ltr'>reipsa</span> <span class='ocrx_word' id='word_1_23' title='bbox 305 402 390 444; x_wconf 88' lang='lat' dir='ltr'>corpus,</span> <span class='ocrx_word' id='word_1_24' title='bbox 411 404 451 434; x_wconf 82' lang='lat' dir='ltr'>iton</span> <span class='ocrx_word' id='word_1_25' title='bbox 465 390 531 446; x_wconf 92' lang='lat' dir='ltr'>specie</span> <span class='ocrx_word' id='word_1_26' title='bbox 549 390 648 432; x_wconf 75' lang='lat' dir='ltr'>duntaxat</span> <span class='ocrx_word' id='word_1_27' title='bbox 663 387 765 438; x_wconf 82' lang='lat' dir='ltr'><strong>induisse,</strong></span> <span class='ocrx_word' id='word_1_28' title='bbox 787 402 877 441; x_wconf 87' lang='lat' dir='ltr'>carnem,</span> 
     </span>
     <span class='ocr_line' id='line_1_4' title="bbox 91 455 878 514; baseline -0.004 -12"><span class='ocrx_word' id='word_1_29' title='bbox 91 460 183 514; x_wconf 90' lang='lat' dir='ltr'>inquam,</span> <span class='ocrx_word' id='word_1_30' title='bbox 200 471 311 514; x_wconf 80' lang='lat' dir='ltr'><strong>corpusque</strong></span> <span class='ocrx_word' id='word_1_31' title='bbox 322 471 400 510; x_wconf 88' lang='lat' dir='ltr'>verum,</span> <span class='ocrx_word' id='word_1_32' title='bbox 418 472 461 499; x_wconf 91' lang='lat' dir='ltr'>cnm</span> <span class='ocrx_word' id='word_1_33' title='bbox 475 458 553 500; x_wconf 87' lang='lat' dir='ltr'>ossibus</span> <span class='ocrx_word' id='word_1_34' title='bbox 565 473 588 500; x_wconf 89' lang='lat' dir='ltr'>ac</span> <span class='ocrx_word' id='word_1_35' title='bbox 599 457 677 509; x_wconf 91' lang='lat' dir='ltr'>nervis,</span> <span class='ocrx_word' id='word_1_36' title='bbox 694 455 814 511; x_wconf 79' lang='lat' dir='ltr'>reliquisque</span> <span class='ocrx_word' id='word_1_37' title='bbox 826 471 878 513; x_wconf 90' lang='lat' dir='ltr'>qnae</span> 
     </span>
     <span class='ocr_line' id='line_1_5' title="bbox 91 525 878 585; baseline -0.003 -15"><span class='ocrx_word' id='word_1_38' title='bbox 91 526 148 570; x_wconf 91' lang='lat' dir='ltr'>nobis</span> <span class='ocrx_word' id='word_1_39' title='bbox 160 526 228 568; x_wconf 91' lang='lat' dir='ltr'>insunt</span> <span class='ocrx_word' id='word_1_40' title='bbox 240 525 344 585; x_wconf 71' lang='lat' dir='ltr'>omnibus,</span> <span class='ocrx_word' id='word_1_41' title='bbox 366 525 415 568; x_wconf 87' lang='lat' dir='ltr'>nihil</span> <span class='ocrx_word' id='word_1_42' title='bbox 425 534 447 568; x_wconf 90' lang='lat' dir='ltr'>ut</span> <span class='ocrx_word' id='word_1_43' title='bbox 458 526 469 567; x_wconf 85' lang='lat' dir='ltr'>a</span> <span class='ocrx_word' id='word_1_44' title='bbox 481 526 538 568; x_wconf 91' lang='lat' dir='ltr'>nobis</span> <span class='ocrx_word' id='word_1_45' title='bbox 555 526 604 583; x_wconf 91' lang='lat' dir='ltr'>ipsis</span> <span class='ocrx_word' id='word_1_46' title='bbox 616 534 756 584; x_wconf 73' lang='lat' dir='ltr'>praeterquam</span> <span class='ocrx_word' id='word_1_47' title='bbox 769 525 878 568; x_wconf 73' lang='lat' dir='ltr'>excellenti</span> 
     </span>
     <span class='ocr_line' id='line_1_6' title="bbox 91 593 877 653; baseline -0.003 -16"><span class='ocrx_word' id='word_1_48' title='bbox 91 595 173 653; x_wconf 90' lang='lat' dir='ltr'>quadam</span> <span class='ocrx_word' id='word_1_49' title='bbox 185 594 298 636; x_wconf 80' lang='lat' dir='ltr'>sanctitatis</span> <span class='ocrx_word' id='word_1_50' title='bbox 313 609 337 636; x_wconf 88' lang='lat' dir='ltr'>ac</span> <span class='ocrx_word' id='word_1_51' title='bbox 349 594 458 637; x_wconf 88' lang='lat' dir='ltr'>divinitatis</span> <span class='ocrx_word' id='word_1_52' title='bbox 473 594 538 651; x_wconf 88' lang='lat' dir='ltr'>gloria</span> <span class='ocrx_word' id='word_1_53' title='bbox 550 595 661 652; x_wconf 78' lang='lat' dir='ltr'>discrepet,</span> <span class='ocrx_word' id='word_1_54' title='bbox 684 602 725 636; x_wconf 90' lang='lat' dir='ltr'>tum</span> <span class='ocrx_word' id='word_1_55' title='bbox 738 593 790 649; x_wconf 92' lang='lat' dir='ltr'>qnod</span> <span class='ocrx_word' id='word_1_56' title='bbox 802 594 877 635; x_wconf 90' lang='lat' dir='ltr'>saucti-</span> 
     </span>
     <span class='ocr_line' id='line_1_7' title="bbox 91 662 878 719; baseline -0.004 -13"><span class='ocrx_word' id='word_1_57' title='bbox 91 664 136 706; x_wconf 88' lang='lat' dir='ltr'>tatis</span> <span class='ocrx_word' id='word_1_58' title='bbox 146 677 170 705; x_wconf 90' lang='lat' dir='ltr'>ae</span> <span class='ocrx_word' id='word_1_59' title='bbox 180 663 267 705; x_wconf 91' lang='lat' dir='ltr'>iustitiae</span> <span class='ocrx_word' id='word_1_60' title='bbox 279 677 315 705; x_wconf 88' lang='lat' dir='ltr'>vas</span> <span class='ocrx_word' id='word_1_61' title='bbox 326 663 359 705; x_wconf 90' lang='lat' dir='ltr'>sit.</span> <span class='ocrx_word' id='word_1_62' title='bbox 381 663 448 706; x_wconf 86' lang='lat' dir='ltr'>Habet</span> <span class='ocrx_word' id='word_1_63' title='bbox 458 671 524 706; x_wconf 86' lang='lat' dir='ltr'>antem</span> <span class='ocrx_word' id='word_1_64' title='bbox 538 665 604 705; x_wconf 91' lang='lat' dir='ltr'>omnia</span> <span class='ocrx_word' id='word_1_65' title='bbox 615 663 761 719; x_wconf 82' lang='lat' dir='ltr'>perfectissime</span> <span class='ocrx_word' id='word_1_66' title='bbox 769 662 820 704; x_wconf 88' lang='lat' dir='ltr'>citra</span> <span class='ocrx_word' id='word_1_67' title='bbox 830 677 878 718; x_wconf 89' lang='lat' dir='ltr'>pec-</span> 
     </span>
     <span class='ocr_line' id='line_1_8' title="bbox 91 729 877 786; baseline -0.005 -12"><span class='ocrx_word' id='word_1_68' title='bbox 91 739 163 774; x_wconf 91' lang='lat' dir='ltr'>catum.</span> <span class='ocrx_word' id='word_1_69' title='bbox 186 729 254 786; x_wconf 78' lang='lat' dir='ltr'>Quare</span> <span class='ocrx_word' id='word_1_70' title='bbox 266 731 350 773; x_wconf 90' lang='lat' dir='ltr'>humana</span> <span class='ocrx_word' id='word_1_71' title='bbox 360 746 431 773; x_wconf 90' lang='lat' dir='ltr'>revera</span> <span class='ocrx_word' id='word_1_72' title='bbox 442 739 473 774; x_wconf 90' lang='lat' dir='ltr'>est</span> <span class='ocrx_word' id='word_1_73' title='bbox 482 732 547 773; x_wconf 91' lang='lat' dir='ltr'>anima</span> <span class='ocrx_word' id='word_1_74' title='bbox 558 732 666 786; x_wconf 88' lang='lat' dir='ltr'>praeditus,</span> <span class='ocrx_word' id='word_1_75' title='bbox 683 732 808 785; x_wconf 87' lang='lat' dir='ltr'>humanaque</span> <span class='ocrx_word' id='word_1_76' title='bbox 821 744 877 771; x_wconf 93' lang='lat' dir='ltr'>men-</span> 
     </span>
     <span class='ocr_line' id='line_1_9' title="bbox 91 796 878 857; baseline -0.005 -14"><span class='ocrx_word' id='word_1_77' title='bbox 91 808 122 852; x_wconf 71' lang='lat' dir='ltr'>te,</span> <span class='ocrx_word' id='word_1_78' title='bbox 134 814 174 841; x_wconf 91' lang='lat' dir='ltr'>non</span> <span class='ocrx_word' id='word_1_79' title='bbox 186 800 236 854; x_wconf 91' lang='lat' dir='ltr'>quod</span> <span class='ocrx_word' id='word_1_80' title='bbox 249 806 334 841; x_wconf 88' lang='lat' dir='ltr'>mentem</span> <span class='ocrx_word' id='word_1_81' title='bbox 348 799 464 857; x_wconf 83' lang='lat' dir='ltr'>hypostasin</span> <span class='ocrx_word' id='word_1_82' title='bbox 475 814 520 841; x_wconf 89' lang='lat' dir='ltr'>esse</span> <span class='ocrx_word' id='word_1_83' title='bbox 531 799 627 851; x_wconf 87' lang='lat' dir='ltr'>dicamus,</span> <span class='ocrx_word' id='word_1_84' title='bbox 639 807 661 841; x_wconf 90' lang='lat' dir='ltr'>ut</span> <span class='ocrx_word' id='word_1_85' title='bbox 669 797 814 841; x_wconf 88' lang='lat' dir='ltr'>affirmautalii.</span> <span class='ocrx_word' id='word_1_86' title='bbox 838 796 878 840; x_wconf 83' lang='lat' dir='ltr'>Ce-</span> 
     </span>
     <span class='ocr_line' id='line_1_10' title="bbox 91 867 877 924; baseline -0.004 -13"><span class='ocrx_word' id='word_1_87' title='bbox 91 876 154 911; x_wconf 86' lang='lat' dir='ltr'>terum</span> <span class='ocrx_word' id='word_1_88' title='bbox 166 868 218 910; x_wconf 86' lang='lat' dir='ltr'>nutta</span> <span class='ocrx_word' id='word_1_89' title='bbox 231 867 306 924; x_wconf 85' lang='lat' dir='ltr'>peccati</span> <span class='ocrx_word' id='word_1_90' title='bbox 317 868 435 923; x_wconf 85' lang='lat' dir='ltr'>contagione</span> <span class='ocrx_word' id='word_1_91' title='bbox 447 869 536 910; x_wconf 90' lang='lat' dir='ltr'>foedatus</span> <span class='ocrx_word' id='word_1_92' title='bbox 548 874 592 920; x_wconf 82' lang='lat' dir='ltr'>est3</span> <span class='ocrx_word' id='word_1_93' title='bbox 608 882 707 923; x_wconf 88' lang='lat' dir='ltr'>nunqnam</span> <span class='ocrx_word' id='word_1_94' title='bbox 721 882 743 909; x_wconf 88' lang='lat' dir='ltr'>os</span> <span class='ocrx_word' id='word_1_95' title='bbox 755 867 808 909; x_wconf 90' lang='lat' dir='ltr'>illius</span> <span class='ocrx_word' id='word_1_96' title='bbox 820 881 877 908; x_wconf 92' lang='lat' dir='ltr'>men·</span> 
     </span>
     <span class='ocr_line' id='line_1_11' title="bbox 91 935 981 990; baseline -0.003 -12"><span class='ocrx_word' id='word_1_97' title='bbox 91 937 147 978; x_wconf 92' lang='lat' dir='ltr'>titum</span> <span class='ocrx_word' id='word_1_98' title='bbox 160 939 277 990; x_wconf 58' lang='lat' dir='ltr'>est,¹Neqce</span> <span class='ocrx_word' id='word_1_99' title='bbox 284 938 335 977; x_wconf 78' lang='lat' dir='ltr'>labio</span> <span class='ocrx_word' id='word_1_100' title='bbox 345 939 409 977; x_wconf 72' lang='lat' dir='ltr'>dolrem</span> <span class='ocrx_word' id='word_1_101' title='bbox 416 939 480 977; x_wconf 80' lang='lat' dir='ltr'>locutu</span> <span class='ocrx_word' id='word_1_102' title='bbox 488 943 546 985; x_wconf 83' lang='lat' dir='ltr'>sont,-</span> <span class='ocrx_word' id='word_1_103' title='bbox 560 950 595 977; x_wconf 89' lang='lat' dir='ltr'>cor</span> <span class='ocrx_word' id='word_1_104' title='bbox 606 936 629 976; x_wconf 92' lang='lat' dir='ltr'>ad</span> <span class='ocrx_word' id='word_1_105' title='bbox 640 935 757 977; x_wconf 89' lang='lat' dir='ltr'>irritandum</span> <span class='ocrx_word' id='word_1_106' title='bbox 769 936 826 977; x_wconf 88' lang='lat' dir='ltr'>deum</span> <span class='ocrx_word' id='word_1_107' title='bbox 835 950 876 977; x_wconf 91' lang='lat' dir='ltr'>non</span> <span class='ocrx_word' id='word_1_108' title='bbox 883 947 950 984; x_wconf 74' lang='lat' dir='ltr'>treta,</span> <span class='ocrx_word' id='word_1_109' title='bbox 958 948 981 977; x_wconf 77' lang='lat' dir='ltr'>aa.</span> 
     </span>
     <span class='ocr_line' id='line_1_12' title="bbox 56 1003 875 1060; baseline -0.001 -13"><span class='ocrx_word' id='word_1_110' title='bbox 56 1004 58 1007; x_wconf 73' lang='grc'><strong>’</strong></span> <span class='ocrx_word' id='word_1_111' title='bbox 91 1004 205 1056; x_wconf 85' lang='lat' dir='ltr'>declinavit,</span> <span class='ocrx_word' id='word_1_112' title='bbox 222 1019 278 1046; x_wconf 89' lang='lat' dir='ltr'>meus</span> <span class='ocrx_word' id='word_1_113' title='bbox 289 1005 313 1046; x_wconf 93' lang='lat' dir='ltr'>ad</span> <span class='ocrx_word' id='word_1_114' title='bbox 324 1018 348 1046; x_wconf 88' lang='lat' dir='ltr'>ea</span> <span class='ocrx_word' id='word_1_115' title='bbox 359 1018 410 1060; x_wconf 92' lang='lat' dir='ltr'>quae</span> <span class='ocrx_word' id='word_1_116' title='bbox 421 1005 478 1046; x_wconf 88' lang='lat' dir='ltr'>nefas</span> <span class='ocrx_word' id='word_1_117' title='bbox 489 1010 520 1045; x_wconf 90' lang='lat' dir='ltr'>est</span> <span class='ocrx_word' id='word_1_118' title='bbox 532 1018 571 1045; x_wconf 92' lang='lat' dir='ltr'>nou</span> <span class='ocrx_word' id='word_1_119' title='bbox 583 1004 672 1056; x_wconf 84' lang='lat' dir='ltr'>deflexit,</span> <span class='ocrx_word' id='word_1_120' title='bbox 689 1017 737 1044; x_wconf 85' lang='lat' dir='ltr'>caro</span> <span class='ocrx_word' id='word_1_121' title='bbox 746 1003 794 1044; x_wconf 89' lang='lat' dir='ltr'>nihil</span> <span class='ocrx_word' id='word_1_122' title='bbox 806 1018 875 1046; x_wconf 93' lang='lat' dir='ltr'>eornm</span> 
     </span>
     <span class='ocr_line' id='line_1_13' title="bbox 90 1072 876 1130; baseline -0.003 -15"><span class='ocrx_word' id='word_1_123' title='bbox 90 1086 140 1130; x_wconf 89' lang='lat' dir='ltr'>quae</span> <span class='ocrx_word' id='word_1_124' title='bbox 154 1073 177 1115; x_wconf 92' lang='lat' dir='ltr'>ad</span> <span class='ocrx_word' id='word_1_125' title='bbox 191 1074 257 1115; x_wconf 87' lang='lat' dir='ltr'>caruis</span> <span class='ocrx_word' id='word_1_126' title='bbox 269 1072 391 1129; x_wconf 86' lang='lat' dir='ltr'>voluptatem</span> <span class='ocrx_word' id='word_1_127' title='bbox 404 1073 504 1129; x_wconf 81' lang='lat' dir='ltr'>pertinent</span> <span class='ocrx_word' id='word_1_128' title='bbox 515 1072 601 1124; x_wconf 83' lang='lat' dir='ltr'>admisit,</span> <span class='ocrx_word' id='word_1_129' title='bbox 618 1073 667 1113; x_wconf 92' lang='lat' dir='ltr'>dens</span> <span class='ocrx_word' id='word_1_130' title='bbox 681 1072 705 1113; x_wconf 92' lang='lat' dir='ltr'>ab</span> <span class='ocrx_word' id='word_1_131' title='bbox 717 1079 799 1113; x_wconf 89' lang='lat' dir='ltr'>aeterno</span> <span class='ocrx_word' id='word_1_132' title='bbox 810 1073 856 1128; x_wconf 90' lang='lat' dir='ltr'>perf</span> <span class='ocrx_word' id='word_1_133' title='bbox 867 1096 876 1104; x_wconf 92' lang='lat'><em>-</em></span> 
     </span>
     <span class='ocr_line' id='line_1_14' title="bbox 91 1140 876 1198; baseline 0 -15"><span class='ocrx_word' id='word_1_134' title='bbox 91 1150 143 1194; x_wconf 92' lang='lat' dir='ltr'>ctus,</span> <span class='ocrx_word' id='word_1_135' title='bbox 160 1141 193 1198; x_wconf 93' lang='lat' dir='ltr'>qui</span> <span class='ocrx_word' id='word_1_136' title='bbox 203 1156 243 1183; x_wconf 92' lang='lat' dir='ltr'>nou</span> <span class='ocrx_word' id='word_1_137' title='bbox 255 1148 277 1183; x_wconf 91' lang='lat' dir='ltr'>ut</span> <span class='ocrx_word' id='word_1_138' title='bbox 287 1141 307 1182; x_wconf 91' lang='lat' dir='ltr'>in</span> <span class='ocrx_word' id='word_1_139' title='bbox 319 1141 399 1183; x_wconf 91' lang='lat' dir='ltr'>homine</span> <span class='ocrx_word' id='word_1_140' title='bbox 412 1141 508 1183; x_wconf 85' lang='lat' dir='ltr'>habitaret</span> <span class='ocrx_word' id='word_1_141' title='bbox 520 1140 608 1192; x_wconf 87' lang='lat' dir='ltr'>advenit,</span> <span class='ocrx_word' id='word_1_142' title='bbox 626 1141 660 1182; x_wconf 87' lang='lat' dir='ltr'>sed</span> <span class='ocrx_word' id='word_1_143' title='bbox 672 1140 755 1183; x_wconf 91' lang='lat' dir='ltr'>verbnm</span> <span class='ocrx_word' id='word_1_144' title='bbox 766 1140 830 1196; x_wconf 90' lang='lat' dir='ltr'>ipsum</span> <span class='ocrx_word' id='word_1_145' title='bbox 840 1141 876 1183; x_wconf 94' lang='lat' dir='ltr'>ho-</span> 
     </span>
     <span class='ocr_line' id='line_1_15' title="bbox 90 1208 876 1265; baseline -0.001 -13"><span class='ocrx_word' id='word_1_146' title='bbox 90 1210 162 1252; x_wconf 88' lang='lat' dir='ltr'>minem</span> <span class='ocrx_word' id='word_1_147' title='bbox 176 1210 252 1262; x_wconf 89' lang='lat' dir='ltr'>induit,</span> <span class='ocrx_word' id='word_1_148' title='bbox 269 1224 308 1251; x_wconf 92' lang='lat' dir='ltr'>nou</span> <span class='ocrx_word' id='word_1_149' title='bbox 322 1216 392 1252; x_wconf 89' lang='lat' dir='ltr'>natura</span> <span class='ocrx_word' id='word_1_150' title='bbox 404 1216 512 1261; x_wconf 90' lang='lat' dir='ltr'>mutatum,</span> <span class='ocrx_word' id='word_1_151' title='bbox 529 1209 564 1250; x_wconf 93' lang='lat' dir='ltr'>sed</span> <span class='ocrx_word' id='word_1_152' title='bbox 579 1224 621 1251; x_wconf 89' lang='lat' dir='ltr'>eam</span> <span class='ocrx_word' id='word_1_153' title='bbox 634 1223 684 1265; x_wconf 88' lang='lat' dir='ltr'>qnae</span> <span class='ocrx_word' id='word_1_154' title='bbox 697 1208 782 1250; x_wconf 91' lang='lat' dir='ltr'>hominis</span> <span class='ocrx_word' id='word_1_155' title='bbox 796 1209 876 1265; x_wconf 90' lang='lat' dir='ltr'>propria</span> 
     </span>
     <span class='ocr_line' id='line_1_16' title="bbox 91 1276 876 1333; baseline 0 -14"><span class='ocrx_word' id='word_1_156' title='bbox 91 1284 122 1319; x_wconf 91' lang='lat' dir='ltr'>est</span> <span class='ocrx_word' id='word_1_157' title='bbox 134 1292 178 1320; x_wconf 90' lang='lat' dir='ltr'>cum</span> <span class='ocrx_word' id='word_1_158' title='bbox 190 1278 293 1319; x_wconf 91' lang='lat' dir='ltr'>divinitate</span> <span class='ocrx_word' id='word_1_159' title='bbox 305 1279 438 1333; x_wconf 84' lang='lat' dir='ltr'>complexum.</span> <span class='ocrx_word' id='word_1_160' title='bbox 470 1276 493 1319; x_wconf 91' lang='lat' dir='ltr'>lu</span> <span class='ocrx_word' id='word_1_161' title='bbox 504 1277 588 1333; x_wconf 89' lang='lat' dir='ltr'>virginis</span> <span class='ocrx_word' id='word_1_162' title='bbox 600 1284 658 1319; x_wconf 89' lang='lat' dir='ltr'>utero</span> <span class='ocrx_word' id='word_1_163' title='bbox 672 1291 744 1319; x_wconf 87' lang='lat' dir='ltr'>revera</span> <span class='ocrx_word' id='word_1_164' title='bbox 760 1278 840 1332; x_wconf 92' lang='lat' dir='ltr'>genitus</span> <span class='ocrx_word' id='word_1_165' title='bbox 852 1291 876 1319; x_wconf 90' lang='lat' dir='ltr'>ae</span> 
     </span>
     <span class='ocr_line' id='line_1_17' title="bbox 90 1344 876 1403; baseline 0 -16"><span class='ocrx_word' id='word_1_166' title='bbox 90 1360 125 1403; x_wconf 89' lang='lat' dir='ltr'>per</span> <span class='ocrx_word' id='word_1_167' title='bbox 137 1346 235 1402; x_wconf 84' lang='lat' dir='ltr'>genitales</span> <span class='ocrx_word' id='word_1_168' title='bbox 246 1352 323 1388; x_wconf 89' lang='lat' dir='ltr'>meatus</span> <span class='ocrx_word' id='word_1_169' title='bbox 333 1346 354 1386; x_wconf 91' lang='lat' dir='ltr'>in</span> <span class='ocrx_word' id='word_1_170' title='bbox 366 1347 430 1388; x_wconf 90' lang='lat' dir='ltr'>lucem</span> <span class='ocrx_word' id='word_1_171' title='bbox 440 1346 517 1397; x_wconf 90' lang='lat' dir='ltr'>editus,</span> <span class='ocrx_word' id='word_1_172' title='bbox 534 1345 578 1386; x_wconf 93' lang='lat' dir='ltr'>sine</span> <span class='ocrx_word' id='word_1_173' title='bbox 591 1346 631 1387; x_wconf 86' lang='lat' dir='ltr'>ulla</span> <span class='ocrx_word' id='word_1_174' title='bbox 642 1344 774 1401; x_wconf 83' lang='lat' dir='ltr'>turpitudine,</span> <span class='ocrx_word' id='word_1_175' title='bbox 791 1346 876 1387; x_wconf 89' lang='lat' dir='ltr'>foedita-</span> 
     </span>
     <span class='ocr_line' id='line_1_18' title="bbox 90 1411 876 1470; baseline -0.001 -14"><span class='ocrx_word' id='word_1_176' title='bbox 90 1421 121 1466; x_wconf 92' lang='lat' dir='ltr'>te,</span> <span class='ocrx_word' id='word_1_177' title='bbox 139 1414 235 1456; x_wconf 88' lang='lat' dir='ltr'>vellabc.</span> <span class='ocrx_word' id='word_1_178' title='bbox 266 1412 316 1456; x_wconf 91' lang='lat' dir='ltr'>Post</span> <span class='ocrx_word' id='word_1_179' title='bbox 327 1414 376 1456; x_wconf 88' lang='lat' dir='ltr'>haee</span> <span class='ocrx_word' id='word_1_180' title='bbox 389 1415 496 1465; x_wconf 88' lang='lat' dir='ltr'>educatus,</span> <span class='ocrx_word' id='word_1_181' title='bbox 518 1411 728 1470; x_wconf 83' lang='lat' dir='ltr'>atqucaSymeone,</span> <span class='ocrx_word' id='word_1_182' title='bbox 752 1412 876 1456; x_wconf 83' lang='lat' dir='ltr'>etAuuain</span> 
     </span>
     <span class='ocr_line' id='line_1_19' title="bbox 90 1480 875 1538; baseline -0.001 -14"><span class='ocrx_word' id='word_1_183' title='bbox 90 1482 141 1524; x_wconf 89' lang='lat' dir='ltr'>ulnis</span> <span class='ocrx_word' id='word_1_184' title='bbox 152 1489 241 1538; x_wconf 86' lang='lat' dir='ltr'>gestatus</span> <span class='ocrx_word' id='word_1_185' title='bbox 252 1480 336 1524; x_wconf 85' lang='lat' dir='ltr'>aMaria</span> <span class='ocrx_word' id='word_1_186' title='bbox 347 1490 444 1538; x_wconf 90' lang='lat' dir='ltr'>portatus,</span> <span class='ocrx_word' id='word_1_187' title='bbox 457 1482 496 1523; x_wconf 86' lang='lat' dir='ltr'>iter</span> <span class='ocrx_word' id='word_1_188' title='bbox 507 1488 575 1537; x_wconf 90' lang='lat' dir='ltr'>postea</span> <span class='ocrx_word' id='word_1_189' title='bbox 585 1481 666 1538; x_wconf 89' lang='lat' dir='ltr'>pedibus</span> <span class='ocrx_word' id='word_1_190' title='bbox 677 1482 771 1534; x_wconf 83' lang='lat' dir='ltr'>confecit,</span> <span class='ocrx_word' id='word_1_191' title='bbox 787 1483 875 1538; x_wconf 88' lang='lat' dir='ltr'>peregri·</span> 
     </span>
     <span class='ocr_line' id='line_1_20' title="bbox 90 1550 875 1608; baseline 0 -15"><span class='ocrx_word' id='word_1_192' title='bbox 90 1558 203 1604; x_wconf 88' lang='lat' dir='ltr'>natusest,</span> <span class='ocrx_word' id='word_1_193' title='bbox 219 1552 243 1593; x_wconf 92' lang='lat' dir='ltr'>ad</span> <span class='ocrx_word' id='word_1_194' title='bbox 257 1551 359 1608; x_wconf 89' lang='lat' dir='ltr'>pueritiam</span> <span class='ocrx_word' id='word_1_195' title='bbox 372 1550 476 1608; x_wconf 89' lang='lat' dir='ltr'>pervenit,</span> <span class='ocrx_word' id='word_1_196' title='bbox 493 1557 559 1592; x_wconf 89' lang='lat' dir='ltr'>aetate</span> <span class='ocrx_word' id='word_1_197' title='bbox 571 1551 713 1592; x_wconf 87' lang='lat' dir='ltr'>corroboratus</span> <span class='ocrx_word' id='word_1_198' title='bbox 724 1557 766 1602; x_wconf 87' lang='lat' dir='ltr'>est,</span> <span class='ocrx_word' id='word_1_199' title='bbox 789 1550 875 1593; x_wconf 84' lang='lat' dir='ltr'>humana</span> 
     </span>
     <span class='ocr_line' id='line_1_21' title="bbox 89 1619 875 1676; baseline 0.003 -16"><span class='ocrx_word' id='word_1_200' title='bbox 89 1619 141 1662; x_wconf 90' lang='lat' dir='ltr'>inse</span> <span class='ocrx_word' id='word_1_201' title='bbox 153 1620 219 1662; x_wconf 87' lang='lat' dir='ltr'>omnia</span> <span class='ocrx_word' id='word_1_202' title='bbox 231 1621 319 1676; x_wconf 88' lang='lat' dir='ltr'>perfecte</span> <span class='ocrx_word' id='word_1_203' title='bbox 331 1620 410 1671; x_wconf 88' lang='lat' dir='ltr'>habuit,</span> <span class='ocrx_word' id='word_1_204' title='bbox 434 1633 531 1661; x_wconf 89' lang='lat' dir='ltr'>annornm</span> <span class='ocrx_word' id='word_1_205' title='bbox 547 1620 684 1675; x_wconf 84' lang='lat' dir='ltr'>mensiumque</span> <span class='ocrx_word' id='word_1_206' title='bbox 701 1634 784 1660; x_wconf 91' lang='lat' dir='ltr'>numero</span> <span class='ocrx_word' id='word_1_207' title='bbox 802 1634 875 1662; x_wconf 89' lang='lat' dir='ltr'>census</span> 
     </span>
     <span class='ocr_line' id='line_1_22' title="bbox 89 1687 873 1744; baseline 0 -14"><span class='ocrx_word' id='word_1_208' title='bbox 89 1695 128 1739; x_wconf 90' lang='lat' dir='ltr'>est,</span> <span class='ocrx_word' id='word_1_209' title='bbox 144 1688 164 1730; x_wconf 94' lang='lat' dir='ltr'>in</span> <span class='ocrx_word' id='word_1_210' title='bbox 176 1687 304 1744; x_wconf 84' lang='lat' dir='ltr'>praegnantis</span> <span class='ocrx_word' id='word_1_211' title='bbox 315 1695 372 1730; x_wconf 89' lang='lat' dir='ltr'>utero</span> <span class='ocrx_word' id='word_1_212' title='bbox 383 1694 481 1744; x_wconf 86' lang='lat' dir='ltr'>gestatus,</span> <span class='ocrx_word' id='word_1_213' title='bbox 492 1689 562 1743; x_wconf 74' lang='lat' dir='ltr'>scente</span> <span class='ocrx_word' id='word_1_214' title='bbox 574 1691 684 1737; x_wconf 75' lang='lat' dir='ltr'>emecliere,</span> <span class='ocrx_word' id='word_1_215' title='bbox 700 1690 766 1743; x_wconf 75' lang='lat' dir='ltr'>soctan</span> <span class='ocrx_word' id='word_1_216' title='bbox 775 1690 812 1729; x_wconf 83' lang='lat' dir='ltr'>snb</span> <span class='ocrx_word' id='word_1_217' title='bbox 824 1691 873 1742; x_wconf 83' lang='lat' dir='ltr'>lege.</span> 
     </span>
    </p>

    <p class='ocr_par' dir='ltr' id='par_1_3' title="bbox 88 1756 978 3055">
     <span class='ocr_line' id='line_1_23' title="bbox 89 1756 970 1814; baseline -0.001 -15"><span class='ocrx_word' id='word_1_218' title='bbox 89 1756 167 1799; x_wconf 87' lang='lat' dir='ltr'>Deinde</span> <span class='ocrx_word' id='word_1_219' title='bbox 178 1758 202 1798; x_wconf 92' lang='lat' dir='ltr'>ad</span> <span class='ocrx_word' id='word_1_220' title='bbox 214 1756 319 1799; x_wconf 90' lang='lat' dir='ltr'>lordanem</span> <span class='ocrx_word' id='word_1_221' title='bbox 333 1758 434 1813; x_wconf 89' lang='lat' dir='ltr'>profectus</span> <span class='ocrx_word' id='word_1_222' title='bbox 452 1763 495 1808; x_wconf 90' lang='lat' dir='ltr'>est,</span> <span class='ocrx_word' id='word_1_223' title='bbox 519 1756 630 1813; x_wconf 84' lang='lat' dir='ltr'>ibidemque</span> <span class='ocrx_word' id='word_1_224' title='bbox 642 1771 654 1799; x_wconf 87' lang='lat' dir='ltr'>a</span> <span class='ocrx_word' id='word_1_225' title='bbox 664 1756 740 1799; x_wconf 88' lang='lat' dir='ltr'>loanne</span> <span class='ocrx_word' id='word_1_226' title='bbox 750 1757 872 1814; x_wconf 89' lang='lat' dir='ltr'>baptizatus,</span> <span class='ocrx_word' id='word_1_227' title='bbox 888 1768 924 1799; x_wconf 80' lang='lat' dir='ltr'>eat.</span> <span class='ocrx_word' id='word_1_228' title='bbox 933 1769 947 1807; x_wconf 82' lang='grc' dir='ltr'><strong>ι,</strong></span> <span class='ocrx_word' id='word_1_229' title='bbox 956 1769 970 1798; x_wconf 79' lang='lat' dir='ltr'>u</span> 
     </span>
     <span class='ocr_line' id='line_1_24' title="bbox 90 1825 875 1883; baseline 0.001 -15"><span class='ocrx_word' id='word_1_230' title='bbox 90 1840 133 1867; x_wconf 92' lang='lat' dir='ltr'>cum</span> <span class='ocrx_word' id='word_1_231' title='bbox 149 1826 224 1868; x_wconf 89' lang='lat' dir='ltr'>lotione</span> <span class='ocrx_word' id='word_1_232' title='bbox 240 1826 289 1867; x_wconf 90' lang='lat' dir='ltr'>nihil</span> <span class='ocrx_word' id='word_1_233' title='bbox 306 1840 355 1882; x_wconf 91' lang='lat' dir='ltr'>opus</span> <span class='ocrx_word' id='word_1_234' title='bbox 370 1826 466 1878; x_wconf 85' lang='lat' dir='ltr'>haberet,</span> <span class='ocrx_word' id='word_1_235' title='bbox 488 1825 524 1867; x_wconf 90' lang='lat' dir='ltr'>sed</span> <span class='ocrx_word' id='word_1_236' title='bbox 535 1833 591 1868; x_wconf 88' lang='lat' dir='ltr'>ntea</span> <span class='ocrx_word' id='word_1_237' title='bbox 603 1840 653 1883; x_wconf 91' lang='lat' dir='ltr'>quae</span> <span class='ocrx_word' id='word_1_238' title='bbox 669 1833 773 1883; x_wconf 85' lang='lat' dir='ltr'>susceptae</span> <span class='ocrx_word' id='word_1_239' title='bbox 790 1826 875 1869; x_wconf 92' lang='lat' dir='ltr'>hominis</span> 
     </span>
     <span class='ocr_line' id='line_1_25' title="bbox 90 1894 875 1953; baseline 0.003 -17"><span class='ocrx_word' id='word_1_240' title='bbox 90 1902 172 1938; x_wconf 87' lang='lat' dir='ltr'>naturae</span> <span class='ocrx_word' id='word_1_241' title='bbox 188 1902 323 1937; x_wconf 86' lang='lat' dir='ltr'>consentanea</span> <span class='ocrx_word' id='word_1_242' title='bbox 341 1902 387 1938; x_wconf 89' lang='lat' dir='ltr'>suut</span> <span class='ocrx_word' id='word_1_243' title='bbox 398 1902 502 1949; x_wconf 89' lang='lat' dir='ltr'>servaret,</span> <span class='ocrx_word' id='word_1_244' title='bbox 523 1894 611 1938; x_wconf 89' lang='lat' dir='ltr'>iustitiae</span> <span class='ocrx_word' id='word_1_245' title='bbox 627 1897 691 1952; x_wconf 85' lang='lat' dir='ltr'>legem</span> <span class='ocrx_word' id='word_1_246' title='bbox 709 1895 827 1953; x_wconf 89' lang='lat' dir='ltr'>perturbare</span> <span class='ocrx_word' id='word_1_247' title='bbox 839 1911 875 1938; x_wconf 91' lang='lat' dir='ltr'>no-</span> 
     </span>
     <span class='ocr_line' id='line_1_26' title="bbox 89 1964 874 2022; baseline 0.003 -16"><span class='ocrx_word' id='word_1_248' title='bbox 89 1964 136 2017; x_wconf 89' lang='lat' dir='ltr'>luit,</span> <span class='ocrx_word' id='word_1_249' title='bbox 157 1973 181 2006; x_wconf 84' lang='lat' dir='ltr'>ut</span> <span class='ocrx_word' id='word_1_250' title='bbox 192 1967 313 2019; x_wconf 74' lang='lat' dir='ltr'>amputaretur,</span> <span class='ocrx_word' id='word_1_251' title='bbox 326 1965 488 2021; x_wconf 89' lang='lat' dir='ltr'>quemadmodum</span> <span class='ocrx_word' id='word_1_252' title='bbox 498 1964 540 2022; x_wconf 92' lang='lat' dir='ltr'>ipse</span> <span class='ocrx_word' id='word_1_253' title='bbox 554 1965 613 2019; x_wconf 85' lang='lat' dir='ltr'>dicit,</span> <span class='ocrx_word' id='word_1_254' title='bbox 637 1969 793 2015; x_wconf 71' lang='lat' dir='ltr'>omnzhthstitth&#39;,</span> <span class='ocrx_word' id='word_1_255' title='bbox 815 1972 874 2022; x_wconf 87' lang='lat' dir='ltr'>atque</span> 
     </span>
     <span class='ocr_line' id='line_1_27' title="bbox 88 2033 978 2091; baseline 0.002 -16"><span class='ocrx_word' id='word_1_256' title='bbox 88 2047 156 2077; x_wconf 89' lang='lat' dir='ltr'>veram</span> <span class='ocrx_word' id='word_1_257' title='bbox 167 2049 179 2077; x_wconf 93' lang='lat' dir='ltr'>a</span> <span class='ocrx_word' id='word_1_258' title='bbox 191 2049 213 2077; x_wconf 90' lang='lat' dir='ltr'>se</span> <span class='ocrx_word' id='word_1_259' title='bbox 224 2048 304 2076; x_wconf 88' lang='lat' dir='ltr'>carnem</span> <span class='ocrx_word' id='word_1_260' title='bbox 316 2047 423 2090; x_wconf 89' lang='lat' dir='ltr'>veramque</span> <span class='ocrx_word' id='word_1_261' title='bbox 434 2033 518 2075; x_wconf 89' lang='lat' dir='ltr'>hominis</span> <span class='ocrx_word' id='word_1_262' title='bbox 530 2043 621 2076; x_wconf 87' lang='lat' dir='ltr'>naturam</span> <span class='ocrx_word' id='word_1_263' title='bbox 634 2041 746 2091; x_wconf 89' lang='lat' dir='ltr'>susceptam</span> <span class='ocrx_word' id='word_1_264' title='bbox 760 2046 978 2085; x_wconf 77' lang='lat' dir='ltr'>essemou-iuann.c‚15.</span> 
     </span>
     <span class='ocr_line' id='line_1_28' title="bbox 89 2101 875 2160; baseline 0.001 -15"><span class='ocrx_word' id='word_1_265' title='bbox 89 2109 170 2146; x_wconf 90' lang='lat' dir='ltr'>straret.</span> <span class='ocrx_word' id='word_1_266' title='bbox 202 2101 266 2159; x_wconf 87' lang='lat' dir='ltr'>lgitur</span> <span class='ocrx_word' id='word_1_267' title='bbox 276 2103 299 2145; x_wconf 93' lang='lat' dir='ltr'>ad</span> <span class='ocrx_word' id='word_1_268' title='bbox 313 2116 374 2158; x_wconf 90' lang='lat' dir='ltr'>aquas</span> <span class='ocrx_word' id='word_1_269' title='bbox 395 2102 510 2156; x_wconf 89' lang='lat' dir='ltr'>descendit,</span> <span class='ocrx_word' id='word_1_270' title='bbox 530 2103 558 2145; x_wconf 90' lang='lat' dir='ltr'>ita</span> <span class='ocrx_word' id='word_1_271' title='bbox 572 2110 638 2146; x_wconf 89' lang='lat' dir='ltr'>tamen</span> <span class='ocrx_word' id='word_1_272' title='bbox 652 2111 674 2146; x_wconf 91' lang='lat' dir='ltr'>ut</span> <span class='ocrx_word' id='word_1_273' title='bbox 686 2105 787 2146; x_wconf 90' lang='lat' dir='ltr'>conferret</span> <span class='ocrx_word' id='word_1_274' title='bbox 802 2103 875 2160; x_wconf 90' lang='lat' dir='ltr'>aliquid</span> 
     </span>
     <span class='ocr_line' id='line_1_29' title="bbox 90 2171 875 2229; baseline 0.001 -15"><span class='ocrx_word' id='word_1_275' title='bbox 90 2171 225 2229; x_wconf 90' lang='lat' dir='ltr'>potiusquam</span> <span class='ocrx_word' id='word_1_276' title='bbox 239 2172 352 2229; x_wconf 90' lang='lat' dir='ltr'>acciperet,</span> <span class='ocrx_word' id='word_1_277' title='bbox 369 2172 476 2228; x_wconf 85' lang='lat' dir='ltr'>largiretur</span> <span class='ocrx_word' id='word_1_278' title='bbox 489 2172 552 2229; x_wconf 89' lang='lat' dir='ltr'>magis</span> <span class='ocrx_word' id='word_1_279' title='bbox 565 2187 623 2228; x_wconf 91' lang='lat' dir='ltr'>quam</span> <span class='ocrx_word' id='word_1_280' title='bbox 634 2173 664 2214; x_wconf 89' lang='lat' dir='ltr'>rei</span> <span class='ocrx_word' id='word_1_281' title='bbox 677 2173 785 2229; x_wconf 88' lang='lat' dir='ltr'>cuiuspiam</span> <span class='ocrx_word' id='word_1_282' title='bbox 798 2173 875 2228; x_wconf 85' lang='lat' dir='ltr'>indige-</span> 
     </span>
     <span class='ocr_line' id='line_1_30' title="bbox 89 2240 874 2298; baseline 0.003 -16"><span class='ocrx_word' id='word_1_283' title='bbox 89 2248 127 2282; x_wconf 89' lang='lat' dir='ltr'>ret.</span> <span class='ocrx_word' id='word_1_284' title='bbox 160 2240 237 2298; x_wconf 76' lang='lat' dir='ltr'>Quippe</span> <span class='ocrx_word' id='word_1_285' title='bbox 254 2241 333 2282; x_wconf 88' lang='lat' dir='ltr'>easdem</span> <span class='ocrx_word' id='word_1_286' title='bbox 346 2240 391 2283; x_wconf 92' lang='lat' dir='ltr'>illas</span> <span class='ocrx_word' id='word_1_287' title='bbox 403 2253 464 2297; x_wconf 82' lang='lat' dir='ltr'>aquas</span> <span class='ocrx_word' id='word_1_288' title='bbox 478 2256 514 2283; x_wconf 92' lang='lat' dir='ltr'>sna</span> <span class='ocrx_word' id='word_1_289' title='bbox 525 2242 570 2283; x_wconf 91' lang='lat' dir='ltr'>luce</span> <span class='ocrx_word' id='word_1_290' title='bbox 582 2241 718 2293; x_wconf 89' lang='lat' dir='ltr'>collustravit,</span> <span class='ocrx_word' id='word_1_291' title='bbox 739 2249 760 2283; x_wconf 88' lang='lat' dir='ltr'>et</span> <span class='ocrx_word' id='word_1_292' title='bbox 769 2242 794 2283; x_wconf 88' lang='lat' dir='ltr'>ad</span> <span class='ocrx_word' id='word_1_293' title='bbox 804 2256 874 2284; x_wconf 90' lang='lat' dir='ltr'>eornm</span> 
     </span>
     <span class='ocr_line' id='line_1_31' title="bbox 89 2310 874 2366; baseline 0.003 -15"><span class='ocrx_word' id='word_1_294' title='bbox 89 2323 139 2365; x_wconf 91' lang='lat' dir='ltr'>qnae</span> <span class='ocrx_word' id='word_1_295' title='bbox 150 2311 171 2352; x_wconf 88' lang='lat' dir='ltr'>in</span> <span class='ocrx_word' id='word_1_296' title='bbox 184 2324 230 2352; x_wconf 88' lang='lat' dir='ltr'>sese</span> <span class='ocrx_word' id='word_1_297' title='bbox 244 2310 363 2366; x_wconf 81' lang='lat' dir='ltr'>perficienda</span> <span class='ocrx_word' id='word_1_298' title='bbox 377 2317 447 2362; x_wconf 91' lang='lat' dir='ltr'>erant,</span> <span class='ocrx_word' id='word_1_299' title='bbox 470 2311 623 2353; x_wconf 89' lang='lat' dir='ltr'>adumbrandam</span> <span class='ocrx_word' id='word_1_300' title='bbox 637 2310 755 2366; x_wconf 86' lang='lat' dir='ltr'>imaginem,</span> <span class='ocrx_word' id='word_1_301' title='bbox 777 2312 874 2366; x_wconf 88' lang='lat' dir='ltr'>quandam</span> 
     </span>
     <span class='ocr_line' id='line_1_32' title="bbox 88 2378 875 2436; baseline 0.005 -17"><span class='ocrx_word' id='word_1_302' title='bbox 88 2378 127 2420; x_wconf 87' lang='lat' dir='ltr'>vim</span> <span class='ocrx_word' id='word_1_303' title='bbox 140 2379 179 2422; x_wconf 92' lang='lat' dir='ltr'>illis</span> <span class='ocrx_word' id='word_1_304' title='bbox 189 2379 295 2436; x_wconf 91' lang='lat' dir='ltr'>impertiit,</span> <span class='ocrx_word' id='word_1_305' title='bbox 317 2385 338 2421; x_wconf 91' lang='lat' dir='ltr'>nt</span> <span class='ocrx_word' id='word_1_306' title='bbox 350 2379 383 2436; x_wconf 89' lang='lat' dir='ltr'>qui</span> <span class='ocrx_word' id='word_1_307' title='bbox 394 2379 432 2436; x_wconf 90' lang='lat' dir='ltr'>ipsi</span> <span class='ocrx_word' id='word_1_308' title='bbox 442 2394 514 2421; x_wconf 91' lang='lat' dir='ltr'>revera</span> <span class='ocrx_word' id='word_1_309' title='bbox 527 2380 646 2432; x_wconf 91' lang='lat' dir='ltr'>crederent,</span> <span class='ocrx_word' id='word_1_310' title='bbox 668 2395 691 2422; x_wconf 90' lang='lat' dir='ltr'>ac</span> <span class='ocrx_word' id='word_1_311' title='bbox 703 2380 795 2424; x_wconf 85' lang='lat' dir='ltr'>veritatis</span> <span class='ocrx_word' id='word_1_312' title='bbox 806 2387 875 2423; x_wconf 87' lang='lat' dir='ltr'>essent</span> 
     </span>
     <span class='ocr_line' id='line_1_33' title="bbox 89 2447 875 2504; baseline 0.005 -17"><span class='ocrx_word' id='word_1_313' title='bbox 89 2447 126 2489; x_wconf 88' lang='lat' dir='ltr'>lide</span> <span class='ocrx_word' id='word_1_314' title='bbox 137 2448 232 2504; x_wconf 91' lang='lat' dir='ltr'>praediti,</span> <span class='ocrx_word' id='word_1_315' title='bbox 254 2448 390 2503; x_wconf 83' lang='lat' dir='ltr'>intelligerent</span> <span class='ocrx_word' id='word_1_316' title='bbox 402 2463 441 2490; x_wconf 90' lang='lat' dir='ltr'>non</span> <span class='ocrx_word' id='word_1_317' title='bbox 457 2448 512 2490; x_wconf 90' lang='lat' dir='ltr'>illum</span> <span class='ocrx_word' id='word_1_318' title='bbox 528 2448 572 2490; x_wconf 90' lang='lat' dir='ltr'>ficte</span> <span class='ocrx_word' id='word_1_319' title='bbox 590 2449 695 2491; x_wconf 87' lang='lat' dir='ltr'>humanam</span> <span class='ocrx_word' id='word_1_320' title='bbox 711 2449 800 2491; x_wconf 89' lang='lat' dir='ltr'>induisse</span> <span class='ocrx_word' id='word_1_321' title='bbox 817 2457 875 2492; x_wconf 91' lang='lat' dir='ltr'>natu-</span> 
     </span>
     <span class='ocr_line' id='line_1_34' title="bbox 89 2516 875 2576; baseline 0.005 -19"><span class='ocrx_word' id='word_1_322' title='bbox 89 2529 144 2569; x_wconf 90' lang='lat' dir='ltr'>ram,</span> <span class='ocrx_word' id='word_1_323' title='bbox 168 2530 232 2572; x_wconf 89' lang='lat' dir='ltr'>neque</span> <span class='ocrx_word' id='word_1_324' title='bbox 250 2516 295 2558; x_wconf 79' lang='lat' dir='ltr'>ficte</span> <span class='ocrx_word' id='word_1_325' title='bbox 312 2530 356 2558; x_wconf 87' lang='lat' dir='ltr'>esse</span> <span class='ocrx_word' id='word_1_326' title='bbox 374 2517 430 2573; x_wconf 90' lang='lat' dir='ltr'>aquis</span> <span class='ocrx_word' id='word_1_327' title='bbox 445 2517 562 2559; x_wconf 89' lang='lat' dir='ltr'>intinctum:</span> <span class='ocrx_word' id='word_1_328' title='bbox 584 2519 693 2574; x_wconf 84' lang='lat' dir='ltr'>eademque</span> <span class='ocrx_word' id='word_1_329' title='bbox 710 2525 730 2559; x_wconf 90' lang='lat' dir='ltr'>et</span> <span class='ocrx_word' id='word_1_330' title='bbox 743 2518 780 2576; x_wconf 90' lang='lat' dir='ltr'>ipsi</span> <span class='ocrx_word' id='word_1_331' title='bbox 796 2519 875 2561; x_wconf 88' lang='lat' dir='ltr'>ratione</span> 
     </span>
     <span class='ocr_line' id='line_1_35' title="bbox 89 2585 874 2641; baseline 0.008 -16"><span class='ocrx_word' id='word_1_332' title='bbox 89 2598 124 2639; x_wconf 92' lang='lat' dir='ltr'>per</span> <span class='ocrx_word' id='word_1_333' title='bbox 140 2599 183 2628; x_wconf 88' lang='lat' dir='ltr'>eam</span> <span class='ocrx_word' id='word_1_334' title='bbox 202 2600 259 2641; x_wconf 89' lang='lat' dir='ltr'>quam</span> <span class='ocrx_word' id='word_1_335' title='bbox 274 2585 307 2626; x_wconf 92' lang='lat' dir='ltr'>ille</span> <span class='ocrx_word' id='word_1_336' title='bbox 329 2600 376 2641; x_wconf 90' lang='lat' dir='ltr'>prae</span> <span class='ocrx_word' id='word_1_337' title='bbox 397 2600 419 2628; x_wconf 91' lang='lat' dir='ltr'>se</span> <span class='ocrx_word' id='word_1_338' title='bbox 437 2587 510 2628; x_wconf 89' lang='lat' dir='ltr'>tulerat</span> <span class='ocrx_word' id='word_1_339' title='bbox 529 2587 730 2630; x_wconf 85' lang='lat' dir='ltr'>accommodationem</span> <span class='ocrx_word' id='word_1_340' title='bbox 746 2589 874 2640; x_wconf 89' lang='lat' dir='ltr'>accedentes,</span> 
     </span>
     <span class='ocr_line' id='line_1_36' title="bbox 88 2652 876 2712; baseline 0.008 -20"><span class='ocrx_word' id='word_1_341' title='bbox 88 2652 170 2696; x_wconf 90' lang='lat' dir='ltr'>inditam</span> <span class='ocrx_word' id='word_1_342' title='bbox 181 2654 234 2696; x_wconf 90' lang='lat' dir='ltr'>illius</span> <span class='ocrx_word' id='word_1_343' title='bbox 247 2654 379 2695; x_wconf 90' lang='lat' dir='ltr'>descensione</span> <span class='ocrx_word' id='word_1_344' title='bbox 391 2654 431 2697; x_wconf 91' lang='lat' dir='ltr'>vim</span> <span class='ocrx_word' id='word_1_345' title='bbox 442 2656 462 2696; x_wconf 90' lang='lat' dir='ltr'>in</span> <span class='ocrx_word' id='word_1_346' title='bbox 475 2669 521 2697; x_wconf 93' lang='lat' dir='ltr'>sese</span> <span class='ocrx_word' id='word_1_347' title='bbox 531 2656 666 2707; x_wconf 86' lang='lat' dir='ltr'>transferant,</span> <span class='ocrx_word' id='word_1_348' title='bbox 688 2656 816 2712; x_wconf 87' lang='lat' dir='ltr'>eiusdemque</span> <span class='ocrx_word' id='word_1_349' title='bbox 830 2657 876 2698; x_wconf 90' lang='lat' dir='ltr'>lnce</span> 
     </span>
     <span class='ocr_line' id='line_1_37' title="bbox 89 2722 875 2780; baseline 0.006 -19"><span class='ocrx_word' id='word_1_350' title='bbox 89 2722 241 2775; x_wconf 77' lang='lat' dir='ltr'>perfundantur,</span> <span class='ocrx_word' id='word_1_351' title='bbox 254 2736 293 2777; x_wconf 89' lang='lat' dir='ltr'>qno</span> <span class='ocrx_word' id='word_1_352' title='bbox 305 2722 441 2777; x_wconf 90' lang='lat' dir='ltr'>propheticum</span> <span class='ocrx_word' id='word_1_353' title='bbox 454 2724 559 2780; x_wconf 89' lang='lat' dir='ltr'>impleatur</span> <span class='ocrx_word' id='word_1_354' title='bbox 570 2724 683 2776; x_wconf 87' lang='lat' dir='ltr'>oraculum,</span> <span class='ocrx_word' id='word_1_355' title='bbox 699 2728 734 2766; x_wconf 85' lang='lat' dir='ltr'>Ad</span> <span class='ocrx_word' id='word_1_356' title='bbox 740 2728 875 2766; x_wconf 70' lang='lat' dir='ltr'>annotandum</span> 
     </span>
     <span class='ocr_line' id='line_1_38' title="bbox 89 2791 875 2847; baseline 0.009 -20"><span class='ocrx_word' id='word_1_357' title='bbox 89 2791 177 2832; x_wconf 84' lang='lat' dir='ltr'>vz&#39;rtutem</span> <span class='ocrx_word' id='word_1_358' title='bbox 183 2822 189 2840; x_wconf 94' lang='lat'>,</span> <span class='ocrx_word' id='word_1_359' title='bbox 206 2793 382 2844; x_wconf 73' lang='lat' dir='ltr'>concitandumque</span> <span class='ocrx_word' id='word_1_360' title='bbox 392 2794 474 2832; x_wconf 71' lang='lat' dir='ltr'>saltitem</span> <span class='ocrx_word' id='word_1_361' title='bbox 484 2808 510 2833; x_wconf 73' lang='lat' dir='ltr'>ee</span> <span class='ocrx_word' id='word_1_362' title='bbox 523 2795 558 2832; x_wconf 77' lang='lat' dir='ltr'>elle</span> <span class='ocrx_word' id='word_1_363' title='bbox 564 2795 623 2845; x_wconf 70' lang='lat' dir='ltr'>panes</span> <span class='ocrx_word' id='word_1_364' title='bbox 634 2796 716 2842; x_wconf 72' lang='lat' dir='ltr'>narnate,</span> <span class='ocrx_word' id='word_1_365' title='bbox 733 2808 782 2847; x_wconf 81' lang='lat' dir='ltr'>quae</span> <span class='ocrx_word' id='word_1_366' title='bbox 794 2796 818 2834; x_wconf 84' lang='lat' dir='ltr'>ob</span> <span class='ocrx_word' id='word_1_367' title='bbox 828 2797 875 2834; x_wconf 75' lang='lat' dir='ltr'>Hie·</span> 
     </span>
     <span class='ocr_line' id='line_1_39' title="bbox 89 2859 875 2918; baseline 0.01 -23"><span class='ocrx_word' id='word_1_368' title='bbox 89 2861 171 2900; x_wconf 83' lang='lat' dir='ltr'>rnsalem</span> <span class='ocrx_word' id='word_1_369' title='bbox 185 2862 291 2913; x_wconf 72' lang='lat' dir='ltr'>occept&#39;tnr,</span> <span class='ocrx_word' id='word_1_370' title='bbox 314 2873 444 2914; x_wconf 77' lang='lat' dir='ltr'>aquarumque</span> <span class='ocrx_word' id='word_1_371' title='bbox 456 2864 482 2901; x_wconf 77' lang='grc' dir='ltr'>υἱ.</span> <span class='ocrx_word' id='word_1_372' title='bbox 515 2860 553 2902; x_wconf 90' lang='lat' dir='ltr'>Hic</span> <span class='ocrx_word' id='word_1_373' title='bbox 569 2861 621 2902; x_wconf 87' lang='lat' dir='ltr'>enim</span> <span class='ocrx_word' id='word_1_374' title='bbox 634 2861 655 2902; x_wconf 90' lang='lat' dir='ltr'>iu</span> <span class='ocrx_word' id='word_1_375' title='bbox 667 2859 749 2904; x_wconf 88' lang='lat' dir='ltr'>Christo</span> <span class='ocrx_word' id='word_1_376' title='bbox 765 2862 822 2918; x_wconf 92' lang='lat' dir='ltr'>panis</span> <span class='ocrx_word' id='word_1_377' title='bbox 833 2862 875 2903; x_wconf 90' lang='lat' dir='ltr'>vir-</span> 
     </span>
     <span class='ocr_line' id='line_1_40' title="bbox 88 2927 873 2986; baseline 0.011 -23"><span class='ocrx_word' id='word_1_378' title='bbox 88 2930 153 2968; x_wconf 88' lang='lat' dir='ltr'>tusae</span> <span class='ocrx_word' id='word_1_379' title='bbox 165 2928 196 2970; x_wconf 85' lang='lat' dir='ltr'>vis</span> <span class='ocrx_word' id='word_1_380' title='bbox 208 2941 269 2984; x_wconf 89' lang='lat' dir='ltr'>aquae</span> <span class='ocrx_word' id='word_1_381' title='bbox 281 2927 433 2981; x_wconf 66' lang='lat' dir='ltr'>corroboratum</span> <span class='ocrx_word' id='word_1_382' title='bbox 455 2936 476 2970; x_wconf 91' lang='lat' dir='ltr'>nt</span> <span class='ocrx_word' id='word_1_383' title='bbox 494 2944 533 2971; x_wconf 88' lang='lat' dir='ltr'>nou</span> <span class='ocrx_word' id='word_1_384' title='bbox 549 2929 605 2984; x_wconf 86' lang='lat' dir='ltr'>panis</span> <span class='ocrx_word' id='word_1_385' title='bbox 622 2929 665 2986; x_wconf 92' lang='lat' dir='ltr'>ipse</span> <span class='ocrx_word' id='word_1_386' title='bbox 683 2930 709 2972; x_wconf 89' lang='lat' dir='ltr'>sit</span> <span class='ocrx_word' id='word_1_387' title='bbox 728 2930 785 2971; x_wconf 88' lang='lat' dir='ltr'>nobis</span> <span class='ocrx_word' id='word_1_388' title='bbox 800 2931 873 2985; x_wconf 84' lang='lat' dir='ltr'>virtus,</span> 
     </span>
     <span class='ocr_line' id='line_1_41' title="bbox 89 2993 874 3055; baseline 0.005 -17"><span class='ocrx_word' id='word_1_389' title='bbox 89 2993 123 3038; x_wconf 77' lang='lat' dir='ltr'>setl</span> <span class='ocrx_word' id='word_1_390' title='bbox 138 2995 202 3041; x_wconf 83' lang='lat' dir='ltr'>virtus</span> <span class='ocrx_word' id='word_1_391' title='bbox 217 3010 228 3037; x_wconf 95' lang='lat' dir='ltr'>a</span> <span class='ocrx_word' id='word_1_392' title='bbox 243 3009 293 3055; x_wconf 91' lang='lat' dir='ltr'>pane</span> <span class='ocrx_word' id='word_1_393' title='bbox 306 2995 406 3052; x_wconf 72' lang='lat' dir='ltr'>protecta,</span> <span class='ocrx_word' id='word_1_394' title='bbox 424 3011 447 3038; x_wconf 91' lang='lat' dir='ltr'>ac</span> <span class='ocrx_word' id='word_1_395' title='bbox 459 2997 515 3039; x_wconf 89' lang='lat' dir='ltr'>cibus</span> <span class='ocrx_word' id='word_1_396' title='bbox 529 2997 606 3053; x_wconf 89' lang='lat' dir='ltr'>quidem</span> <span class='ocrx_word' id='word_1_397' title='bbox 619 3005 690 3040; x_wconf 89' lang='lat' dir='ltr'>noster</span> <span class='ocrx_word' id='word_1_398' title='bbox 702 2998 757 3054; x_wconf 88' lang='lat' dir='ltr'>panis</span> <span class='ocrx_word' id='word_1_399' title='bbox 771 3005 814 3053; x_wconf 88' lang='lat' dir='ltr'>est,</span> <span class='ocrx_word' id='word_1_400' title='bbox 837 3000 874 3043; x_wconf 83' lang='lat' dir='ltr'>scd</span> 
     </span>
    </p>
   </div>
   <div class='ocr_carea' id='block_1_3' title="bbox 0 0 998 3392">
    <p class='ocr_par' dir='ltr' id='par_1_4' title="bbox 0 0 998 3392">
     <span class='ocr_line' id='line_1_42' title="bbox 0 0 998 3392; baseline 0 0"><span class='ocrx_word' id='word_1_401' title='bbox 0 0 998 3392; x_wconf 95' lang='lat' dir='ltr'> </span> 
     </span>
    </p>
   </div>
  </div>
 </body>
</html>
