1988 3392
249 213 342 247 eanann
353 214 395 247 ure.
405 215 435 247 ur.
446 214 503 248 roni.
511 215 524 248 r.
537 213 604 248 narn.
613 213 694 247 uxxvr.
821 205 864 246 319

79 295 148 357 primis
160 295 261 354 indignum
274 296 312 339 de'o
323 303 367 351 est,
389 302 410 338 ut
421 296 465 339 sine
478 297 518 340 filio
534 296 625 340 extiterit
637 296 754 353 aliquando,
775 303 816 339 turn
829 311 864 354 po-

80 375 124 410 stea
140 375 185 424 post
198 366 232 409 lilii
244 374 337 409 exortum
352 374 409 423 pater
425 368 519 424 appellari
536 368 632 425 coeperit.
665 364 763 409 Similiter
778 374 797 408 et
813 367 864 408 indi-

78 452 139 493 gnum
150 437 190 479 lilio
201 443 244 488 est,
261 435 289 477 uti
301 443 377 491 tempus
389 435 451 492 ipsius
465 438 563 492 originem
576 438 721 489 antecesserit,
737 451 863 492 consequens

79 506 132 546 euim
152 513 183 546 est
201 512 277 559 tempus
295 505 399 545 maiestate
417 505 469 546 illius
485 520 530 546 esse
547 505 618 546 maius.
649 505 677 546 Et
692 519 741 546 vcro
754 506 803 559 patri
816 520 864 546 con-

78 587 153 627 gruens
164 579 194 613 est
207 578 228 611 ut
238 571 258 611 iu
271 570 359 620 eiusdem
371 560 509 613 communione
520 573 620 628 dignitatis
630 573 746 628 participem
758 586 801 612 eum
812 587 864 614 sem-

78 653 115 696 per
125 639 215 680 babuerit
228 637 261 693 qui
273 638 365 680 desinere
376 653 473 694 nunqnam
487 646 551 694 potest
563 646 632 695 estque
643 641 783 696 sempiternus.
805 638 863 694 Qtrod

79 722 128 750 vero
147 708 185 750 deo
202 706 251 749 nibil
264 706 318 763 prius
336 708 427 749 extiterit
441 708 625 750 manifestissimum
642 716 681 751 est.
716 708 812 760 atenim,
836 708 864 749 ait

77 777 164 833 Actius,
185 778 235 821 deus
246 784 267 820 et
278 777 387 835 ingenitum
400 777 450 821 idem
464 778 545 821 omnino
558 777 679 835 significant.
710 778 787 823 Verum
804 792 862 836 qnam

78 857 146 906 aperte
157 847 285 905 semetipsum
304 848 407 904 implicans
422 857 503 891 accusat
513 851 578 906 potius
592 864 649 905 quani
662 851 732 906 dogma
746 864 804 891 suum
816 864 864 891 con-

78 918 150 961 firmet.
181 917 235 961 Nam
246 918 264 959 si
277 932 321 960 cnm
334 919 371 959 deo
383 918 432 960 deus
445 927 487 970 est,
505 926 526 960 ut
537 926 568 960 est
577 932 662 970 revera,
679 919 739 960 etiam
751 918 862 973 ingenitum

76 988 164 1043 genitum
176 988 235 1029 lilium
251 987 347 1039 admittit,
367 987 400 1042 qni
412 987 443 1028 dei
458 988 575 1029 vocabulum
595 1001 635 1028 una
648 987 796 1043 complectitur,
818 1002 861 1029 cunr

77 1062 133 1111 patre
152 1070 201 1097 vero
219 1055 278 1096 simul
290 1055 400 1111 appellatur
417 1058 437 1095 et
449 1056 589 1111 coniungitur,
613 1063 696 1097 exortus
709 1071 720 1097 a
732 1057 782 1106 deo,
803 1064 823 1096 et
833 1057 863 1097 in-

77 1130 169 1174 creatus,
186 1131 207 1164 et
217 1123 326 1163 honoratus
339 1137 383 1163 eum
396 1129 451 1177 patre
464 1124 524 1174 deus,
540 1123 632 1176 idemque
643 1123 738 1174 verbum,
755 1124 793 1162 etsi
805 1123 864 1163 aliter

78 1189 139 1231 Aetio
157 1191 260 1241 videatur,
282 1204 327 1231 cnm
345 1196 424 1231 creatae
441 1204 475 1231 res
491 1204 561 1232 oraines
577 1189 637 1230 lilium
654 1191 751 1240 adorent,
773 1197 794 1229 et
803 1194 863 1230 omnt's

79 1260 146 1312 lingua
156 1261 283 1313 confiteatur,
299 1261 387 1312 quomam
397 1260 451 1299 Iesus
461 1260 550 1299 Cdrt'strts
560 1261 580 1299 t'n
588 1260 654 1311 glorta
663 1266 693 1298 est
702 1261 736 1299 det'
740 1261 813 1313 patris,
831 1259 862 1300 cni

76 1328 141 1386 gloria
159 1329 210 1388 patri
227 1329 248 1372 in
264 1327 315 1384 lilio,
339 1344 382 1372 cum
397 1328 469 1387 spiritu
488 1336 569 1382 sancto,
592 1329 708 1373 insaecula
727 1329 860 1383 saeculorum,

76 1400 151 1443 Amen.

267 1539 328 1572 auTtt
341 1538 471 1572 SALUTaTto
484 1538 509 1571 ΙΝ
521 1538 574 1571 FlNE
586 1538 671 1572 PostTa.

133 1605 183 1648 Post
194 1607 243 1648 haec
260 1606 399 1648 salutationem
416 1606 505 1647 subtexit
520 1607 550 1647 tis
563 1606 642 1648 verbis:
667 1606 724 1649 Deus
739 1607 784 1659 ille,
807 1609 862 1663 quia

76 1674 130 1715 nullo
146 1675 185 1716 alio
201 1674 280 1729 genitus
294 1683 335 1725 est,
358 1674 429 1728 quique
447 1675 502 1715 solus
516 1688 577 1715 verus
596 1675 645 1715 deus
664 1676 689 1716 ab
704 1674 752 1718 lesu
770 1673 860 1726 Christo,

76 1755 135 1796 quem
146 1741 179 1782 ille
192 1741 283 1792 miserat,
300 1741 409 1796 appellatus
424 1747 462 1792 est,
479 1738 561 1781 Christo
571 1739 664 1795 inquam,
681 1743 713 1796 qui
727 1756 799 1783 revera
813 1750 860 1783 ante
890 1774 892 1777 .

77 1809 159 1851 saecula
176 1809 242 1851 omnia
259 1808 337 1860 extitit,
359 1817 428 1864 estque
445 1809 488 1850 sine
504 1809 563 1850 dnbio
575 1809 642 1863 genita
656 1810 778 1862 substantia,
801 1825 862 1852 sanos

78 1893 127 1933 vos,
148 1886 169 1922 et
179 1892 250 1932 sanas,
272 1885 293 1921 et
305 1878 415 1922 incolumes
429 1877 452 1921 ab
464 1876 565 1937 impietate
578 1878 688 1933 custodiat,
709 1883 729 1922 in
742 1881 818 1922 Christo
829 1883 863 1922 do-

77 1953 128 1992 mino
140 1959 218 2001 nostro,
235 1964 271 2008 per
281 1965 339 2007 quem
351 1950 415 1993 omnis
425 1949 489 2007 gloria
504 1950 567 2008 patri,
584 1957 605 1993 et
619 1965 684 2004 nuuc,
701 1958 721 1994 et
736 1964 827 2009 semper,
843 1959 864 1995 et

77 2020 98 2062 in
113 2022 194 2064 saecula
208 2021 344 2073 saeculorum,
360 2020 434 2062 Amen.

135 2087 259 2133 Corrfutatio.
291 2087 333 2132 Sub
345 2088 435 2145 opusculi
446 2089 505 2130 finem
521 2089 546 2130 od
558 2088 637 2131 sodales
651 2103 700 2131 suos
712 2089 803 2132 scribens
819 2090 862 2133 Ae·-

77 2159 128 2211 tins,
150 2161 201 2214 quod
214 2158 298 2200 athletas
311 2165 331 2199 et
342 2157 446 2199 athletrias
461 2157 562 2210 nominat,
583 2171 608 2198 ne
619 2164 659 2198 tum
672 2158 749 2212 quidem
762 2158 786 2198 ab
797 2159 862 2215 impiis

77 2227 161 2269 vocibus
177 2227 284 2278 abstinuit,
306 2226 374 2268 sedin
386 2226 517 2267 valedicendo
533 2239 611 2281 quoque
629 2225 737 2268 abhorrere
749 2239 771 2267 se
784 2226 809 2267 ab
820 2227 861 2268 sin-

78 2308 124 2336 cera
141 2296 230 2336 doctrina
243 2294 369 2335 monstravit.
401 2291 436 2334 Sic
449 2293 501 2333 enim
513 2294 612 2347 loquitur:
634 2296 697 2333 Sanos
707 2309 740 2334 ros
751 2297 863 2334 occulentes

77 2366 113 2415 qaz'
121 2370 150 2401 est
159 2377 172 2402 a
181 2377 202 2402 se
210 2365 289 2413 genam
298 2364 345 2400 deam
356 2363 461 2400 custodat.-
484 2356 523 2400 nec
531 2360 578 2400 illud
590 2360 741 2413 animadvertit,
765 2368 826 2402 totam
839 2362 863 2402 il—

77 2429 117 2472 lam
128 2444 217 2486 sparsum
230 2444 242 2470 a
253 2443 276 2470 se
288 2428 424 2484 quaestionem
438 2442 477 2469 una
490 2441 541 2469 voce
553 2426 647 2480 dissolvi,
665 2443 709 2470 cum
723 2430 743 2470 in
754 2430 863 2486 superiori-

77 2499 115 2544 bus
131 2499 227 2559 capitibus
239 2499 263 2542 de
279 2498 369 2557 ingenito
385 2499 422 2541 deo
433 2498 516 2556 loquens
527 2511 651 2555 nequaquam
664 2513 675 2541 a
687 2499 753 2558 seipso
766 2499 809 2543 lieri
821 2507 862 2543 sta-

77 2571 150 2624 tuerit,
172 2571 209 2613 boc
226 2584 275 2612 vero
290 2571 335 2612 loco
349 2571 438 2627 aseipso
454 2570 543 2626 genitum
561 2568 652 2611 affirmet.
684 2569 792 2626 Quaelibet
809 2572 861 2613 enirn

78 2641 163 2684 hominis
173 2654 230 2683 mens
240 2642 270 2682 sui
283 2639 344 2697 ipsius
355 2640 490 2693 obliviscitur,
507 2640 560 2682 utin
571 2652 641 2680 errore
655 2639 775 2696 deprehendi
789 2642 860 2697 possit.

78 2710 140 2752 Addit
163 2716 278 2767 praeterea,
307 2712 346 2760 (lai
363 2718 384 2749 et
400 2711 454 2749 sotim
472 2717 575 2762 propterea
598 2723 655 2748 verus
676 2712 722 2750 deas
742 2712 858 2763 appellatur.

100 2801 117 2836 3.
129 2801 183 2847 κυρίῳ
195 2810 250 2842 supra.
480 2800 525 2832 tibus
536 2799 558 2832 de
566 2797 642 2841 ingenito
655 2799 699 2841 deo,
715 2799 801 2832 Praevidit
811 2800 861 2834 etiam

100 2846 117 2880 4-
130 2847 166 2892 {leui
178 2846 209 2881 καὶ
216 2848 263 2879 obest
273 2855 329 2886 snpra.
480 2845 527 2889 quod
536 2855 590 2888 neque
600 2843 673 2887 seipsum
683 2845 725 2878 fecit
734 2849 767 2879 cett.
783 2848 861 2879 Inducen-

100 2892 116 2924 5.
128 2893 196 2933 nepote,
207 2892 250 2931 onoc
261 2892 329 2931 eccidit,
340 2889 370 2924 καὶ
382 2886 415 2924 ἀεὶ.
439 2892 456 2924 V.
480 2892 519 2923 dom
535 2892 585 2931 igetur
600 2898 632 2921 esse
649 2893 713 2930 putavit
726 2893 825 2931 negationem
840 2888 860 2925 οὗ

77 2946 126 2977 supro
137 2946 176 2977 pap.
185 2935 226 2970 930.
236 2939 251 2968 et
261 2936 305 2976 infre
315 2945 354 2976 pap.
361 2933 401 2968 dec.
480 2939 516 2968 onte
528 2934 574 2968 tect.

101 2979 118 3014 (i.
130 2981 185 3020 Supra
195 2989 233 3020 pop.
241 2977 280 3012 924.
503 2980 519 3012 a.
531 2975 579 3013 danto
590 2978 624 3010 cod.
631 2979 704 3020 enecta,
715 2980 757 3020 qnod
765 2989 820 3012 voum
829 2989 862 3013 esse

101 3024 118 3059 i.
135 3026 190 3065 Supra
206 3034 242 3066 cop.
258 3024 282 3058 13.
312 3026 397 3058 Carnarius
412 3026 458 3056 vertit
480 3025 546 3057 uidetur.

79 3083 117 3106 eum
130 3070 174 3103 enim
186 3070 247 3103 dixerit
258 3070 276 3102 in
287 3070 400 3116 superioribus
410 3069 458 3115 eapi-
