<?xml version="1.0" encoding="UTF-8"?>
<!DOCTYPE html PUBLIC "-//W3C//DTD XHTML 1.0 Transitional//EN"
    "http://www.w3.org/TR/xhtml1/DTD/xhtml1-transitional.dtd">
<html xmlns="http://www.w3.org/1999/xhtml" xml:lang="en" lang="en">
 <head>
  <title>
</title>
<meta http-equiv="Content-Type" content="text/html;charset=utf-8" />
  <meta name='ocr-system' content='tesseract 3.04.00' />
  <meta name='ocr-capabilities' content='ocr_page ocr_carea ocr_par ocr_line ocrx_word'/>
</head>
<body>
  <div class='ocr_page' id='page_1' title='image "./MN41650ucmf_1/MN41650ucmf_1_0435.png"; bbox 0 0 1988 3392; ppageno 0'>
   <div class='ocr_carea' id='block_1_1' title="bbox 207 227 835 272">
    <p class='ocr_par' dir='ltr' id='par_1_1' title="bbox 207 227 835 272">
     <span class='ocr_line' id='line_1_1' title="bbox 207 227 835 272; baseline -0.003 -2"><span class='ocrx_word' id='word_1_1' title='bbox 207 236 299 270; x_wconf 79' lang='lat' dir='ltr'><strong>Pauauu</strong></span> <span class='ocrx_word' id='word_1_2' title='bbox 311 236 354 270; x_wconf 84' lang='lat' dir='ltr'><strong>LIB.</strong></span> <span class='ocrx_word' id='word_1_3' title='bbox 365 237 395 270; x_wconf 93' lang='grc'><strong>111.</strong></span> <span class='ocrx_word' id='word_1_4' title='bbox 406 238 461 272; x_wconf 68' lang='lat' dir='ltr'><strong>Tou„</strong></span> <span class='ocrx_word' id='word_1_5' title='bbox 472 238 493 271; x_wconf 90' lang='grc'><strong>11.</strong></span> <span class='ocrx_word' id='word_1_6' title='bbox 505 237 572 271; x_wconf 79' lang='lat' dir='ltr'><strong>unua.</strong></span> <span class='ocrx_word' id='word_1_7' title='bbox 580 236 678 269; x_wconf 81' lang='lat' dir='ltr'><strong>LXXVIII.</strong></span> <span class='ocrx_word' id='word_1_8' title='bbox 792 227 835 268; x_wconf 81' lang='grc'><strong>413</strong></span> 
     </span>
    </p>
   </div>
   <div class='ocr_carea' id='block_1_2' title="bbox 38 313 932 2233">
    <p class='ocr_par' dir='ltr' id='par_1_2' title="bbox 51 313 837 785">
     <span class='ocr_line' id='line_1_2' title="bbox 51 313 835 373; baseline -0.001 -16"><span class='ocrx_word' id='word_1_9' title='bbox 51 315 102 357; x_wconf 91' lang='lat' dir='ltr'><strong>alius</strong></span> <span class='ocrx_word' id='word_1_10' title='bbox 119 315 204 371; x_wconf 88' lang='lat' dir='ltr'><strong>denique</strong></span> <span class='ocrx_word' id='word_1_11' title='bbox 220 317 272 358; x_wconf 89' lang='lat' dir='ltr'><strong>aliud</strong></span> <span class='ocrx_word' id='word_1_12' title='bbox 289 317 327 358; x_wconf 91' lang='lat' dir='ltr'><strong>sihi</strong></span> <span class='ocrx_word' id='word_1_13' title='bbox 343 317 367 357; x_wconf 87' lang='lat' dir='ltr'><strong>ad</strong></span> <span class='ocrx_word' id='word_1_14' title='bbox 386 318 535 373; x_wconf 80' lang='lat' dir='ltr'><strong>oppugnandum</strong></span> <span class='ocrx_word' id='word_1_15' title='bbox 553 317 630 372; x_wconf 89' lang='lat' dir='ltr'><strong>arripit.</strong></span> <span class='ocrx_word' id='word_1_16' title='bbox 669 313 835 357; x_wconf 83' lang='lat' dir='ltr'><strong>Oturhulentnm</strong></span> 
     </span>
     <span class='ocr_line' id='line_1_3' title="bbox 52 383 837 440; baseline 0 -16"><span class='ocrx_word' id='word_1_17' title='bbox 52 390 141 425; x_wconf 89' lang='lat' dir='ltr'><strong>nostrum</strong></span> <span class='ocrx_word' id='word_1_18' title='bbox 158 385 270 427; x_wconf 88' lang='lat' dir='ltr'><strong>saeculum!</strong></span> <span class='ocrx_word' id='word_1_19' title='bbox 291 385 362 440; x_wconf 91' lang='lat' dir='ltr'><strong>inquo</strong></span> <span class='ocrx_word' id='word_1_20' title='bbox 376 384 475 426; x_wconf 89' lang='lat' dir='ltr'><strong>hominum</strong></span> <span class='ocrx_word' id='word_1_21' title='bbox 491 387 531 428; x_wconf 90' lang='lat' dir='ltr'><strong>vita</strong></span> <span class='ocrx_word' id='word_1_22' title='bbox 543 400 639 428; x_wconf 93' lang='lat' dir='ltr'><strong>summum</strong></span> <span class='ocrx_word' id='word_1_23' title='bbox 650 384 671 424; x_wconf 88' lang='lat' dir='ltr'><strong>in</strong></span> <span class='ocrx_word' id='word_1_24' title='bbox 683 383 789 425; x_wconf 78' lang='lat' dir='ltr'><strong>discrimen</strong></span> <span class='ocrx_word' id='word_1_25' title='bbox 802 384 837 426; x_wconf 94' lang='lat' dir='ltr'><strong>ad-</strong></span> 
     </span>
     <span class='ocr_line' id='line_1_4' title="bbox 51 452 837 510; baseline 0 -17"><span class='ocrx_word' id='word_1_26' title='bbox 51 452 141 504; x_wconf 88' lang='lat' dir='ltr'><strong>ducitur,</strong></span> <span class='ocrx_word' id='word_1_27' title='bbox 163 467 213 508; x_wconf 90' lang='lat' dir='ltr'><strong>quae</strong></span> <span class='ocrx_word' id='word_1_28' title='bbox 225 453 311 508; x_wconf 90' lang='lat' dir='ltr'><strong>undique</strong></span> <span class='ocrx_word' id='word_1_29' title='bbox 322 452 413 508; x_wconf 74' lang='lat' dir='ltr'>pessimis</span> <span class='ocrx_word' id='word_1_30' title='bbox 425 467 436 493; x_wconf 91' lang='lat' dir='ltr'><strong>a</strong></span> <span class='ocrx_word' id='word_1_31' title='bbox 448 454 543 495; x_wconf 89' lang='lat' dir='ltr'><strong>daemone</strong></span> <span class='ocrx_word' id='word_1_32' title='bbox 555 453 668 510; x_wconf 83' lang='lat' dir='ltr'><strong>propagatis</strong></span> <span class='ocrx_word' id='word_1_33' title='bbox 680 452 793 507; x_wconf 78' lang='lat' dir='ltr'><strong>opinionum</strong></span> <span class='ocrx_word' id='word_1_34' title='bbox 804 466 837 493; x_wconf 93' lang='lat' dir='ltr'><strong>er-</strong></span> 
     </span>
     <span class='ocr_line' id='line_1_5' title="bbox 51 521 837 578; baseline -0.001 -16"><span class='ocrx_word' id='word_1_35' title='bbox 51 521 143 574; x_wconf 92' lang='lat' dir='ltr'><strong>roribus,</strong></span> <span class='ocrx_word' id='word_1_36' title='bbox 165 536 188 563; x_wconf 90' lang='lat' dir='ltr'><strong>ac</strong></span> <span class='ocrx_word' id='word_1_37' title='bbox 199 522 293 577; x_wconf 83' lang='lat' dir='ltr'><strong>perfidiae</strong></span> <span class='ocrx_word' id='word_1_38' title='bbox 306 522 423 563; x_wconf 85' lang='lat' dir='ltr'><strong>commentis</strong></span> <span class='ocrx_word' id='word_1_39' title='bbox 436 521 533 567; x_wconf 77' lang='lat' dir='ltr'>obruitur.</span> <span class='ocrx_word' id='word_1_40' title='bbox 565 521 656 578; x_wconf 79' lang='lat' dir='ltr'><strong>Quanam</strong></span> <span class='ocrx_word' id='word_1_41' title='bbox 669 535 718 563; x_wconf 91' lang='lat' dir='ltr'><strong>vero</strong></span> <span class='ocrx_word' id='word_1_42' title='bbox 732 521 797 562; x_wconf 83' lang='lat' dir='ltr'><strong>fronte</strong></span> <span class='ocrx_word' id='word_1_43' title='bbox 806 521 837 562; x_wconf 92' lang='lat' dir='ltr'><strong>in-</strong></span> 
     </span>
     <span class='ocr_line' id='line_1_6' title="bbox 52 589 836 646; baseline 0 -16"><span class='ocrx_word' id='word_1_44' title='bbox 52 597 164 646; x_wconf 88' lang='lat' dir='ltr'><strong>corruptam</strong></span> <span class='ocrx_word' id='word_1_45' title='bbox 175 590 227 631; x_wconf 90' lang='lat' dir='ltr'><strong>illam</strong></span> <span class='ocrx_word' id='word_1_46' title='bbox 238 590 334 645; x_wconf 77' lang='lat' dir='ltr'><strong>virginem</strong></span> <span class='ocrx_word' id='word_1_47' title='bbox 346 591 494 645; x_wconf 83' lang='lat' dir='ltr'><strong>aggrediuntur,</strong></span> <span class='ocrx_word' id='word_1_48' title='bbox 511 605 561 646; x_wconf 86' lang='lat' dir='ltr'><strong>quae</strong></span> <span class='ocrx_word' id='word_1_49' title='bbox 574 592 605 632; x_wconf 86' lang='lat' dir='ltr'><strong>dei</strong></span> <span class='ocrx_word' id='word_1_50' title='bbox 615 592 648 632; x_wconf 87' lang='lat' dir='ltr'><strong>lilii</strong></span> <span class='ocrx_word' id='word_1_51' title='bbox 660 589 780 632; x_wconf 76' lang='lat' dir='ltr'><strong>domicilium</strong></span> <span class='ocrx_word' id='word_1_52' title='bbox 790 603 836 631; x_wconf 90' lang='lat' dir='ltr'><strong>esse</strong></span> 
     </span>
     <span class='ocr_line' id='line_1_7' title="bbox 52 657 834 715; baseline -0.001 -15"><span class='ocrx_word' id='word_1_53' title='bbox 52 658 138 701; x_wconf 76' lang='lat' dir='ltr'><strong>meruit?</strong></span> <span class='ocrx_word' id='word_1_54' title='bbox 153 672 203 715; x_wconf 88' lang='lat' dir='ltr'><strong>quae</strong></span> <span class='ocrx_word' id='word_1_55' title='bbox 214 673 239 700; x_wconf 85' lang='lat' dir='ltr'><strong>ex</strong></span> <span class='ocrx_word' id='word_1_56' title='bbox 250 658 328 701; x_wconf 87' lang='lat' dir='ltr'><strong>inlinito</strong></span> <span class='ocrx_word' id='word_1_57' title='bbox 340 657 474 702; x_wconf 75' lang='lat' dir='ltr'><strong>israelitarum</strong></span> <span class='ocrx_word' id='word_1_58' title='bbox 486 674 568 702; x_wconf 91' lang='lat' dir='ltr'><strong>numero</strong></span> <span class='ocrx_word' id='word_1_59' title='bbox 580 660 603 701; x_wconf 91' lang='lat' dir='ltr'><strong>ad</strong></span> <span class='ocrx_word' id='word_1_60' title='bbox 616 660 634 701; x_wconf 92' lang='lat' dir='ltr'><strong>id</strong></span> <span class='ocrx_word' id='word_1_61' title='bbox 646 675 706 702; x_wconf 88' lang='lat' dir='ltr'><strong>annm</strong></span> <span class='ocrx_word' id='word_1_62' title='bbox 719 666 751 700; x_wconf 89' lang='lat' dir='ltr'><strong>est</strong></span> <span class='ocrx_word' id='word_1_63' title='bbox 762 657 834 710; x_wconf 86' lang='lat' dir='ltr'><strong>electa,</strong></span> 
     </span>
     <span class='ocr_line' id='line_1_8' title="bbox 51 727 770 785; baseline 0 -18"><span class='ocrx_word' id='word_1_64' title='bbox 51 733 73 768; x_wconf 95' lang='lat' dir='ltr'><strong>ut</strong></span> <span class='ocrx_word' id='word_1_65' title='bbox 85 741 121 769; x_wconf 92' lang='lat' dir='ltr'><strong>vas</strong></span> <span class='ocrx_word' id='word_1_66' title='bbox 132 727 229 783; x_wconf 79' lang='lat' dir='ltr'><strong>quoddam</strong></span> <span class='ocrx_word' id='word_1_67' title='bbox 241 734 261 768; x_wconf 87' lang='lat' dir='ltr'><strong>et</strong></span> <span class='ocrx_word' id='word_1_68' title='bbox 272 727 367 769; x_wconf 85' lang='lat' dir='ltr'><strong>hahitatio</strong></span> <span class='ocrx_word' id='word_1_69' title='bbox 379 729 411 770; x_wconf 92' lang='lat' dir='ltr'><strong>uui</strong></span> <span class='ocrx_word' id='word_1_70' title='bbox 423 735 478 769; x_wconf 90' lang='lat' dir='ltr'><strong>esset</strong></span> <span class='ocrx_word' id='word_1_71' title='bbox 490 728 557 769; x_wconf 89' lang='lat' dir='ltr'><strong>divino</strong></span> <span class='ocrx_word' id='word_1_72' title='bbox 569 729 632 785; x_wconf 88' lang='lat' dir='ltr'><strong>partui</strong></span> <span class='ocrx_word' id='word_1_73' title='bbox 644 735 770 770; x_wconf 83' lang='lat' dir='ltr'><strong>consecrata.</strong></span> 
     </span>
    </p>

    <p class='ocr_par' dir='ltr' id='par_1_3' title="bbox 51 795 932 1820">
     <span class='ocr_line' id='line_1_9' title="bbox 110 795 932 853; baseline -0.002 -15"><span class='ocrx_word' id='word_1_74' title='bbox 110 795 155 838; x_wconf 86' lang='lat' dir='ltr'><strong>Hoc</strong></span> <span class='ocrx_word' id='word_1_75' title='bbox 169 796 221 838; x_wconf 90' lang='lat' dir='ltr'><strong>cuim</strong></span> <span class='ocrx_word' id='word_1_76' title='bbox 235 804 290 838; x_wconf 90' lang='lat' dir='ltr'><strong>certo</strong></span> <span class='ocrx_word' id='word_1_77' title='bbox 302 811 328 839; x_wconf 78' lang='lat' dir='ltr'><strong>ex</strong></span> <span class='ocrx_word' id='word_1_78' title='bbox 342 803 424 839; x_wconf 86' lang='lat' dir='ltr'><strong>auctore</strong></span> <span class='ocrx_word' id='word_1_79' title='bbox 438 797 535 853; x_wconf 75' lang='lat' dir='ltr'><strong>cognovi,</strong></span> <span class='ocrx_word' id='word_1_80' title='bbox 553 798 659 839; x_wconf 85' lang='lat' dir='ltr'><strong>rioonullos</strong></span> <span class='ocrx_word' id='word_1_81' title='bbox 670 797 688 839; x_wconf 94' lang='lat' dir='ltr'><strong>id</strong></span> <span class='ocrx_word' id='word_1_82' title='bbox 702 798 726 838; x_wconf 90' lang='lat' dir='ltr'><strong>de</strong></span> <span class='ocrx_word' id='word_1_83' title='bbox 737 796 771 838; x_wconf 86' lang='lat' dir='ltr'><strong>illa</strong></span> <span class='ocrx_word' id='word_1_84' title='bbox 784 796 836 838; x_wconf 78' lang='grc'><strong>11111-</strong></span> <span class='ocrx_word' id='word_1_85' title='bbox 849 800 932 847; x_wconf 72' lang='lat' dir='ltr'><strong>Capvu.</strong></span> 
     </span>
     <span class='ocr_line' id='line_1_10' title="bbox 52 866 837 923; baseline 0.004 -17"><span class='ocrx_word' id='word_1_86' title='bbox 52 878 107 907; x_wconf 90' lang='lat' dir='ltr'><strong>mare</strong></span> <span class='ocrx_word' id='word_1_87' title='bbox 119 879 179 908; x_wconf 90' lang='lat' dir='ltr'><strong>ausos</strong></span> <span class='ocrx_word' id='word_1_88' title='bbox 190 879 249 918; x_wconf 92' lang='lat' dir='ltr'><strong>esse,</strong></span> <span class='ocrx_word' id='word_1_89' title='bbox 265 872 367 922; x_wconf 75' lang='lat' dir='ltr'><strong>postquam</strong></span> <span class='ocrx_word' id='word_1_90' title='bbox 380 866 500 909; x_wconf 87' lang='lat' dir='ltr'><strong>salvatorem</strong></span> <span class='ocrx_word' id='word_1_91' title='bbox 510 866 623 923; x_wconf 78' lang='lat' dir='ltr'><strong>pepererit,</strong></span> <span class='ocrx_word' id='word_1_92' title='bbox 640 880 683 908; x_wconf 89' lang='lat' dir='ltr'><strong>oum</strong></span> <span class='ocrx_word' id='word_1_93' title='bbox 696 866 740 908; x_wconf 92' lang='lat' dir='ltr'><strong>viro</strong></span> <span class='ocrx_word' id='word_1_94' title='bbox 751 879 837 909; x_wconf 89' lang='lat' dir='ltr'><strong>consue·</strong></span> 
     </span>
     <span class='ocr_line' id='line_1_11' title="bbox 52 934 835 992; baseline 0.003 -16"><span class='ocrx_word' id='word_1_95' title='bbox 52 935 139 977; x_wconf 79' lang='lat' dir='ltr'><strong>tudinem</strong></span> <span class='ocrx_word' id='word_1_96' title='bbox 160 935 260 977; x_wconf 90' lang='lat' dir='ltr'><strong>hahuisse.</strong></span> <span class='ocrx_word' id='word_1_97' title='bbox 298 934 356 991; x_wconf 78' lang='lat' dir='ltr'><strong>Quod</strong></span> <span class='ocrx_word' id='word_1_98' title='bbox 375 936 466 992; x_wconf 78' lang='lat' dir='ltr'><strong>equidem</strong></span> <span class='ocrx_word' id='word_1_99' title='bbox 484 937 548 978; x_wconf 91' lang='lat' dir='ltr'><strong>minus</strong></span> <span class='ocrx_word' id='word_1_100' title='bbox 565 935 659 977; x_wconf 89' lang='lat' dir='ltr'><strong>admiror.</strong></span> <span class='ocrx_word' id='word_1_101' title='bbox 696 934 835 978; x_wconf 82' lang='lat' dir='ltr'><strong>Nemeorum</strong></span> 
     </span>
     <span class='ocr_line' id='line_1_12' title="bbox 52 1004 835 1062; baseline 0.001 -16"><span class='ocrx_word' id='word_1_102' title='bbox 52 1005 130 1047; x_wconf 85' lang='lat' dir='ltr'><strong>inscitia</strong></span> <span class='ocrx_word' id='word_1_103' title='bbox 143 1004 176 1061; x_wconf 92' lang='lat' dir='ltr'><strong>qui</strong></span> <span class='ocrx_word' id='word_1_104' title='bbox 190 1019 254 1062; x_wconf 90' lang='lat' dir='ltr'><strong>neque</strong></span> <span class='ocrx_word' id='word_1_105' title='bbox 265 1020 333 1048; x_wconf 88' lang='lat' dir='ltr'><strong>sacras</strong></span> <span class='ocrx_word' id='word_1_106' title='bbox 346 1005 414 1048; x_wconf 91' lang='lat' dir='ltr'><strong>literas</strong></span> <span class='ocrx_word' id='word_1_107' title='bbox 424 1013 517 1048; x_wconf 87' lang='lat' dir='ltr'><strong>accurate</strong></span> <span class='ocrx_word' id='word_1_108' title='bbox 532 1005 615 1057; x_wconf 81' lang='lat' dir='ltr'><strong>callent,</strong></span> <span class='ocrx_word' id='word_1_109' title='bbox 637 1019 700 1060; x_wconf 90' lang='lat' dir='ltr'><strong>neque</strong></span> <span class='ocrx_word' id='word_1_110' title='bbox 712 1006 732 1046; x_wconf 89' lang='lat' dir='ltr'><strong>in</strong></span> <span class='ocrx_word' id='word_1_111' title='bbox 746 1012 835 1048; x_wconf 87' lang='lat' dir='ltr'><strong>veterum</strong></span> 
     </span>
     <span class='ocr_line' id='line_1_13' title="bbox 51 1074 836 1132; baseline 0.001 -16"><span class='ocrx_word' id='word_1_112' title='bbox 51 1074 179 1117; x_wconf 81' lang='lat' dir='ltr'><strong>historiarum</strong></span> <span class='ocrx_word' id='word_1_113' title='bbox 197 1074 283 1117; x_wconf 91' lang='lat' dir='ltr'><strong>lectione</strong></span> <span class='ocrx_word' id='word_1_114' title='bbox 300 1075 341 1116; x_wconf 87' lang='lat' dir='ltr'><strong>triti</strong></span> <span class='ocrx_word' id='word_1_115' title='bbox 357 1083 415 1127; x_wconf 90' lang='lat' dir='ltr'><strong>suut,</strong></span> <span class='ocrx_word' id='word_1_116' title='bbox 439 1075 475 1118; x_wconf 90' lang='lat' dir='ltr'><strong>hos</strong></span> <span class='ocrx_word' id='word_1_117' title='bbox 491 1075 546 1132; x_wconf 93' lang='lat' dir='ltr'><strong>ipsos</strong></span> <span class='ocrx_word' id='word_1_118' title='bbox 558 1074 582 1116; x_wconf 92' lang='lat' dir='ltr'><strong>ah</strong></span> <span class='ocrx_word' id='word_1_119' title='bbox 595 1074 639 1116; x_wconf 86' lang='lat' dir='ltr'><strong>aliis</strong></span> <span class='ocrx_word' id='word_1_120' title='bbox 656 1074 728 1116; x_wconf 91' lang='lat' dir='ltr'><strong>adalia</strong></span> <span class='ocrx_word' id='word_1_121' title='bbox 742 1076 836 1117; x_wconf 82' lang='lat' dir='ltr'><strong>transfert</strong></span> 
     </span>
     <span class='ocr_line' id='line_1_14' title="bbox 52 1143 836 1200; baseline 0.003 -16"><span class='ocrx_word' id='word_1_122' title='bbox 52 1152 73 1185; x_wconf 93' lang='lat' dir='ltr'><strong>et</strong></span> <span class='ocrx_word' id='word_1_123' title='bbox 84 1143 167 1200; x_wconf 85' lang='lat' dir='ltr'><strong>abripit,</strong></span> <span class='ocrx_word' id='word_1_124' title='bbox 189 1159 233 1187; x_wconf 90' lang='lat' dir='ltr'><strong>cum</strong></span> <span class='ocrx_word' id='word_1_125' title='bbox 248 1158 274 1186; x_wconf 86' lang='lat' dir='ltr'><strong>ex</strong></span> <span class='ocrx_word' id='word_1_126' title='bbox 285 1143 367 1200; x_wconf 84' lang='lat' dir='ltr'><strong>iugenio</strong></span> <span class='ocrx_word' id='word_1_127' title='bbox 381 1159 418 1187; x_wconf 90' lang='lat' dir='ltr'><strong>suo</strong></span> <span class='ocrx_word' id='word_1_128' title='bbox 436 1159 459 1186; x_wconf 86' lang='lat' dir='ltr'><strong>ao</strong></span> <span class='ocrx_word' id='word_1_129' title='bbox 476 1151 542 1187; x_wconf 88' lang='lat' dir='ltr'><strong>mente</strong></span> <span class='ocrx_word' id='word_1_130' title='bbox 560 1143 650 1185; x_wconf 86' lang='lat' dir='ltr'><strong>veritatis</strong></span> <span class='ocrx_word' id='word_1_131' title='bbox 663 1144 748 1199; x_wconf 82' lang='lat' dir='ltr'><strong>vestigia</strong></span> <span class='ocrx_word' id='word_1_132' title='bbox 764 1158 836 1186; x_wconf 88' lang='lat' dir='ltr'><strong>eonse-</strong></span> 
     </span>
     <span class='ocr_line' id='line_1_15' title="bbox 52 1211 835 1270; baseline 0.001 -16"><span class='ocrx_word' id='word_1_133' title='bbox 52 1220 139 1255; x_wconf 88' lang='lat' dir='ltr'><strong>ctantur.</strong></span> <span class='ocrx_word' id='word_1_134' title='bbox 173 1211 263 1269; x_wconf 88' lang='lat' dir='ltr'><strong>Inprimis</strong></span> <span class='ocrx_word' id='word_1_135' title='bbox 274 1214 341 1269; x_wconf 86' lang='lat' dir='ltr'><strong>itaque</strong></span> <span class='ocrx_word' id='word_1_136' title='bbox 353 1228 396 1255; x_wconf 87' lang='lat' dir='ltr'><strong>cnm</strong></span> <span class='ocrx_word' id='word_1_137' title='bbox 411 1214 470 1256; x_wconf 90' lang='lat' dir='ltr'><strong>beata</strong></span> <span class='ocrx_word' id='word_1_138' title='bbox 481 1213 538 1270; x_wconf 75' lang='lat' dir='ltr'><strong>virgo</strong></span> <span class='ocrx_word' id='word_1_139' title='bbox 550 1211 634 1269; x_wconf 89' lang='lat' dir='ltr'><strong>losepho</strong></span> <span class='ocrx_word' id='word_1_140' title='bbox 646 1213 717 1254; x_wconf 87' lang='lat' dir='ltr'><strong>tradita</strong></span> <span class='ocrx_word' id='word_1_141' title='bbox 732 1221 775 1265; x_wconf 90' lang='lat' dir='ltr'><strong>est,</strong></span> <span class='ocrx_word' id='word_1_142' title='bbox 797 1228 835 1269; x_wconf 91' lang='lat' dir='ltr'><strong>quo</strong></span> 
     </span>
     <span class='ocr_line' id='line_1_16' title="bbox 51 1281 834 1339; baseline 0.001 -16"><span class='ocrx_word' id='word_1_143' title='bbox 51 1281 104 1323; x_wconf 87' lang='lat' dir='ltr'><strong>illam</strong></span> <span class='ocrx_word' id='word_1_144' title='bbox 123 1281 184 1324; x_wconf 86' lang='lat' dir='ltr'><strong>sortis</strong></span> <span class='ocrx_word' id='word_1_145' title='bbox 203 1283 314 1325; x_wconf 88' lang='lat' dir='ltr'><strong>necessitas</strong></span> <span class='ocrx_word' id='word_1_146' title='bbox 329 1282 451 1335; x_wconf 77' lang='lat' dir='ltr'><strong>adduxerat,</strong></span> <span class='ocrx_word' id='word_1_147' title='bbox 476 1296 598 1339; x_wconf 86' lang='lat' dir='ltr'><strong>nequaqnam</strong></span> <span class='ocrx_word' id='word_1_148' title='bbox 615 1283 672 1324; x_wconf 86' lang='lat' dir='ltr'><strong>eiad</strong></span> <span class='ocrx_word' id='word_1_149' title='bbox 689 1282 834 1338; x_wconf 90' lang='lat' dir='ltr'><strong>copulationem</strong></span> 
     </span>
     <span class='ocr_line' id='line_1_17' title="bbox 52 1349 835 1407; baseline 0.003 -16"><span class='ocrx_word' id='word_1_150' title='bbox 52 1357 83 1393; x_wconf 91' lang='lat' dir='ltr'><strong>est</strong></span> <span class='ocrx_word' id='word_1_151' title='bbox 97 1349 209 1403; x_wconf 85' lang='lat' dir='ltr'><strong>concessa,</strong></span> <span class='ocrx_word' id='word_1_152' title='bbox 229 1350 310 1407; x_wconf 81' lang='lat' dir='ltr'><strong>siquod</strong></span> <span class='ocrx_word' id='word_1_153' title='bbox 323 1366 355 1393; x_wconf 88' lang='lat' dir='ltr'><strong>res</strong></span> <span class='ocrx_word' id='word_1_154' title='bbox 369 1359 400 1394; x_wconf 88' lang='lat' dir='ltr'><strong>est</strong></span> <span class='ocrx_word' id='word_1_155' title='bbox 412 1365 531 1394; x_wconf 84' lang='lat' dir='ltr'><strong>asseverare</strong></span> <span class='ocrx_word' id='word_1_156' title='bbox 544 1351 647 1403; x_wconf 85' lang='lat' dir='ltr'><strong>volumus,</strong></span> <span class='ocrx_word' id='word_1_157' title='bbox 669 1366 712 1393; x_wconf 89' lang='lat' dir='ltr'><strong>cum</strong></span> <span class='ocrx_word' id='word_1_158' title='bbox 727 1352 794 1407; x_wconf 90' lang='lat' dir='ltr'><strong>utique</strong></span> <span class='ocrx_word' id='word_1_159' title='bbox 805 1352 835 1393; x_wconf 85' lang='lat' dir='ltr'><strong>ri-</strong></span> 
     </span>
     <span class='ocr_line' id='line_1_18' title="bbox 52 1418 834 1476; baseline 0.003 -16"><span class='ocrx_word' id='word_1_160' title='bbox 52 1420 102 1462; x_wconf 93' lang='lat' dir='ltr'><strong>dnus</strong></span> <span class='ocrx_word' id='word_1_161' title='bbox 115 1427 177 1461; x_wconf 89' lang='lat' dir='ltr'><strong>esset.</strong></span> <span class='ocrx_word' id='word_1_162' title='bbox 209 1418 250 1463; x_wconf 90' lang='lat' dir='ltr'><strong>Sed</strong></span> <span class='ocrx_word' id='word_1_163' title='bbox 267 1427 348 1476; x_wconf 91' lang='lat' dir='ltr'><strong>propter</strong></span> <span class='ocrx_word' id='word_1_164' title='bbox 363 1420 426 1476; x_wconf 81' lang='lat' dir='ltr'><strong>legem</strong></span> <span class='ocrx_word' id='word_1_165' title='bbox 439 1427 505 1462; x_wconf 90' lang='lat' dir='ltr'><strong>tamen</strong></span> <span class='ocrx_word' id='word_1_166' title='bbox 519 1420 550 1461; x_wconf 91' lang='lat' dir='ltr'><strong>vir</strong></span> <span class='ocrx_word' id='word_1_167' title='bbox 563 1420 616 1461; x_wconf 91' lang='lat' dir='ltr'><strong>illius</strong></span> <span class='ocrx_word' id='word_1_168' title='bbox 631 1420 752 1476; x_wconf 66' lang='lat' dir='ltr'><strong>appellatnrq</strong></span> <span class='ocrx_word' id='word_1_169' title='bbox 775 1435 834 1476; x_wconf 92' lang='lat' dir='ltr'><strong>porro</strong></span> 
     </span>
     <span class='ocr_line' id='line_1_19' title="bbox 53 1486 834 1544; baseline 0.001 -14"><span class='ocrx_word' id='word_1_170' title='bbox 53 1502 79 1530; x_wconf 78' lang='lat' dir='ltr'><strong>ex</strong></span> <span class='ocrx_word' id='word_1_171' title='bbox 90 1486 170 1530; x_wconf 83' lang='lat' dir='ltr'><strong>Iudaica</strong></span> <span class='ocrx_word' id='word_1_172' title='bbox 184 1489 290 1531; x_wconf 86' lang='lat' dir='ltr'><strong>traditione</strong></span> <span class='ocrx_word' id='word_1_173' title='bbox 308 1496 455 1544; x_wconf 88' lang='lat' dir='ltr'><strong>consequenter</strong></span> <span class='ocrx_word' id='word_1_174' title='bbox 464 1489 517 1530; x_wconf 91' lang='lat' dir='ltr'><strong>istud</strong></span> <span class='ocrx_word' id='word_1_175' title='bbox 534 1488 658 1539; x_wconf 82' lang='lat' dir='ltr'><strong>ostenditur,</strong></span> <span class='ocrx_word' id='word_1_176' title='bbox 680 1499 731 1540; x_wconf 87' lang='lat' dir='ltr'><strong>nou,</strong></span> <span class='ocrx_word' id='word_1_177' title='bbox 754 1496 776 1530; x_wconf 91' lang='grc'><strong>111</strong></span> <span class='ocrx_word' id='word_1_178' title='bbox 790 1504 834 1531; x_wconf 90' lang='lat' dir='ltr'><strong>cum</strong></span> 
     </span>
     <span class='ocr_line' id='line_1_20' title="bbox 51 1556 834 1613; baseline 0.001 -15"><span class='ocrx_word' id='word_1_179' title='bbox 51 1556 86 1598; x_wconf 91' lang='lat' dir='ltr'><strong>illo</strong></span> <span class='ocrx_word' id='word_1_180' title='bbox 100 1557 238 1613; x_wconf 78' lang='lat' dir='ltr'><strong>copularetur,</strong></span> <span class='ocrx_word' id='word_1_181' title='bbox 260 1557 358 1613; x_wconf 85' lang='lat' dir='ltr'><strong>virginem</strong></span> <span class='ocrx_word' id='word_1_182' title='bbox 372 1558 389 1599; x_wconf 91' lang='lat' dir='ltr'><strong>ei</strong></span> <span class='ocrx_word' id='word_1_183' title='bbox 405 1557 466 1599; x_wconf 86' lang='lat' dir='ltr'><strong>luisse</strong></span> <span class='ocrx_word' id='word_1_184' title='bbox 482 1557 586 1609; x_wconf 85' lang='lat' dir='ltr'><strong>traditam,</strong></span> <span class='ocrx_word' id='word_1_185' title='bbox 601 1558 643 1599; x_wconf 86' lang='lat' dir='ltr'><strong>&#39;sed</strong></span> <span class='ocrx_word' id='word_1_186' title='bbox 657 1564 677 1598; x_wconf 91' lang='grc'><strong>111</strong></span> <span class='ocrx_word' id='word_1_187' title='bbox 688 1558 711 1599; x_wconf 90' lang='lat' dir='ltr'><strong>ad</strong></span> <span class='ocrx_word' id='word_1_188' title='bbox 726 1558 834 1600; x_wconf 79' lang='lat' dir='ltr'><strong>futurorum</strong></span> 
     </span>
     <span class='ocr_line' id='line_1_21' title="bbox 52 1626 835 1683; baseline 0.001 -15"><span class='ocrx_word' id='word_1_189' title='bbox 52 1627 187 1668; x_wconf 84' lang='lat' dir='ltr'><strong>testimonium</strong></span> <span class='ocrx_word' id='word_1_190' title='bbox 202 1634 331 1679; x_wconf 89' lang='lat' dir='ltr'><strong>servaretur,</strong></span> <span class='ocrx_word' id='word_1_191' title='bbox 353 1627 454 1683; x_wconf 85' lang='lat' dir='ltr'><strong>palamque</strong></span> <span class='ocrx_word' id='word_1_192' title='bbox 473 1626 530 1668; x_wconf 88' lang='lat' dir='ltr'><strong>lieret</strong></span> <span class='ocrx_word' id='word_1_193' title='bbox 546 1634 659 1682; x_wconf 89' lang='lat' dir='ltr'><strong>susceptam</strong></span> <span class='ocrx_word' id='word_1_194' title='bbox 676 1626 761 1668; x_wconf 90' lang='lat' dir='ltr'><strong>hominis</strong></span> <span class='ocrx_word' id='word_1_195' title='bbox 774 1629 835 1669; x_wconf 91' lang='lat' dir='ltr'><strong>adeo</strong></span> 
     </span>
     <span class='ocr_line' id='line_1_22' title="bbox 53 1694 835 1752; baseline 0 -14"><span class='ocrx_word' id='word_1_196' title='bbox 53 1702 142 1738; x_wconf 84' lang='lat' dir='ltr'><strong>naturam</strong></span> <span class='ocrx_word' id='word_1_197' title='bbox 156 1709 195 1736; x_wconf 91' lang='lat' dir='ltr'><strong>non</strong></span> <span class='ocrx_word' id='word_1_198' title='bbox 207 1695 338 1737; x_wconf 83' lang='lat' dir='ltr'><strong>adulterinam</strong></span> <span class='ocrx_word' id='word_1_199' title='bbox 350 1710 373 1736; x_wconf 93' lang='lat' dir='ltr'><strong>ac</strong></span> <span class='ocrx_word' id='word_1_200' title='bbox 385 1695 471 1752; x_wconf 89' lang='lat' dir='ltr'><strong>spuriam</strong></span> <span class='ocrx_word' id='word_1_201' title='bbox 484 1696 558 1746; x_wconf 87' lang='lat' dir='ltr'><strong>luisse,</strong></span> <span class='ocrx_word' id='word_1_202' title='bbox 584 1696 619 1737; x_wconf 92' lang='lat' dir='ltr'><strong>sed</strong></span> <span class='ocrx_word' id='word_1_203' title='bbox 632 1694 749 1738; x_wconf 85' lang='lat' dir='ltr'><strong>certissimis</strong></span> <span class='ocrx_word' id='word_1_204' title='bbox 765 1696 835 1738; x_wconf 84' lang='lat' dir='ltr'><strong>suffra-</strong></span> 
     </span>
     <span class='ocr_line' id='line_1_23' title="bbox 52 1763 835 1820; baseline 0 -14"><span class='ocrx_word' id='word_1_205' title='bbox 52 1764 144 1820; x_wconf 84' lang='lat' dir='ltr'><strong>gantibus</strong></span> <span class='ocrx_word' id='word_1_206' title='bbox 154 1763 285 1816; x_wconf 88' lang='lat' dir='ltr'><strong>testimoniis,</strong></span> <span class='ocrx_word' id='word_1_207' title='bbox 307 1763 350 1805; x_wconf 89' lang='lat' dir='ltr'><strong>sine</strong></span> <span class='ocrx_word' id='word_1_208' title='bbox 363 1764 414 1806; x_wconf 85' lang='lat' dir='ltr'><strong>virili</strong></span> <span class='ocrx_word' id='word_1_209' title='bbox 428 1772 484 1815; x_wconf 86' lang='lat' dir='ltr'><strong>satu,</strong></span> <span class='ocrx_word' id='word_1_210' title='bbox 501 1764 582 1820; x_wconf 87' lang='lat' dir='ltr'><strong>spiritus</strong></span> <span class='ocrx_word' id='word_1_211' title='bbox 593 1764 657 1805; x_wconf 87' lang='lat' dir='ltr'><strong>sancti</strong></span> <span class='ocrx_word' id='word_1_212' title='bbox 668 1764 687 1805; x_wconf 84' lang='lat' dir='ltr'><strong>vi</strong></span> <span class='ocrx_word' id='word_1_213' title='bbox 699 1771 719 1805; x_wconf 90' lang='lat' dir='ltr'><strong>et</strong></span> <span class='ocrx_word' id='word_1_214' title='bbox 730 1764 835 1806; x_wconf 88' lang='lat' dir='ltr'><strong>efficientia</strong></span> 
     </span>
    </p>

    <p class='ocr_par' dir='ltr' id='par_1_4' title="bbox 38 1825 835 2233">
     <span class='ocr_line' id='line_1_24' title="bbox 38 1825 835 1887; baseline 0.001 -14"><span class='ocrx_word' id='word_1_215' title='bbox 38 1825 187 1875; x_wconf 39' lang='lat' dir='ltr'><strong>&#39;euristitutam</strong></span> <span class='ocrx_word' id='word_1_216' title='bbox 219 1830 325 1887; x_wconf 82' lang='lat' dir='ltr'><strong>Quomodo</strong></span> <span class='ocrx_word' id='word_1_217' title='bbox 343 1833 395 1874; x_wconf 90' lang='lat' dir='ltr'><strong>enim</strong></span> <span class='ocrx_word' id='word_1_218' title='bbox 411 1840 451 1874; x_wconf 87' lang='lat' dir='ltr'><strong>tam</strong></span> <span class='ocrx_word' id='word_1_219' title='bbox 466 1833 550 1874; x_wconf 84' lang='lat' dir='ltr'><strong>allectae</strong></span> <span class='ocrx_word' id='word_1_220' title='bbox 567 1846 632 1874; x_wconf 82' lang='lat' dir='ltr'><strong>senex</strong></span> <span class='ocrx_word' id='word_1_221' title='bbox 648 1833 719 1874; x_wconf 92' lang='lat' dir='ltr'><strong>aetatis</strong></span> <span class='ocrx_word' id='word_1_222' title='bbox 737 1832 835 1887; x_wconf 80' lang='lat' dir='ltr'><strong>virginem</strong></span> 
     </span>
     <span class='ocr_line' id='line_1_25' title="bbox 52 1900 834 1958; baseline 0.001 -16"><span class='ocrx_word' id='word_1_223' title='bbox 52 1901 125 1943; x_wconf 89' lang='lat' dir='ltr'><strong>hahere</strong></span> <span class='ocrx_word' id='word_1_224' title='bbox 140 1915 223 1944; x_wconf 82' lang='lat' dir='ltr'><strong>uxorem</strong></span> <span class='ocrx_word' id='word_1_225' title='bbox 239 1902 314 1958; x_wconf 85' lang='lat' dir='ltr'><strong>potuit,</strong></span> <span class='ocrx_word' id='word_1_226' title='bbox 336 1902 368 1957; x_wconf 91' lang='lat' dir='ltr'><strong>qui</strong></span> <span class='ocrx_word' id='word_1_227' title='bbox 379 1908 409 1944; x_wconf 91' lang='lat' dir='ltr'><strong>tot</strong></span> <span class='ocrx_word' id='word_1_228' title='bbox 423 1902 480 1943; x_wconf 88' lang='lat' dir='ltr'><strong>annis</strong></span> <span class='ocrx_word' id='word_1_229' title='bbox 492 1909 550 1956; x_wconf 87' lang='lat' dir='ltr'><strong>antea</strong></span> <span class='ocrx_word' id='word_1_230' title='bbox 565 1901 627 1958; x_wconf 91' lang='lat' dir='ltr'><strong>priori</strong></span> <span class='ocrx_word' id='word_1_231' title='bbox 638 1900 723 1956; x_wconf 85' lang='lat' dir='ltr'><strong>coniuge</strong></span> <span class='ocrx_word' id='word_1_232' title='bbox 735 1908 790 1944; x_wconf 93' lang='lat' dir='ltr'><strong>esset</strong></span> <span class='ocrx_word' id='word_1_233' title='bbox 802 1916 834 1943; x_wconf 94' lang='lat' dir='ltr'><strong>or-</strong></span> 
     </span>
     <span class='ocr_line' id='line_1_26' title="bbox 52 1967 834 2027; baseline 0 -15"><span class='ocrx_word' id='word_1_234' title='bbox 52 1970 124 2012; x_wconf 84' lang='lat' dir='ltr'><strong>hatus‘l</strong></span> <span class='ocrx_word' id='word_1_235' title='bbox 153 1968 255 2025; x_wconf 86' lang='lat' dir='ltr'><strong>Siquidem</strong></span> <span class='ocrx_word' id='word_1_236' title='bbox 273 1970 304 2011; x_wconf 88' lang='lat' dir='ltr'><strong>hie</strong></span> <span class='ocrx_word' id='word_1_237' title='bbox 317 1970 360 2027; x_wconf 91' lang='lat' dir='ltr'><strong>ipse</strong></span> <span class='ocrx_word' id='word_1_238' title='bbox 373 1968 469 2025; x_wconf 85' lang='lat' dir='ltr'><strong>Iosephus</strong></span> <span class='ocrx_word' id='word_1_239' title='bbox 484 1967 587 2025; x_wconf 85' lang='lat' dir='ltr'><strong>Cleophae</strong></span> <span class='ocrx_word' id='word_1_240' title='bbox 604 1971 677 2021; x_wconf 84' lang='lat' dir='ltr'><strong>irater,</strong></span> <span class='ocrx_word' id='word_1_241' title='bbox 699 1968 766 2012; x_wconf 87' lang='lat' dir='ltr'><strong>laeohi</strong></span> <span class='ocrx_word' id='word_1_242' title='bbox 783 1970 834 2012; x_wconf 87' lang='lat' dir='ltr'><strong>lilius</strong></span> 
     </span>
     <span class='ocr_line' id='line_1_27' title="bbox 52 2037 834 2094; baseline 0.001 -14"><span class='ocrx_word' id='word_1_243' title='bbox 52 2047 184 2094; x_wconf 84' lang='lat' dir='ltr'><strong>cognomento</strong></span> <span class='ocrx_word' id='word_1_244' title='bbox 201 2037 320 2091; x_wconf 88' lang='lat' dir='ltr'><strong>Pantheris,</strong></span> <span class='ocrx_word' id='word_1_245' title='bbox 343 2038 392 2091; x_wconf 84' lang='lat' dir='ltr'><strong>luit,</strong></span> <span class='ocrx_word' id='word_1_246' title='bbox 416 2039 485 2090; x_wconf 87' lang='lat' dir='ltr'><strong>ambo,</strong></span> <span class='ocrx_word' id='word_1_247' title='bbox 505 2038 597 2093; x_wconf 89' lang='lat' dir='ltr'><strong>inquam,</strong></span> <span class='ocrx_word' id='word_1_248' title='bbox 619 2039 647 2079; x_wconf 94' lang='lat' dir='ltr'><strong>illi</strong></span> <span class='ocrx_word' id='word_1_249' title='bbox 660 2037 761 2081; x_wconf 79' lang='lat' dir='ltr'><strong>Panthera</strong></span> <span class='ocrx_word' id='word_1_250' title='bbox 778 2047 834 2094; x_wconf 90' lang='lat' dir='ltr'><strong>patre</strong></span> 
     </span>
     <span class='ocr_line' id='line_1_28' title="bbox 52 2104 833 2163; baseline 0 -13"><span class='ocrx_word' id='word_1_251' title='bbox 52 2108 94 2150; x_wconf 90' lang='lat' dir='ltr'><strong>nati</strong></span> <span class='ocrx_word' id='word_1_252' title='bbox 105 2115 159 2150; x_wconf 90' lang='lat' dir='ltr'><strong>sunt.</strong></span> <span class='ocrx_word' id='word_1_253' title='bbox 191 2104 285 2150; x_wconf 85' lang='lat' dir='ltr'><strong>Ceterum</strong></span> <span class='ocrx_word' id='word_1_254' title='bbox 297 2106 392 2163; x_wconf 88' lang='lat' dir='ltr'><strong>Iosephus</strong></span> <span class='ocrx_word' id='word_1_255' title='bbox 408 2106 490 2163; x_wconf 89' lang='lat' dir='ltr'><strong>primam</strong></span> <span class='ocrx_word' id='word_1_256' title='bbox 507 2105 584 2148; x_wconf 90' lang='lat' dir='ltr'><strong>etrihu</strong></span> <span class='ocrx_word' id='word_1_257' title='bbox 598 2105 659 2148; x_wconf 88' lang='lat' dir='ltr'><strong>Iudae</strong></span> <span class='ocrx_word' id='word_1_258' title='bbox 677 2108 781 2163; x_wconf 82' lang='lat' dir='ltr'><strong>coniugem</strong></span> <span class='ocrx_word' id='word_1_259' title='bbox 799 2108 833 2150; x_wconf 87' lang='lat' dir='ltr'><strong>lra-</strong></span> 
     </span>
     <span class='ocr_line' id='line_1_29' title="bbox 52 2175 834 2233; baseline -0.003 -14"><span class='ocrx_word' id='word_1_260' title='bbox 52 2176 105 2230; x_wconf 83' lang='lat' dir='ltr'><strong>hnit,</strong></span> <span class='ocrx_word' id='word_1_261' title='bbox 122 2191 133 2219; x_wconf 93' lang='lat' dir='ltr'><strong>e</strong></span> <span class='ocrx_word' id='word_1_262' title='bbox 146 2190 183 2233; x_wconf 89' lang='lat' dir='ltr'><strong>qna</strong></span> <span class='ocrx_word' id='word_1_263' title='bbox 194 2190 231 2218; x_wconf 79' lang='lat' dir='ltr'><strong>sex</strong></span> <span class='ocrx_word' id='word_1_264' title='bbox 243 2175 317 2217; x_wconf 91' lang='lat' dir='ltr'><strong>liberos</strong></span> <span class='ocrx_word' id='word_1_265' title='bbox 329 2175 428 2232; x_wconf 86' lang='lat' dir='ltr'><strong>suscepit,</strong></span> <span class='ocrx_word' id='word_1_266' title='bbox 449 2189 514 2217; x_wconf 89' lang='lat' dir='ltr'><strong>mares</strong></span> <span class='ocrx_word' id='word_1_267' title='bbox 526 2182 621 2231; x_wconf 88' lang='lat' dir='ltr'><strong>quatuor,</strong></span> <span class='ocrx_word' id='word_1_268' title='bbox 642 2177 725 2217; x_wconf 84' lang='lat' dir='ltr'><strong>feminas</strong></span> <span class='ocrx_word' id='word_1_269' title='bbox 737 2178 798 2229; x_wconf 82' lang='lat' dir='ltr'><strong>duas3</strong></span> <span class='ocrx_word' id='word_1_270' title='bbox 814 2177 834 2217; x_wconf 94' lang='lat' dir='ltr'><strong>id</strong></span> 
     </span>
    </p>
   </div>
   <div class='ocr_carea' id='block_1_3' title="bbox 51 2299 837 3132">
    <p class='ocr_par' dir='ltr' id='par_1_5' title="bbox 51 2299 836 2995">
     <span class='ocr_line' id='line_1_30' title="bbox 51 2299 835 2359; baseline 0 -12"><span class='ocrx_word' id='word_1_271' title='bbox 51 2313 74 2348; x_wconf 87' lang='lat' dir='ltr'><strong>tis</strong></span> <span class='ocrx_word' id='word_1_272' title='bbox 84 2325 133 2359; x_wconf 88' lang='lat' dir='ltr'><strong>quam</strong></span> <span class='ocrx_word' id='word_1_273' title='bbox 144 2313 254 2358; x_wconf 84' lang='lat' dir='ltr'><strong>possidebat,</strong></span> <span class='ocrx_word' id='word_1_274' title='bbox 267 2325 287 2347; x_wconf 92' lang='lat' dir='ltr'><strong>eo</strong></span> <span class='ocrx_word' id='word_1_275' title='bbox 299 2312 353 2357; x_wconf 85' lang='lat' dir='ltr'><strong>ipsam</strong></span> <span class='ocrx_word' id='word_1_276' title='bbox 364 2299 432 2357; x_wconf 82' lang='lat' dir='ltr'><strong>adegis—</strong></span> <span class='ocrx_word' id='word_1_277' title='bbox 455 2312 478 2345; x_wconf 83' lang='lat' dir='ltr'><strong>ad</strong></span> <span class='ocrx_word' id='word_1_278' title='bbox 492 2324 531 2346; x_wconf 90' lang='lat' dir='ltr'><strong>suos</strong></span> <span class='ocrx_word' id='word_1_279' title='bbox 547 2312 597 2345; x_wconf 87' lang='lat' dir='ltr'><strong>liberi</strong></span> <span class='ocrx_word' id='word_1_280' title='bbox 611 2312 739 2353; x_wconf 75' lang='lat' dir='ltr'><strong>referebantur,</strong></span> <span class='ocrx_word' id='word_1_281' title='bbox 759 2325 791 2346; x_wconf 88' lang='lat' dir='ltr'><strong>nee</strong></span> <span class='ocrx_word' id='word_1_282' title='bbox 805 2320 835 2347; x_wconf 87' lang='lat' dir='ltr'><strong>ant</strong></span> 
     </span>
     <span class='ocr_line' id='line_1_31' title="bbox 52 2357 835 2402; baseline 0 -9"><span class='ocrx_word' id='word_1_283' title='bbox 52 2367 100 2400; x_wconf 86' lang='lat' dir='ltr'><strong>sent,</strong></span> <span class='ocrx_word' id='word_1_284' title='bbox 119 2362 160 2393; x_wconf 79' lang='lat' dir='ltr'><strong>recte</strong></span> <span class='ocrx_word' id='word_1_285' title='bbox 176 2362 237 2393; x_wconf 81' lang='lat' dir='ltr'><strong>monuit</strong></span> <span class='ocrx_word' id='word_1_286' title='bbox 253 2361 280 2393; x_wconf 81' lang='lat' dir='ltr'><strong>Th.</strong></span> <span class='ocrx_word' id='word_1_287' title='bbox 294 2362 383 2392; x_wconf 81' lang='lat' dir='ltr'><strong>Gotulserus</strong></span> <span class='ocrx_word' id='word_1_288' title='bbox 399 2361 433 2392; x_wconf 84' lang='lat' dir='ltr'><strong>Ad·</strong></span> <span class='ocrx_word' id='word_1_289' title='bbox 455 2359 528 2402; x_wconf 80' lang='lat' dir='ltr'><strong>virgines</strong></span> <span class='ocrx_word' id='word_1_290' title='bbox 543 2357 607 2391; x_wconf 83' lang='lat' dir='ltr'><strong>ullas</strong></span> <span class='ocrx_word' id='word_1_291' title='bbox 602 2370 619 2390; x_wconf 87' lang='grc'><strong>111</strong></span> <span class='ocrx_word' id='word_1_292' title='bbox 634 2359 673 2391; x_wconf 89' lang='lat' dir='ltr'><strong>loco</strong></span> <span class='ocrx_word' id='word_1_293' title='bbox 689 2370 737 2392; x_wconf 81' lang='lat' dir='ltr'><strong>sacro</strong></span> <span class='ocrx_word' id='word_1_294' title='bbox 753 2361 835 2393; x_wconf 78' lang='lat' dir='ltr'><strong>asservari</strong></span> 
     </span>
     <span class='ocr_line' id='line_1_32' title="bbox 51 2403 836 2455; baseline 0 -17"><span class='ocrx_word' id='word_1_295' title='bbox 51 2415 100 2439; x_wconf 77' lang='lat' dir='ltr'><strong>veros.</strong></span> <span class='ocrx_word' id='word_1_296' title='bbox 108 2407 172 2438; x_wconf 75' lang='grc'><strong>11111111.</strong></span> <span class='ocrx_word' id='word_1_297' title='bbox 182 2404 245 2446; x_wconf 69' lang='lat' dir='ltr'><strong>puta.</strong></span> <span class='ocrx_word' id='word_1_298' title='bbox 262 2406 433 2446; x_wconf 78' lang='lat' dir='ltr'><strong>Epiphomumipsum</strong></span> <span class='ocrx_word' id='word_1_299' title='bbox 455 2404 523 2447; x_wconf 84' lang='lat' dir='ltr'><strong>solitas,</strong></span> <span class='ocrx_word' id='word_1_300' title='bbox 541 2410 570 2436; x_wconf 84' lang='lat' dir='ltr'><strong>aut</strong></span> <span class='ocrx_word' id='word_1_301' title='bbox 582 2403 836 2456; x_wconf 79' lang='lat' dir='ltr'><strong>denrrpturientibussortitio·</strong></span> 
     </span>
     <span class='ocr_line' id='line_1_33' title="bbox 52 2429 836 2505; baseline 0.001 -22"><span class='ocrx_word' id='word_1_302' title='bbox 52 2453 155 2484; x_wconf 77' lang='lat' dir='ltr'><strong>soteotr&#39;tr&#39;sre</strong></span> <span class='ocrx_word' id='word_1_303' title='bbox 171 2453 270 2505; x_wconf 78' lang='lat' dir='ltr'><strong>interpretem</strong></span> <span class='ocrx_word' id='word_1_304' title='bbox 283 2452 391 2484; x_wconf 76' lang='lat' dir='ltr'><strong>melioremne</strong></span> <span class='ocrx_word' id='word_1_305' title='bbox 401 2452 433 2484; x_wconf 82' lang='lat' dir='ltr'><strong>dn</strong></span> <span class='ocrx_word' id='word_1_306' title='bbox 455 2461 485 2482; x_wconf 88' lang='lat' dir='ltr'><strong>nes</strong></span> <span class='ocrx_word' id='word_1_307' title='bbox 502 2429 596 2482; x_wconf 82' lang='lat' dir='ltr'><strong>isiiusmodi</strong></span> <span class='ocrx_word' id='word_1_308' title='bbox 611 2448 697 2483; x_wconf 79' lang='lat' dir='ltr'><strong>institutas</strong></span> <span class='ocrx_word' id='word_1_309' title='bbox 712 2450 784 2484; x_wconf 81' lang='lat' dir='ltr'><strong>historia</strong></span> <span class='ocrx_word' id='word_1_310' title='bbox 801 2451 836 2484; x_wconf 83' lang='lat' dir='ltr'><strong>ulla</strong></span> 
     </span>
     <span class='ocr_line' id='line_1_34' title="bbox 52 2489 835 2551; baseline -0.001 -21"><span class='ocrx_word' id='word_1_311' title='bbox 52 2501 150 2551; x_wconf 83' lang='lat' dir='ltr'><strong>corotocop</strong></span> <span class='ocrx_word' id='word_1_312' title='bbox 160 2489 297 2549; x_wconf 75' lang='grc' dir='ltr'><strong>611.,,0111ς1</strong></span> <span class='ocrx_word' id='word_1_313' title='bbox 306 2493 432 2549; x_wconf 81' lang='grc' dir='ltr'><strong>1ωσηφ,γέ-</strong></span> <span class='ocrx_word' id='word_1_314' title='bbox 455 2495 733 2540; x_wconf 79' lang='lat' dir='ltr'><strong>monumentumrelidedignum</strong></span> <span class='ocrx_word' id='word_1_315' title='bbox 750 2497 835 2530; x_wconf 84' lang='lat' dir='ltr'><strong>denarrat.</strong></span> 
     </span>
     <span class='ocr_line' id='line_1_35' title="bbox 53 2537 835 2599; baseline -0.003 -23"><span class='ocrx_word' id='word_1_316' title='bbox 53 2553 86 2597; x_wconf 81' lang='grc' dir='ltr'><strong>ρωι</strong></span> <span class='ocrx_word' id='word_1_317' title='bbox 98 2537 163 2576; x_wconf 74' lang='grc'><strong>111111</strong></span> <span class='ocrx_word' id='word_1_318' title='bbox 177 2552 241 2586; x_wconf 71' lang='lat' dir='ltr'><strong>popo„</strong></span> <span class='ocrx_word' id='word_1_319' title='bbox 258 2552 290 2575; x_wconf 83' lang='grc' dir='ltr'><strong>κατ</strong></span> <span class='ocrx_word' id='word_1_320' title='bbox 308 2537 346 2595; x_wconf 58' lang='lat' dir='ltr'><strong>eleni</strong></span> <span class='ocrx_word' id='word_1_321' title='bbox 344 2552 384 2585; x_wconf 82' lang='grc' dir='ltr'><strong>κηι</strong></span> <span class='ocrx_word' id='word_1_322' title='bbox 394 2541 432 2599; x_wconf 57' lang='lat' dir='ltr'><strong>ruia</strong></span> <span class='ocrx_word' id='word_1_323' title='bbox 455 2542 568 2573; x_wconf 84' lang='lat' dir='ltr'><strong>Veruntamen</strong></span> <span class='ocrx_word' id='word_1_324' title='bbox 584 2546 632 2584; x_wconf 84' lang='lat' dir='ltr'><strong>patet</strong></span> <span class='ocrx_word' id='word_1_325' title='bbox 648 2540 688 2575; x_wconf 82' lang='lat' dir='ltr'><strong>hinc</strong></span> <span class='ocrx_word' id='word_1_326' title='bbox 705 2553 741 2574; x_wconf 87' lang='lat' dir='ltr'><strong>eam</strong></span> <span class='ocrx_word' id='word_1_327' title='bbox 752 2542 835 2575; x_wconf 74' lang='lat' dir='ltr'><strong>fuissem</strong></span> 
     </span>
     <span class='ocr_line' id='line_1_36' title="bbox 52 2585 835 2642; baseline -0.003 -19"><span class='ocrx_word' id='word_1_328' title='bbox 52 2585 264 2642; x_wconf 65' lang='lat' dir='ltr'><strong>ulqpotrlioltopducor</strong></span> <span class='ocrx_word' id='word_1_329' title='bbox 256 2586 284 2621; x_wconf 81' lang='grc' dir='ltr'><strong>πὶ</strong></span> <span class='ocrx_word' id='word_1_330' title='bbox 295 2583 432 2641; x_wconf 68' lang='lat' dir='ltr'><strong>pripoueualoi-</strong></span> <span class='ocrx_word' id='word_1_331' title='bbox 454 2587 493 2619; x_wconf 89' lang='lat' dir='ltr'><strong>loeo</strong></span> <span class='ocrx_word' id='word_1_332' title='bbox 515 2587 568 2619; x_wconf 85' lang='lat' dir='ltr'><strong>altero</strong></span> <span class='ocrx_word' id='word_1_333' title='bbox 591 2585 622 2618; x_wconf 87' lang='lat' dir='ltr'><strong>illo</strong></span> <span class='ocrx_word' id='word_1_334' title='bbox 644 2587 734 2639; x_wconf 83' lang='lat' dir='ltr'><strong>Epiphanii</strong></span> <span class='ocrx_word' id='word_1_335' title='bbox 754 2595 835 2630; x_wconf 82' lang='lat' dir='ltr'><strong>mentem,</strong></span> 
     </span>
     <span class='ocr_line' id='line_1_37' title="bbox 52 2628 836 2690; baseline 0 -23"><span class='ocrx_word' id='word_1_336' title='bbox 52 2631 119 2690; x_wconf 79' lang='grc' dir='ltr'>γάμους</span> <span class='ocrx_word' id='word_1_337' title='bbox 137 2629 177 2667; x_wconf 47' lang='grc' dir='ltr'><strong>καῖ</strong></span> <span class='ocrx_word' id='word_1_338' title='bbox 194 2631 268 2674; x_wconf 73' lang='grc' dir='ltr'>ἑκάστην</span> <span class='ocrx_word' id='word_1_339' title='bbox 285 2628 344 2687; x_wconf 80' lang='grc' dir='ltr'><strong>φυληι</strong></span> <span class='ocrx_word' id='word_1_340' title='bbox 361 2630 433 2670; x_wconf 80' lang='grc' dir='ltr'>εἰςτὰς</span> <span class='ocrx_word' id='word_1_341' title='bbox 455 2632 520 2665; x_wconf 77' lang='lat' dir='ltr'><strong>etiamn</strong></span> <span class='ocrx_word' id='word_1_342' title='bbox 530 2639 619 2664; x_wconf 88' lang='lat' dir='ltr'><strong>tamarer</strong></span> <span class='ocrx_word' id='word_1_343' title='bbox 631 2633 702 2666; x_wconf 78' lang='lat' dir='ltr'><strong>veritate</strong></span> <span class='ocrx_word' id='word_1_344' title='bbox 712 2633 784 2666; x_wconf 81' lang='lat' dir='ltr'><strong>ahenam</strong></span> <span class='ocrx_word' id='word_1_345' title='bbox 798 2646 836 2667; x_wconf 88' lang='lat' dir='ltr'><strong>earn</strong></span> 
     </span>
     <span class='ocr_line' id='line_1_38' title="bbox 53 2674 836 2733; baseline 0 -20"><span class='ocrx_word' id='word_1_346' title='bbox 53 2675 87 2713; x_wconf 74' lang='lat' dir='ltr'><strong>aiud</strong></span> <span class='ocrx_word' id='word_1_347' title='bbox 99 2676 252 2733; x_wconf 60' lang='lat' dir='ltr'><strong>cananaeorum,</strong></span> <span class='ocrx_word' id='word_1_348' title='bbox 263 2674 321 2712; x_wconf 78' lang='grc' dir='ltr'>διὰτὸ</span> <span class='ocrx_word' id='word_1_349' title='bbox 333 2674 433 2731; x_wconf 65' lang='grc' dir='ltr'><strong>ἇφιερωὲῆ-</strong></span> <span class='ocrx_word' id='word_1_350' title='bbox 456 2689 505 2722; x_wconf 84' lang='lat' dir='ltr'><strong>qnam</strong></span> <span class='ocrx_word' id='word_1_351' title='bbox 520 2684 576 2710; x_wconf 85' lang='lat' dir='ltr'><strong>mente</strong></span> <span class='ocrx_word' id='word_1_352' title='bbox 591 2676 643 2720; x_wconf 85' lang='lat' dir='ltr'><strong>ipsius</strong></span> <span class='ocrx_word' id='word_1_353' title='bbox 656 2677 836 2713; x_wconf 79' lang='lat' dir='ltr'><strong>fuleviridoetissimi</strong></span> 
     </span>
     <span class='ocr_line' id='line_1_39' title="bbox 52 2720 837 2779; baseline -0.001 -21"><span class='ocrx_word' id='word_1_354' title='bbox 52 2735 80 2758; x_wconf 80' lang='grc'><strong>1111</strong></span> <span class='ocrx_word' id='word_1_355' title='bbox 95 2723 112 2759; x_wconf 76' lang='grc' dir='ltr'><strong>ἐν</strong></span> <span class='ocrx_word' id='word_1_356' title='bbox 120 2724 149 2779; x_wconf 75' lang='grc' dir='ltr'><strong>τῷ</strong></span> <span class='ocrx_word' id='word_1_357' title='bbox 161 2723 198 2768; x_wconf 80' lang='grc' dir='ltr'><strong>1αῷ</strong></span> <span class='ocrx_word' id='word_1_358' title='bbox 208 2721 249 2761; x_wconf 77' lang='grc' dir='ltr'>τοὺς</span> <span class='ocrx_word' id='word_1_359' title='bbox 261 2720 381 2765; x_wconf 79' lang='grc' dir='ltr'><strong>πρωτοτόκους</strong></span> <span class='ocrx_word' id='word_1_360' title='bbox 394 2726 433 2757; x_wconf 77' lang='lat' dir='ltr'><strong>roi-</strong></span> <span class='ocrx_word' id='word_1_361' title='bbox 456 2723 541 2767; x_wconf 83' lang='lat' dir='ltr'><strong>utriusque</strong></span> <span class='ocrx_word' id='word_1_362' title='bbox 547 2722 634 2775; x_wconf 77' lang='lat' dir='ltr'><strong>opinatio.</strong></span> <span class='ocrx_word' id='word_1_363' title='bbox 658 2724 708 2764; x_wconf 88' lang='lat' dir='ltr'><strong>Quod</strong></span> <span class='ocrx_word' id='word_1_364' title='bbox 720 2736 753 2768; x_wconf 86' lang='lat' dir='ltr'><strong>ego</strong></span> <span class='ocrx_word' id='word_1_365' title='bbox 765 2737 786 2758; x_wconf 87' lang='lat' dir='ltr'><strong>eo</strong></span> <span class='ocrx_word' id='word_1_366' title='bbox 797 2737 837 2758; x_wconf 83' lang='lat' dir='ltr'><strong>ma-</strong></span> 
     </span>
     <span class='ocr_line' id='line_1_40' title="bbox 53 2765 836 2815; baseline 0 -11"><span class='ocrx_word' id='word_1_367' title='bbox 53 2771 97 2809; x_wconf 77' lang='grc' dir='ltr'><strong>δας,</strong></span> <span class='ocrx_word' id='word_1_368' title='bbox 114 2765 220 2812; x_wconf 71' lang='grc' dir='ltr'><strong>ἅρρέιας</strong></span> <span class='ocrx_word' id='word_1_369' title='bbox 201 2767 264 2804; x_wconf 79' lang='grc' dir='ltr'>τεκαὶ</span> <span class='ocrx_word' id='word_1_370' title='bbox 280 2767 361 2811; x_wconf 64' lang='grc' dir='ltr'><strong>δηλείας,</strong></span> <span class='ocrx_word' id='word_1_371' title='bbox 382 2767 466 2813; x_wconf 74' lang='grc' dir='ltr'>ἔλαβε</span> <span class='ocrx_word' id='word_1_372' title='bbox 457 2768 480 2801; x_wconf 70' lang='lat' dir='ltr'><strong>vis</strong></span> <span class='ocrx_word' id='word_1_373' title='bbox 496 2767 553 2802; x_wconf 87' lang='lat' dir='ltr'><strong>monui</strong></span> <span class='ocrx_word' id='word_1_374' title='bbox 564 2768 603 2812; x_wconf 87' lang='lat' dir='ltr'><strong>qnia</strong></span> <span class='ocrx_word' id='word_1_375' title='bbox 615 2769 635 2801; x_wconf 91' lang='lat' dir='ltr'><strong>V.</strong></span> <span class='ocrx_word' id='word_1_376' title='bbox 649 2767 673 2802; x_wconf 89' lang='lat' dir='ltr'><strong>Cl</strong></span> <span class='ocrx_word' id='word_1_377' title='bbox 684 2769 739 2803; x_wconf 85' lang='lat' dir='ltr'><strong>Fried.</strong></span> <span class='ocrx_word' id='word_1_378' title='bbox 750 2771 836 2815; x_wconf 87' lang='lat' dir='ltr'><strong>Spanhei-</strong></span> 
     </span>
     <span class='ocr_line' id='line_1_41' title="bbox 53 2810 836 2859; baseline 0.003 -11"><span class='ocrx_word' id='word_1_379' title='bbox 53 2815 99 2850; x_wconf 79' lang='grc' dir='ltr'><strong><em>κατὰ</em></strong></span> <span class='ocrx_word' id='word_1_380' title='bbox 114 2816 176 2859; x_wconf 72' lang='grc' dir='ltr'><strong>κλῆροι</strong></span> <span class='ocrx_word' id='word_1_381' title='bbox 191 2812 222 2857; x_wconf 81' lang='grc' dir='ltr'><strong>τήι</strong></span> <span class='ocrx_word' id='word_1_382' title='bbox 238 2810 288 2857; x_wconf 75' lang='grc' dir='ltr'><strong>ἁγίαν</strong></span> <span class='ocrx_word' id='word_1_383' title='bbox 302 2813 383 2857; x_wconf 69' lang='grc' dir='ltr'><strong>παρ11111</strong></span> <span class='ocrx_word' id='word_1_384' title='bbox 393 2813 432 2847; x_wconf 80' lang='lat' dir='ltr'><strong>Mo-</strong></span> <span class='ocrx_word' id='word_1_385' title='bbox 455 2814 523 2847; x_wconf 85' lang='lat' dir='ltr'><strong>minsin</strong></span> <span class='ocrx_word' id='word_1_386' title='bbox 533 2813 576 2847; x_wconf 87' lang='lat' dir='ltr'><strong>Dub.</strong></span> <span class='ocrx_word' id='word_1_387' title='bbox 587 2814 667 2858; x_wconf 82' lang='lat' dir='ltr'><strong>Evangel.</strong></span> <span class='ocrx_word' id='word_1_388' title='bbox 679 2815 706 2856; x_wconf 71' lang='lat'><strong>14</strong></span> <span class='ocrx_word' id='word_1_389' title='bbox 718 2823 759 2849; x_wconf 80' lang='lat' dir='ltr'><strong>sem.</strong></span> <span class='ocrx_word' id='word_1_390' title='bbox 770 2817 786 2849; x_wconf 79' lang='lat'><strong>5.</strong></span> <span class='ocrx_word' id='word_1_391' title='bbox 804 2817 836 2850; x_wconf 83' lang='lat' dir='ltr'><strong>Ga-</strong></span> 
     </span>
     <span class='ocr_line' id='line_1_42' title="bbox 54 2858 835 2903; baseline 0.003 -10"><span class='ocrx_word' id='word_1_392' title='bbox 54 2859 107 2903; x_wconf 68' lang='lat' dir='ltr'><strong>plotuf‘</strong></span> <span class='ocrx_word' id='word_1_393' title='bbox 135 2863 160 2894; x_wconf 81' lang='lat' dir='ltr'><strong>dd</strong></span> <span class='ocrx_word' id='word_1_394' title='bbox 175 2861 213 2893; x_wconf 84' lang='lat' dir='ltr'><strong>hoec</strong></span> <span class='ocrx_word' id='word_1_395' title='bbox 228 2861 335 2897; x_wconf 75' lang='lat' dir='ltr'><strong>ontnoerns,</strong></span> <span class='ocrx_word' id='word_1_396' title='bbox 337 2860 386 2899; x_wconf 81' lang='grc'><strong>,511111</strong></span> <span class='ocrx_word' id='word_1_397' title='bbox 400 2858 433 2891; x_wconf 82' lang='lat' dir='ltr'><strong>ista</strong></span> <span class='ocrx_word' id='word_1_398' title='bbox 455 2859 567 2892; x_wconf 87' lang='lat' dir='ltr'><strong>saubnnum&#39;</strong></span> <span class='ocrx_word' id='word_1_399' title='bbox 561 2871 578 2891; x_wconf 84' lang='lat' dir='ltr'><strong>in</strong></span> <span class='ocrx_word' id='word_1_400' title='bbox 590 2859 622 2892; x_wconf 84' lang='lat' dir='ltr'><strong>hac</strong></span> <span class='ocrx_word' id='word_1_401' title='bbox 633 2860 731 2903; x_wconf 84' lang='lat' dir='ltr'><strong>opinatione</strong></span> <span class='ocrx_word' id='word_1_402' title='bbox 747 2862 790 2894; x_wconf 79' lang='lat' dir='ltr'><strong>falsa</strong></span> <span class='ocrx_word' id='word_1_403' title='bbox 806 2874 835 2895; x_wconf 91' lang='lat' dir='ltr'><strong>se-</strong></span> 
     </span>
     <span class='ocr_line' id='line_1_43' title="bbox 53 2905 835 2957; baseline 0.005 -20"><span class='ocrx_word' id='word_1_404' title='bbox 53 2916 118 2948; x_wconf 88' lang='lat' dir='ltr'><strong>revera,</strong></span> <span class='ocrx_word' id='word_1_405' title='bbox 130 2908 187 2957; x_wconf 69' lang='lat' dir='ltr'><strong>inquil,</strong></span> <span class='ocrx_word' id='word_1_406' title='bbox 198 2917 245 2938; x_wconf 84' lang='lat' dir='ltr'><strong>mera</strong></span> <span class='ocrx_word' id='word_1_407' title='bbox 257 2911 433 2956; x_wconf 78' lang='lat' dir='ltr'><strong>nugament÷13neque</strong></span> <span class='ocrx_word' id='word_1_408' title='bbox 456 2912 509 2946; x_wconf 85' lang='lat' dir='ltr'><strong>entus,</strong></span> <span class='ocrx_word' id='word_1_409' title='bbox 520 2905 565 2937; x_wconf 83' lang='lat' dir='ltr'><strong>idem</strong></span> <span class='ocrx_word' id='word_1_410' title='bbox 574 2916 595 2937; x_wconf 83' lang='lat' dir='ltr'><strong>ex</strong></span> <span class='ocrx_word' id='word_1_411' title='bbox 604 2906 700 2950; x_wconf 76' lang='lat' dir='ltr'><strong>Fprphamo</strong></span> <span class='ocrx_word' id='word_1_412' title='bbox 708 2907 781 2950; x_wconf 87' lang='lat' dir='ltr'><strong>probare</strong></span> <span class='ocrx_word' id='word_1_413' title='bbox 792 2920 835 2941; x_wconf 86' lang='lat' dir='ltr'><strong>con-</strong></span> 
     </span>
     <span class='ocr_line' id='line_1_44' title="bbox 54 2931 529 3003; baseline 0.002 -21"><span class='ocrx_word' id='word_1_414' title='bbox 54 2949 98 2982; x_wconf 86' lang='lat' dir='ltr'><strong>enr&#39;m</strong></span> <span class='ocrx_word' id='word_1_415' title='bbox 109 2950 255 3003; x_wconf 82' lang='lat' dir='ltr'><strong>primogeniturae</strong></span> <span class='ocrx_word' id='word_1_416' title='bbox 260 2950 325 2983; x_wconf 80' lang='lat' dir='ltr'><strong>ratione</strong></span> <span class='ocrx_word' id='word_1_417' title='bbox 336 2949 368 2982; x_wconf 89' lang='lat' dir='ltr'><strong>uisi</strong></span> <span class='ocrx_word' id='word_1_418' title='bbox 378 2960 433 2982; x_wconf 84' lang='lat' dir='ltr'><strong>mares</strong></span> <span class='ocrx_word' id='word_1_419' title='bbox 454 2931 529 2984; x_wconf 66' lang='lat' dir='ltr'><strong>tendiif‘</strong></span> 
     </span>
    </p>

    <p class='ocr_par' dir='ltr' id='par_1_6' title="bbox 54 2994 835 3086">
     <span class='ocr_line' id='line_1_45' title="bbox 54 2994 835 3040; baseline 0.005 -12"><span class='ocrx_word' id='word_1_420' title='bbox 54 2994 86 3028; x_wconf 93' lang='lat' dir='ltr'><strong>soli</strong></span> <span class='ocrx_word' id='word_1_421' title='bbox 101 3003 149 3029; x_wconf 86' lang='lat' dir='ltr'><strong>erant</strong></span> <span class='ocrx_word' id='word_1_422' title='bbox 163 2997 196 3029; x_wconf 88' lang='lat' dir='ltr'><strong>deo</strong></span> <span class='ocrx_word' id='word_1_423' title='bbox 214 2995 267 3036; x_wconf 84' lang='lat' dir='ltr'><strong>sacri,</strong></span> <span class='ocrx_word' id='word_1_424' title='bbox 286 3007 340 3040; x_wconf 86' lang='lat' dir='ltr'><strong>neque</strong></span> <span class='ocrx_word' id='word_1_425' title='bbox 356 2994 384 3039; x_wconf 88' lang='lat' dir='ltr'><strong>qui</strong></span> <span class='ocrx_word' id='word_1_426' title='bbox 400 2995 432 3028; x_wconf 84' lang='lat' dir='ltr'><strong>deo</strong></span> <span class='ocrx_word' id='word_1_427' title='bbox 478 2996 494 3030; x_wconf 75' lang='lat'><strong>3.</strong></span> <span class='ocrx_word' id='word_1_428' title='bbox 506 2998 702 3037; x_wconf 70' lang='grc'><strong>1111111111111111111</strong></span> <span class='ocrx_word' id='word_1_429' title='bbox 714 3000 787 3032; x_wconf 79' lang='lat' dir='ltr'><strong>Aoostos.</strong></span> <span class='ocrx_word' id='word_1_430' title='bbox 800 3000 835 3032; x_wconf 83' lang='lat' dir='ltr'><strong>sm</strong></span> 
     </span>
     <span class='ocr_line' id='line_1_46' title="bbox 55 3022 690 3086; baseline 0.005 -13"><span class='ocrx_word' id='word_1_431' title='bbox 55 3047 102 3073; x_wconf 87' lang='lat' dir='ltr'><strong>erant</strong></span> <span class='ocrx_word' id='word_1_432' title='bbox 121 3042 174 3081; x_wconf 79' lang='lat' dir='ltr'><strong>sani,</strong></span> <span class='ocrx_word' id='word_1_433' title='bbox 197 3041 215 3075; x_wconf 91' lang='lat' dir='ltr'><strong>in</strong></span> <span class='ocrx_word' id='word_1_434' title='bbox 232 3022 296 3086; x_wconf 88' lang='lat' dir='ltr'><strong>teniplo</strong></span> <span class='ocrx_word' id='word_1_435' title='bbox 314 3040 433 3083; x_wconf 80' lang='lat' dir='ltr'><strong>educabantur,</strong></span> <span class='ocrx_word' id='word_1_436' title='bbox 457 3044 527 3083; x_wconf 80' lang='lat' dir='ltr'><strong>Quuestt</strong></span> <span class='ocrx_word' id='word_1_437' title='bbox 537 3052 576 3084; x_wconf 74' lang='lat' dir='ltr'><strong>pop.</strong></span> <span class='ocrx_word' id='word_1_438' title='bbox 588 3041 627 3076; x_wconf 88' lang='grc'><strong>618</strong></span> <span class='ocrx_word' id='word_1_439' title='bbox 640 3046 690 3077; x_wconf 79' lang='lat' dir='ltr'><strong>Grets.</strong></span> 
     </span>
    </p>

    <p class='ocr_par' dir='ltr' id='par_1_7' title="bbox 54 3067 433 3132">
     <span class='ocr_line' id='line_1_47' title="bbox 54 3067 433 3132; baseline -0.003 -12.997"><span class='ocrx_word' id='word_1_440' title='bbox 54 3085 84 3119; x_wconf 85' lang='lat' dir='ltr'><strong>sed</strong></span> <span class='ocrx_word' id='word_1_441' title='bbox 92 3067 208 3131; x_wconf 81' lang='lat' dir='ltr'><strong>redemptione</strong></span> <span class='ocrx_word' id='word_1_442' title='bbox 217 3099 236 3119; x_wconf 81' lang='lat' dir='ltr'><strong>ex</strong></span> <span class='ocrx_word' id='word_1_443' title='bbox 243 3087 278 3120; x_wconf 85' lang='lat' dir='ltr'><strong>iure</strong></span> <span class='ocrx_word' id='word_1_444' title='bbox 288 3098 349 3132; x_wconf 86' lang='lat' dir='ltr'><strong>usuque</strong></span> <span class='ocrx_word' id='word_1_445' title='bbox 359 3093 433 3130; x_wconf 36' lang='lat' dir='ltr'><strong>percocti</strong></span> 
     </span>
    </p>
   </div>
   <div class='ocr_carea' id='block_1_4' title="bbox 0 0 1000 3392">
    <p class='ocr_par' dir='ltr' id='par_1_8' title="bbox 0 0 1000 3392">
     <span class='ocr_line' id='line_1_48' title="bbox 0 0 1000 3392; baseline 0 0"><span class='ocrx_word' id='word_1_446' title='bbox 0 0 1000 3392; x_wconf 95' lang='lat' dir='ltr'><strong> </strong></span> 
     </span>
    </p>
   </div>
  </div>
 </body>
</html>
