1988 3392
144 220 186 270 300
431 229 513 263 εκαατι
525 228 640 264 αειειιιαιι

145 305 172 358 τός
182 309 235 350 αἰτία
245 305 259 362 ή
270 308 378 364 ἀγέννητος
387 306 505 360 ὑπόστασις,
527 306 579 351 κατά
590 308 656 364 πάσης
666 309 731 359 αἰτίας
740 306 763 351 τό
775 307 928 366 ἀπαράλλακτον

144 377 226 431 ἔχουσα,
236 384 238 386 ’
250 376 375 421 2αῦτοουσιίι
387 377 439 420 ἐστὶν
450 375 579 434 άσὺγκριτος,
602 375 640 421 οῦκ
654 378 730 429 ἔξωθεν
748 381 928 432 5συνεμιμαιίιουοα

143 443 166 487 τδ
184 444 304 502 ἆπρόςιτον,
325 444 374 488 αὑτό
392 446 414 489 δὲ
425 444 543 504 ὑπάρχουσα
554 444 673 503 ἀσύγκριτος
683 447 718 490 καὶ
729 445 844 504 άπρόςιτος,
859 447 927 503 ἐπειδή

144 514 179 557 καὶ
193 512 306 572 άγέννητος.

201 722 277 777 Ἀνατρ-
308 721 409 772 Πολλάκις
424 721 475 765 κατά
485 726 525 765 τῶν
536 719 602 765 αὑτῶν
613 721 691 771 Ἀἕτιος
705 721 796 777 φέρεται,
818 718 883 778 ὑςπερ
894 722 929 764 καὶ

146 787 206 840 αὑτός
215 790 309 841 πολλάκις
321 792 384 846 ἔφην,
403 792 432 841 εἰς
441 789 532 845 κάματον
544 790 606 845 μόνον
617 788 671 845 ήμῦς
681 791 758 846 φέρων,
773 791 809 833 καὶ
824 787 884 833 οῦδὲν
895 807 929 833 πε

145 857 265 915 ρισσότερον.
296 858 334 902 Διό
353 860 387 903 καὶ
406 861 428 903 ἒν
446 864 474 916 τῷ
494 858 581 917 παρόντι
600 857 690 916 άνάγκην
709 860 791 914 ἔσχομεν
805 862 832 918 τῷ
847 858 929 919 καμάτῳ

145 933 276 982 προςθεῖναι,
296 928 330 970 καὶ
346 926 371 971 τά
389 926 440 971 αὑτά
455 934 497 979 τοῖς
513 928 583 979 αὑτοῖς
599 931 755 985 δευτερολογεῖν,
775 927 882 986 ἐπειδήπερ
895 929 930 971 καὶ

146 994 202 1053 αὑτῷ
212 995 277 1046 οὑτως
287 997 359 1048 ἔδοξεν.
389 1000 419 1040 Er’
428 995 465 1054 γάρ
476 998 510 1040 καὶ
521 1002 545 1056 τῇ
555 996 678 1054 γεννήματος
689 995 749 1056 οῦσίηι
760 998 932 1052 4σονεμςναίνεται

146 1062 160 1119 ή
176 1063 282 1120 άγὲννητος
299 1064 421 1121 γεννήσασα,
441 1064 500 1108 οῦδὲν
515 1068 584 1109 διοίσει
600 1070 637 1109 τοῦ
651 1064 762 1121 άξιάματος
778 1071 822 1125 ὗτηῑ
835 1063 931 1123 γεννάνό

146 1134 244 1190 γεννήτωρ
256 1132 278 1177 ιδ
289 1135 436 1191 γεγεννημένον.
451 1133 483 1186 Ἐξ
493 1131 559 1177 αὑτοῦ.
569 1133 607 1191 γάρ
619 1135 722 1191 ἐγέννησεν
731 1133 842 1188 οῦσιωδῦς,
852 1138 932 1189 πνεῦμα

147 1204 170 1245 ε’κ
182 1201 305 1256 πνεύματος,
324 1204 358 1245 καὶ
370 1202 395 1246 οὑ
408 1207 466 1256 σῶμα
479 1204 501 1246 ἒκ
511 1202 609 1257 στόματος.
639 1200 677 1246 Διό
691 1201 932 1260 άσυγκρίτοεςσυνεμφαί-
960 1230 961 1233 =

147 1287 202 1314 νεται
218 1272 341 1328 συμπρέπων
357 1269 369 1314 ό
383 1269 481 1327 γεννήτωρ
498 1275 526 1330 τῷ
543 1273 691 1330 γεγεννημένῳ,
712 1273 746 1315 καὶ
762 1270 775 1315 ό
792 1272 933 1329 γεγεννημένος

147 1338 318 1397 τῷγεγεννηκότι.
350 1338 401 1382 Οῦτε
413 1338 451 1396 γάρ
462 1338 583 1398 προςθήκης
594 1342 657 1382 δεῖται
667 1338 770 1393 τδθεῖον,
785 1343 819 1383 λ’να
834 1340 882 1383 ποτὲ
895 1356 933 1382 πα·
955 1383 957 1386 ,

148 1405 184 1464 ιήρ
198 1411 293 1462 κληθείη,
316 1409 364 1451 ποτὲ
375 1408 397 1451 δὲ
409 1406 442 1451 οῦ·
464 1406 510 1451 οότε
526 1406 538 1452 ό
552 1407 598 1458 υἱός
616 1405 746 1464 εὑρεθήσεται
761 1410 783 1453 ἐκ
800 1413 836 1452 τοῦ
852 1408 933 1452 άνωθεν

149 1477 272 1531 συνδέσμου,
294 1477 342 1519 ποτὲ
359 1474 387 1531 μή
399 1475 438 1528 τόν,
459 1475 505 1532 άρτι
521 1476 543 1518 δὲ
554 1474 588 1519 ὑόν.
618 1475 657 1519 Διό
667 1474 777 1520 αὑτοουσία
794 1474 934 1527 ἕστὶνὺθεδς

148 1543 221 1601 πατήρ,
237 1545 270 1587 καὶ
284 1542 355 1596 όυὺός,
371 1546 405 1587 καὶ
416 1543 473 1601 άγιον
483 1549 568 1598 πνεῦμα,
583 1546 618 1587 καὶ
631 1544 668 1599 οὑχ
679 1546 800 1601 ἕτεροουσία.
831 1544 883 1588 Οῦτε
894 1543 932 1602 γάρ

148 1615 189 1656 ἔστι
199 1612 333 1665 συνάδελφος,
349 1611 395 1656 οῦτε
406 1614 458 1655 ἔστιν
471 1610 607 1669 ἕπιγεννητδς,
629 1610 678 1655 άλλά
689 1611 835 1670 άνεκδιηγήτως
846 1613 933 1670 συμπρέ-

148 1699 222 1731 ποντος
232 1686 268 1724 τοῦ
281 1679 352 1737 Πατήρ
367 1678 580 1740 όνόματοςδμοουσίῳ
591 1678 634 1724 όντι
643 1685 670 1739 τῷ
680 1683 730 1741 υἲηῦ,
749 1682 784 1724 καὶ
798 1683 934 1739 θσυμπρέπον

149 1749 211 1801 ’όντως
223 1755 251 1808 τῷ
261 1751 322 1806 πατρὶ
333 1750 366 1792 καὶ
378 1752 417 1807 υἷῷ
429 1748 451 1792 τό
463 1747 566 1801 ἒξαότοῦ,
587 1747 613 1792 δι’
628 1749 702 1802 αὑτοῦ,
721 1751 756 1792 καὶ
767 1750 890 1803 τιῦναὺτοῦ,
910 1749 933 1793 τό

149 1818 207 1875 ὑίγιον
221 1816 284 1862 αὑτοῦ
301 1822 385 1871 πνεῦμα.
415 1817 453 1860 Διό
468 1816 490 1861 τό
508 1816 618 1874 άπρόςιτόν
631 1819 684 1861 ἔστιν
698 1820 720 1862 ἐν
732 1819 794 1876 πατρὶ
805 1820 888 1877 καὶυἷῷ
898 1820 933 1863 καὶ

149 1885 200 1945 άγίρι
210 1887 309 1941 πνεύματι
318 1885 370 1943 πρός
381 1885 459 1928 ἅπαντα
470 1885 508 1930 ῦσα
516 1888 570 1929 ἔστιν
578 1885 720 1941 ὑποβεβηκότα
729 1885 784 1939 όντα,
799 1889 832 1930 καὶ
842 1889 862 1938 ἒξ
872 1885 935 1942 αῦτής

149 1960 185 2008 τής
194 1956 276 2011 τριάδος
285 1957 398 1998 κτισθέντα.
427 1952 453 1996 Ἡ
460 1955 482 1997 δὲ
491 1953 548 2011 τριάς
558 1952 610 2011 πρός
620 1953 693 2010 ἑαυτήν
705 1955 744 1999 οὑκ
756 1953 872 2012 άπρόςιτος·
893 1956 935 2000 ἔστι

149 2022 186 2080 γάρ
197 2022 299 2076 άκτιστος,
314 2025 349 2067 καὶ
361 2021 478 2080 άγέννητος,
492 2024 528 2065 καὶ
540 2020 666 2080 άσὺγκριτος.
696 2022 735 2068 Λιό
746 2024 771 2068 οῦ
783 2024 866 2068 δόναται
875 2023 935 2068 οῦδὲν

150 2095 267 2144 ἐξισοῦσθαι
277 2095 346 2149 πατρί·
368 2090 393 2135 οῦ
404 2097 587 2147 συμπροςκυνεῐται
598 2090 653 2150 αὑτῷ
667 2110 685 2135 τι
694 2097 734 2135 τῦο
747 2094 767 2145 ἒξ
778 2091 816 2136 οῦκ
828 2091 893 2136 όντων
904 2109 935 2150 γε-

150 2160 250 2218 γονότων,
271 2162 307 2203 καὶ
322 2159 366 2215 οόγὶ
383 2161 535 2217 γεγεννημένων.
568 2159 640 2202 Οὑδενὶ
655 2159 693 2218 γάρ
708 2165 749 2204 τῶν
763 2159 875 2219 γεγονότων
893 2159 936 2205 εἶπε

67 2231 205 2283 1‘³E·⁹⁷²·⁷r0r{‚
222 2228 298 2272 Κάθου
309 2231 331 2272 ἐκ
341 2231 411 2279 δεξιῶν
423 2245 467 2281 μου.
493 2225 546 2269 Οόδὲ
558 2226 635 2282 7μήνό
646 2228 754 2285 μονογενής
764 2232 809 2285 περί
819 2247 873 2279 τινος
883 2232 936 2286 εἷ’ρη-

149 2314 184 2340 κεν
196 2298 237 2350 δτι,
252 2295 278 2339 ‘O
288 2295 381 2354 ἕωρακαδς
394 2297 428 2350 ἐμὲ
440 2296 516 2352 ἑόρακε
528 2295 564 2338 τόν
577 2297 663 2352 πατέρα,
678 2299 719 2349 καὶ,
733 2296 784 2354 Ἐγαδ
795 2299 816 2341 ἓν
827 2301 855 2357 τῷ
867 2299 935 2355 πατρὶ,

150 2368 186 2409 καὶ
196 2365 208 2409 ό
220 2364 287 2423 πατήρ
298 2367 320 2409 ἐν
330 2366 385 2420 ἐμοὶ,
400 2368 445 2417 καὶ,
462 2363 535 2414 Οὐδεὶς
546 2362 589 2407 οἶδε
600 2364 635 2408 τόν
647 2367 733 2423 πατέρα,
749 2368 767 2409 εἰ
776 2365 803 2422 μή
813 2365 825 2410 ὑ
835 2365 886 2419 υἱός,
901 2368 936 2410 καὶ

150 2434 185 2479 τόν
195 2435 240 2479 υἱόν
252 2437 269 2478 εἰ
281 2434 308 2489 μή
320 2432 416 2489 ὑπατήρ,
431 2434 466 2475 καὶ
479 2427 541 2491 ᾦὲάν
554 2433 684 2493 άποκαλὺψη.
713 2432 858 2478 Ἀποκαλὺπτει
869 2436 891 2478 δὲ
902 2434 936 2479 διά

151 2503 265 2558 πνεόματος
281 2501 351 2560 άγίου,
371 2506 407 2545 τοῦ
423 2502 567 2559 γινώσκοντος,
588 2503 623 2544 καὶ
634 2501 774 2555 διδάσκοντος,
793 2504 829 2546 καὶ
840 2503 936 2561 άπαγγέλ-

151 2579 220 2623 λοντος
231 2575 252 2616 ἕν
263 2570 332 2630 κόσμῳ
343 2569 367 2614 τά
377 2574 431 2624 υἱοῦ,
448 2569 568 2627 ἕρευνόντός
578 2587 598 2612 τε
609 2573 643 2614 καὶ
656 2569 680 2614 τά
691 2570 749 2627 βάθη
760 2577 797 2615 τοῦ
807 2577 864 2616 θεοῦ.
895 2571 936 2616 Διά

152 2647 212 2685 τοῦτο
228 2641 266 2697 γάρ
284 2654 343 2694 φησι,
364 2638 386 2682 ‘0
397 2638 424 2695 μή
435 2644 499 2694 τιμῶν
512 2637 548 2681 τόν
563 2638 608 2682 υἱόν
619 2638 691 2691 καθοδς
706 2644 754 2700 τιμᾷ
771 2639 807 2684 τόν
817 2641 903 2699 πατέρα,
923 2640 937 2697 ή

153 2709 203 2768 όργή
211 2714 248 2752 τοῦ
257 2713 310 2751 θεοῦ
319 2710 371 2763 μένει
382 2707 412 2751 ἐπ’
423 2707 492 2751 αὐτόν,
523 2707 564 2749 Καὶ
575 2707 614 2752 οῦκ
624 2706 685 2762 εἶπεν,
699 2707 721 2751 ‘0
732 2707 759 2764 μή
768 2713 831 2764 τιμῦν
842 2708 937 2767 ἄγγε’λονς

176 2805 192 2838 2.
205 2806 260 2845 supra
272 2799 359 2837 αῦτουσία.
401 2829 403 2833 ,
559 2800 614 2834 uirum
624 2814 655 2846 per
668 2802 768 2846 dignitatem
780 2802 866 2846 gignendi.

175 2850 192 2883 3.
199 2851 224 2883 Ιλα
232 2849 342 2890 corrigendum
350 2851 384 2881 ιτολ
393 2858 412 2881 ιιι
421 2848 534 2890 superioribus.
579 2846 596 2880 6.
608 2849 669 2890 Scripsi
679 2847 775 2892 συμπρέπον
787 2843 840 2888 ὅντως
850 2850 876 2882 cni
885 2858 937 2883 emm·

154 2898 204 2937 Vulyo
216 2893 345 2939 ουνιφαίνουσα.
557 2894 617 2926 aaroni
627 2895 681 2936 favere
695 2896 770 2928 videbam
782 2896 878 2935 scripturam
890 2896 936 2929 οοδδ.

176 2942 193 2976 4.
207 2940 319 2984 σομφαλοεται
330 2941 365 2973 τοῦ.
375 2941 440 2982 Βασιλὶς.
557 2940 627 2972 Parrsrn.
644 2943 658 2972 τι
673 2941 739 2982 Βαοδίς.
757 2937 890 2983 συμπρεπόντως
906 2937 936 2976 όν-

176 2987 328 3032 5.τῷτιαεκδονιί
345 2987 425 3019 Petaurus.
450 2986 534 3026 Vulyole-
556 2995 589 3023 τος.
613 2986 674 3027 Reliqui
687 2987 724 3019 libri
738 2984 936 3029 λοοαιλσυμπρέιτοντος,

153 3036 195 3075 μέλοι
205 3033 241 3067 τοῦ.
264 3033 352 3065 Carnarius
368 3034 443 3064 convertit
453 3030 495 3063 nihil
506 3036 534 3062 ta·
557 3032 644 3064 comorius
653 3033 700 3064 vertit
710 3029 740 3062 sed
749 3030 883 3064 inenarrabiliter
894 3042 937 3064 con-

153 3090 192 3113 men
203 3077 295 3122 distinguet
304 3089 314 3113 α
324 3089 343 3113 se
356 3076 423 3122 genitor
437 3076 492 3121 ipsum
502 3087 534 3120 ge·
557 3075 636 3109 decenter
647 3076 700 3121 patris
711 3076 775 3110 nomini
788 3076 901 3110 coessentialis
911 3083 937 3109 est
