1988 3392
238 237 331 273 canaan
343 237 386 271 LIB.
394 238 425 271 111.
436 237 492 273 dont.
500 238 514 271 l.
526 236 595 273 flaua.
603 236 676 270 LXXII.
701 243 703 245 '
822 228 849 269 57

226 414 258 449 EX
269 414 343 449 AGAGH
355 413 422 448 Lisso
435 413 527 449 cottana
537 412 688 448 Maecenatem.

123 496 180 540 llaec
191 503 212 539 et
222 496 253 539 his
263 496 334 539 similia
345 493 454 538 Marcellus
465 497 559 552 quaedam
577 503 646 538 centra
658 495 715 538 deum
725 493 793 551 iniqua
804 507 850 551 gar·
861 503 902 549 Gap.
912 503 941 537 Vt.

66 567 133 620 siens,
150 574 171 609 et
182 567 203 609 in
214 565 297 609 sublime
309 580 371 608 cornu
382 580 439 607 suum
448 566 544 621 erigens,
565 572 611 622 post
626 578 682 607 suram
698 563 751 606 illam
766 578 850 621 prover-

64 636 142 679 biorum
156 637 316 693 depravationem
330 635 395 692 potius
410 650 468 692 quam
479 634 663 691 interpretationem
676 633 787 676 subiunxit.
818 634 849 676 Αε

66 707 149 763 primum
160 705 208 747 baec
220 705 296 747 Asterii
307 705 368 747 verba
380 705 482 762 proponit:
500 705 557 747 Alius
571 711 602 746 est
613 703 664 746 enim
676 711 742 759 pater,
760 703 792 759 qui
806 704 850 745 uni-

66 789 110 816 cum
121 789 148 817 ex
160 775 227 832 seipso
238 774 298 816 lilium
309 773 391 816 verbum
404 774 485 829 genuit,
506 777 654 827 pm'mogeultam
664 781 766 814 creaturae
779 776 847 822 ornnes,
859 790 893 819 cot
902 790 916 827 1,
926 790 947 819 15.

65 843 207 894 solussolnm,
229 844 328 899 perlectus
341 844 463 899 perlectum,
484 856 613 897 rexregem,
635 842 848 892 dominusdominum,

65 915 114 955 deus
125 913 194 964 deum,
217 913 317 953 essentiae
330 911 447 966 consiliique
459 910 502 961 sui,
519 925 542 952 ae
555 909 634 952 virtutis
646 918 666 952 ει
678 911 753 966 gloriae
765 910 817 953 nuilla
828 911 849 952 iu

65 996 88 1023 rc
100 980 245 1037 discrepantem
261 979 375 1035 imaginem.
407 977 485 1034 Quibus
500 979 520 1020 in
533 979 603 1021 mediis
616 978 705 1020 adductis
719 980 757 1021 boc
770 980 849 1036 potissi-

65 1065 117 1093 mum
135 1049 235 1101 offensus,
258 1049 309 1105 quod
325 1051 379 1090 ucello
395 1052 416 1089 in
429 1064 452 1089 re
466 1052 603 1103 discrepantem
620 1052 721 1106 imaginem
738 1049 848 1105 appellarit,
910 1091 912 1093 ,

66 1120 103 1162 hec
115 1126 147 1161 est
156 1119 235 1160 divinae
248 1118 348 1160 essentiae
360 1132 384 1159 ac
396 1124 508 1159 ceterorum
520 1117 607 1160 omnium
623 1131 753 1174 expressam,
775 1125 795 1160 ει
807 1118 850 1160 evi·

66 1190 144 1230 dentem
160 1188 277 1244 imaginem,
301 1187 412 1228 istiusmodi
429 1186 548 1228 sententiam
566 1187 713 1243 improbandam
731 1201 776 1230 esse
793 1186 848 1240 dicit,

65 1265 124 1314 atque
143 1256 197 1299 bisce
215 1256 283 1299 verbis
300 1262 395 1312 quantum
414 1255 452 1297 sibi
468 1255 503 1297 illa
524 1255 641 1312 displiceant
661 1256 756 1298 ostendit.
793 1255 849 1299 Haec

66 1326 142 1369 Asterii
158 1325 220 1368 verba
238 1326 343 1367 manifeste
360 1339 441 1381 pravam
459 1325 502 1366 eius
519 1326 542 1367 de
560 1324 662 1368 divinitate
678 1325 798 1368 senteutiam
816 1341 849 1368 ar-

65 1402 136 1452 guunt.
167 1393 247 1436 Etenim
263 1395 295 1450 qui
308 1393 350 1436 lieri
364 1401 430 1451 potest
441 1400 462 1435 ει
472 1394 563 1435 dominus
574 1408 597 1435 ac
609 1395 658 1436 deus
670 1394 714 1447 ille,
732 1395 764 1450 qui
777 1395 804 1437 sit
814 1410 849 1451 ge-

65 1464 131 1514 nitus,
148 1471 169 1505 ει
181 1464 266 1520 ipsemet
277 1469 335 1505 antea
347 1463 439 1520 scripsit,
456 1463 486 1504 dei
497 1462 564 1518 imago
574 1464 695 1505 censeatur?
724 1463 784 1506 Aliud
797 1465 849 1506 enim

65 1541 96 1575 est
107 1533 173 1587 imago
186 1532 229 1584 dei,
246 1531 299 1574 aliud
313 1533 370 1573 deus.
402 1530 471 1587 Quare
482 1531 498 1573 si
509 1531 576 1587 imago
588 1533 619 1574 dei
631 1539 674 1585 est,
692 1540 774 1574 nonest
787 1533 850 1575 domi-

66 1616 103 1644 εεε
118 1608 152 1643 εει
168 1601 229 1653 deus,
252 1602 287 1642 sed
305 1600 371 1656 imago
386 1600 459 1642 domini
476 1615 499 1642 ac
509 1602 549 1643 dei.
581 1599 617 1643 Sin
630 1616 701 1644 revera
717 1602 808 1644 dominus
819 1610 851 1645 εει

67 1685 90 1713 ac
108 1672 168 1721 deus,
193 1670 227 1725 qui
239 1669 337 1712 eiusmodi
350 1677 393 1721 est,
415 1670 446 1711 dei
459 1684 482 1712 ac
494 1670 567 1711 domini
586 1671 652 1727 imago
666 1684 762 1712 essenon
776 1679 849 1728 potest.

67 1737 231 1794 Subditpostea:
253 1737 310 1780 Nihil
325 1737 488 1794 igiturillorum‚
513 1739 630 1795 quaedixi,
651 1753 698 1782 esse
709 1747 764 1796 putat
776 1741 848 1797 ipsum,

67 1823 110 1850 cunr
123 1822 191 1850 eorsum
204 1807 310 1863 imaginem
326 1821 372 1849 esse
386 1807 473 1849 definiat.
504 1806 561 1850 Unde
574 1808 591 1849 si
602 1808 703 1850 essentiae
715 1803 771 1850 verbi
785 1811 850 1865 gratia

65 1877 181 1934 indagent,
205 1877 289 1933 ipsamet
306 1876 394 1918 essentia
412 1890 451 1918 nou
468 1875 518 1929 erit,
540 1890 604 1933 neque
620 1877 638 1919 si
648 1876 726 1919 consilii
738 1878 764 1919 sit
774 1879 848 1934 imago,

64 1947 170 2002 ipsummet
180 1959 226 1988 esse
239 1945 342 1987 consilium
354 1945 434 2000 poterit.
466 1943 490 1987 Si
502 1946 582 1987 virtutis
595 1953 625 1987 est
636 1945 714 2001 imago,
736 1947 800 1989 virtus
810 1962 849 1989 non

65 2022 108 2064 est,
130 2014 280 2070 nequegloria,
302 2015 319 2055 si
332 2014 389 2057 burins
400 2013 465 2069 imago
477 2015 510 2055 sit.
543 2012 611 2069 lmago
627 2014 679 2056 enim
697 2018 791 2069 nonsui,
814 2017 849 2059 sed

66 2083 149 2125 alicuius
165 2082 247 2124 alterius
262 2089 301 2124 est.

123 2150 179 2193 Haec
193 2153 226 2202 t‘u,
242 2148 351 2202 Marcelle,
373 2151 447 2201 uerba,
470 2165 513 2191 cum
524 2157 583 2192 anteo
595 2151 652 2192 initio
663 2152 708 2193 libri
722 2153 848 2197 collaudave-
861 2168 902 2213 Cap.
915 2169 953 2203 vlt.

64 2221 104 2271 ris,
127 2234 179 2261 nune
196 2226 262 2260 autem
276 2219 383 2270 inlicieris,
407 2219 499 2261 nimirum
514 2220 570 2261 deum
584 2234 611 2261 ex
622 2221 659 2261 deo
672 2221 755 2263 verbum
766 2237 812 2264 esse
827 2224 848 2265 li·

65 2289 124 2339 lium,
141 2295 161 2329 et
176 2287 240 2329 solum
255 2301 282 2329 ex
292 2288 347 2339 sote,
370 2296 390 2329 et
402 2301 428 2329 ex
441 2289 529 2344 perlecto
540 2290 662 2345 perfectum,
684 2290 789 2346 perspicue
800 2292 849 2334 sini-

65 2365 126 2399 stram
141 2364 193 2399 tuam
208 2357 233 2398 de
243 2356 346 2398 divinitate
360 2356 480 2398 sententiam
497 2357 581 2411 detegis.
613 2355 703 2413 Cumque
714 2361 779 2415 magni
795 2362 850 2416 regis

64 2426 170 2481 imaginem
184 2425 264 2481 capiens
276 2426 331 2477 vita,
355 2425 469 2477 divinitate,
492 2426 588 2477 consilio,
609 2431 709 2483 potentia,
725 2429 801 2485 gloria,
818 2445 850 2472 es-

65 2494 130 2537 sentia
148 2494 232 2549 denique
248 2494 353 2550 spoliaris,
375 2494 446 2548 dignus
462 2508 484 2536 es
499 2495 530 2535 cui
550 2494 609 2552 impia
627 2497 694 2552 lingua
714 2498 847 2554 praecidatur,

68 2563 224 2620 quandoquidem
243 2563 400 2604 consceleratum
416 2563 435 2603 in
447 2562 504 2604 deum
519 2576 589 2604 vocem
603 2564 667 2606 iecisti
679 2581 702 2607 ac
715 2574 754 2608 tam
767 2569 850 2610 sacrile-

65 2647 111 2688 gum
122 2630 181 2673 animi
193 2645 273 2672 sensum
284 2638 384 2686 postremo
397 2630 508 2687 prodidisti.
539 2630 591 2673 Nam
602 2634 634 2688 qui
646 2634 678 2676 dei
690 2635 795 2690 imaginem
807 2652 849 2679 nru-

65 2710 104 2743 tam
116 2715 139 2742 ac
149 2701 189 2741 vita
201 2706 302 2741 carentem
314 2700 398 2751 firrxisti,
415 2700 464 2742 bane
477 2708 496 2741 tu
507 2715 570 2756 nequae
581 2703 689 2756 dominum,
706 2719 771 2760 neque
781 2705 848 2757 deum,

65 2784 102 2811 nec
113 2769 234 2820 essentiam,
251 2782 288 2809 nee
302 2768 419 2819 eonsilium,
437 2783 500 2824 neque
513 2769 614 2822 virtutem,
631 2786 696 2828 nequae
708 2773 791 2828 gloriam
803 2788 849 2816 esse

64 2837 152 2888 iudicas,
173 2837 207 2878 sed
222 2837 291 2877 borum
305 2836 392 2877 omnium
405 2837 524 2879 immobilem
540 2838 636 2892 effigiem,
660 2854 711 2895 quae
725 2855 762 2882 nee
774 2843 846 2893 anima,

64 2919 129 2961 neque
141 2904 182 2948 vita
192 2905 279 2962 praedita
292 2904 329 2953 sit,
350 2905 405 2946 velut
422 2905 480 2947 foras.
488 2907 598 2963 expositam
612 2907 727 2961 arbitraris,
750 2917 809 2965 atque
819 2911 847 2952 ita

88 3052 104 3088 3.
125 3050 209 3092 εἱςαύτως
225 3054 283 3094 scripsi
302 3054 396 3086 vernacium
408 3053 444 3097 (qut
467 3056 491 3087 cri
507 3058 541 3089 tum
558 3058 614 3098 scripti
630 3066 680 3100 qaam
694 3058 732 3091 editt
749 3059 807 3093 babent
823 3056 848 3099 εἷς

64 3100 110 3132 uertit
121 3098 206 3143 similiter)
217 3102 231 3133 et
236 3099 322 3134 Patauium
331 3101 398 3132 secatus.
415 3100 443 3132 Li·
467 3096 525 3140 adeda.
