1988 3392
250 226 437 262 numentanam.
449 226 527 261 Tomi.
539 223 700 259 Hanntxxvr.
825 215 868 256 277

80 308 152 353 etiouis
164 309 240 351 iactura
256 310 308 351 facta
320 307 453 349 conditionem
469 306 535 349 amisit
547 304 640 363 ingeniti.
673 303 742 360 Quare
755 303 867 346 substantia

80 378 159 435 quidem
168 378 236 434 genita
247 377 320 428 luerit,
337 376 447 432 ingenitum
461 383 526 418 auten
538 375 626 418 affectio.
658 371 717 428 Quod
728 373 746 416 si
756 373 823 429 genita
834 387 867 415 so·

80 447 137 490 boles
149 447 254 489 transitum
265 446 363 503 quendam
375 443 486 500 significat,
507 459 547 486 non
563 443 642 487 dubium
656 449 688 485 est
698 442 823 484 affectionem
835 443 866 484 in-

80 516 146 559 dicare
163 523 250 569 certam,
272 516 316 558 sive
331 515 415 570 quadam
427 528 438 555 e
450 513 560 560 substantia
571 514 681 556 mutatione
695 513 819 554 conformata
829 513 864 566 sit,

80 585 124 629 sive
139 585 177 627 boc
191 585 255 642 ipsum
272 592 303 626 est
315 584 383 640 genita
398 582 479 625 soboles
494 583 546 638 quod
562 597 607 624 esse
623 583 702 625 dicitur.

138 650 241 696 Conlntat.
253 651 305 695 XX.
337 650 355 695 l.
371 651 487 694 Iamdudum
499 652 523 693 de
535 652 572 694 boc
584 652 702 708 privationis
713 649 795 707 negotio
805 651 866 693 multa

80 737 123 765 cnm
133 721 159 764 iis
170 722 203 778 qui
217 737 228 763 a
240 730 295 764 recta
311 721 349 763 fide
365 721 425 763 alieni
443 728 490 763 sunt
504 727 640 763 consentanee
658 720 709 762 dixit
723 719 807 770 Αὲῑίυε,
831 734 866 760 eo·

80 792 163 847 demque
178 805 222 832 curn
239 790 278 832 illis
294 789 359 831 studio
375 789 501 845 oppugnandi
518 789 609 830 catholici
626 787 724 844 dogmatis
740 788 805 830 elatus
825 795 865 840 est,

80 860 130 902 adeo
145 858 237 914 quidem,
260 858 309 900 nihil
323 864 345 898 ut
356 871 367 899 ε
379 858 473 899 sincerae
485 857 530 898 fidei
541 856 664 913 praescripto
679 856 806 912 pronuntiet,
828 871 866 898 nec

13 927 15 932 ’
79 928 132 970 illius
147 926 259 968 sententiae
277 925 390 968 meminerit
405 939 455 980 qnae
472 925 569 966 adversus
586 938 621 965 eos
637 931 780 979 contorquetur
793 925 866 980 quiex

22 1150 24 1154 >
80 1133 125 1171 diei
133 1133 153 1171 in
164 1144 244 1171 excessu
256 1144 307 1178 meo,
325 1131 390 1169 Omnis
400 1130 455 1169 borno
465 1130 558 1177 mendac,
574 1128 635 1180 item,
655 1129 772 1168 Humt'lt'ntus
781 1143 823 1169 cum
834 1144 864 1170 m-

79 995 160 1051 ingeuio
175 1009 212 1036 sno
228 994 323 1050 pleraque
339 993 427 1035 inaniter
443 993 546 1044 effutiunt,
569 992 671 1046 nequead
688 992 733 1032 fidei
748 993 866 1049 principium

80 1063 232 1104 adhaerescunt.
265 1060 322 1116 Quos
337 1061 415 1115 quidem
426 1060 457 1103 bis
468 1059 536 1102 verbis
553 1060 652 1115 scriptura
668 1059 798 1101 condemnat:
819 1065 863 1114 Ego
880 1070 944 1135 pppaqq.

80 1201 123 1240 mu.
154 1196 215 1240 Nunc
226 1203 292 1239 autem
303 1196 324 1238 iu
333 1195 404 1238 iisdem
415 1210 461 1239 sese
473 1210 569 1248 versans,
586 1195 705 1252 privationis
715 1196 866 1253 affectionisque

12 1268 14 1272 ’
80 1281 163 1318 vocum,
187 1273 208 1309 et
223 1265 321 1308 humanae
336 1279 360 1308 ac
376 1264 464 1308 lubricae
482 1264 582 1322 opinionis
599 1271 761 1321 argumentorum
779 1279 830 1308 onus
846 1272 867 1307 et

81 1335 192 1378 molestiam
204 1335 333 1392 praeferens,
356 1348 379 1375 ac
392 1334 508 1391 spiritaliter
518 1333 636 1376 diiudicatus
647 1334 746 1390 proprium
759 1333 820 1376 animi
829 1335 867 1376 im-

80 1411 145 1462 petum
163 1405 188 1447 ab
203 1404 288 1447 humana
304 1402 411 1446 calliditate
424 1404 534 1460 profectum
547 1402 633 1446 inhiberi
647 1403 785 1460 ampetitur,
808 1405 867 1461 eique

80 1482 103 1519 ut
114 1475 138 1517 de
151 1475 188 1517 deo
198 1488 249 1531 quae
258 1474 308 1517 velit
318 1473 422 1530 eloquatur
433 1473 485 1516 laxis
502 1472 584 1516 habenis
598 1472 701 1530 permittit.
734 1471 788 1529 Quin
798 1482 818 1517 et
829 1489 866 1517 nos

82 1557 160 1602 qnoque
174 1551 219 1601 post
231 1543 292 1586 multa
305 1543 329 1585 de
342 1543 486 1599 privationibus
502 1543 565 1586 verba
582 1544 633 1585 lacta
650 1543 674 1585 ad
687 1542 739 1585 idem
755 1550 867 1586 retractan-

81 1615 161 1656 damac
174 1613 300 1655 refutandum
310 1612 401 1668 impellit.
432 1612 528 1654 Sufficere
542 1612 619 1669 quidem
631 1619 708 1669 poterat
721 1613 773 1669 qnod
783 1613 807 1654 ad
820 1628 866 1656 eum

81 1682 210 1725 refellendum
221 1681 242 1723 iu
253 1680 352 1738 superiori
365 1682 500 1723 contutatione
512 1681 609 1733 diximus,
626 1682 770 1738 quodpropter
782 1683 866 1724 eandem

81 1757 242 1807 argumentorum
254 1750 294 1793 vim
305 1764 328 1791 ac
337 1749 485 1792 similitudinem
495 1749 743 1807 ambobus-opponeretur.
764 1749 806 1793 Sed
818 1766 867 1808 quo-

81 1821 134 1864 niam
149 1834 213 1877 neque
228 1818 351 1862 contumacis
367 1819 409 1861 oris
422 1832 494 1876 equum
506 1818 639 1862 infraenatum
651 1818 764 1875 relinquere
777 1833 813 1876 par
826 1828 866 1873 est,

81 1889 125 1932 sive
142 1902 178 1946 per
194 1887 310 1946 praecipitia
327 1888 417 1941 feratur,
442 1889 486 1931 sive
503 1888 623 1931 concitatum
642 1903 721 1930 cursum
736 1890 866 1945 represserit,

82 1972 146 2014 neque
158 1958 177 2000 ei
188 1956 263 2000 homini
274 1957 307 2013 qni
320 1957 389 1999 eadem
405 1956 502 1998 adversus
518 1957 576 1999 tidem
593 1956 681 1999 inculcat
697 1959 769 1999 cedere
779 1965 866 2014 oportet,

82 2033 154 2069 utnon
167 2026 186 2068 ei
198 2026 358 2077 contradicatur,
379 2025 431 2066 hunc
446 2025 466 2066 in
480 2025 559 2066 modum
575 2025 651 2067 idcirco
664 2025 818 2082 disputabimus:
844 2024 874 2069 si*

83 2094 205 2151 privationes
219 2094 296 2149 quidem
309 2092 438 2134 affectionum
451 2093 547 2149 quaedam
558 2093 669 2135 ablationes
678 2094 730 2146 sint,
746 2093 866 2149 ingenitum,

82 2163 134 2219 quod
145 2163 183 2204 deo
194 2162 298 2214 tribuitur,
315 2161 347 2203 vel
357 2161 468 2202 affectionis
481 2162 576 2216 quaedam
590 2162 675 2217 privatio
686 2168 726 2215 est,
742 2163 774 2203 vel
787 2162 867 2203 affectio

82 2230 189 2287 privationi
201 2231 298 2287 opposita.
329 2227 392 2281 ltem,
408 2230 425 2270 si
437 2229 522 2285 privatio
533 2230 645 2272 affectionis
656 2237 695 2282 est,
712 2244 797 2286 quonam
809 2238 867 2286 pacto

83 2299 103 2341 id
118 2299 169 2355 qnod
185 2313 224 2340 nou
240 2298 293 2340 inest
307 2298 345 2339 deo
361 2305 453 2353 tanquam
468 2297 516 2339 insit
532 2298 637 2340 tribuitur?

142 2364 169 2409 ll.
200 2366 233 2409 Ad
255 2366 307 2408 bunc
325 2366 398 2421 igitur,
420 2366 453 2407 vel
470 2366 495 2407 ad
511 2366 571 2408 istum
591 2367 670 2409 modum
691 2367 780 2423 cogitare
801 2374 867 2421 potes,

83 2434 144 2485 Acti,
167 2434 227 2476 aede
241 2434 279 2476 deo
294 2434 430 2476 coniecturam
441 2447 527 2490 capere,
547 2441 582 2475 tua
593 2449 643 2477 vero
659 2434 786 2477 nibilominus
797 2434 818 2476 in
829 2435 869 2492 pri-

84 2503 164 2545 vatione
175 2515 232 2543 mens
247 2502 368 2544 versabitur.
400 2501 480 2543 Etenim
498 2503 602 2557 quantavis
614 2517 637 2544 se
650 2503 778 2545 contentione
790 2504 869 2545 animus

84 2570 162 2613 tunsad
174 2571 231 2612 deum
243 2570 319 2626 erigat,
336 2570 353 2612 si
365 2571 427 2613 solam
440 2571 497 2612 [idem
511 2577 531 2612 ct
541 2569 699 2623 admirationem,
716 2579 736 2613 et
748 2572 829 2614 enixam
841 2586 869 2615 ex

85 2647 127 2682 toto
142 2646 222 2695 pectore
233 2639 402 2695 praedicationem
416 2639 517 2695 excipias,
538 2654 562 2681 eo
575 2639 654 2681 tandem
665 2640 763 2696 redigeris
776 2648 798 2682 ut
809 2655 869 2698 appa-

85 2714 129 2751 reat
140 2707 198 2750 deum
211 2714 230 2750 te
240 2704 427 2749 'ratiocinationibus
442 2707 522 2764 assequi
539 2707 619 2750 minime
632 2708 734 2766 potuisse,
758 2723 795 2751 nec
805 2708 869 2767 ipsius

85 2778 159 2830 lilium,
181 2790 218 2820 neo
234 2777 324 2834 spiritum
342 2783 444 2829 sanctum,
468 2790 493 2819 ne
509 2783 529 2819 te
544 2777 649 2821 convincat
667 2779 715 2821 deus
734 2793 757 2822 ac
771 2779 869 2821 mendacii

85 2848 205 2903 redarguat,
227 2847 355 2905 utscriptum
372 2853 411 2889 est.
442 2846 498 2903 Ergo
515 2854 535 2889 ct
546 2848 663 2892 affectiones
676 2848 697 2891 in
709 2849 779 2902 nobis,
801 2856 869 2892 ctvo-

84 2942 139 2983 scripu
150 2951 199 2983 qaam
210 2942 253 2974 editt.
488 2943 527 2983 rte,
548 2944 565 2975 ut
576 2943 633 2984 sotter,
650 2952 670 2976 ac
680 2942 774 2987 scripturn).
795 2944 869 2976 Fortasse

108 2986 125 3022 9.
137 2986 260 3031 στερισκομένη
276 2988 311 3022 cod.
321 2988 353 3021 lea.
367 2991 381 3021 ct
394 2988 432 3021 earu
447 2990 466 3021 u-
488 2989 597 3030 corripendum
609 2988 758 3033 παρακεκομμένη.

85 3035 114 3067 tut.
137 3031 376 3077 nsptmtpmqeoaateotp
399 3044 466 3077 περικε-
513 3033 539 3067 10.
551 3028 587 3069 e’tv
598 3028 638 3078 (δᾶν
648 3037 682 3070 cod.
692 3035 766 3080 Rtedtq.)
776 3036 822 3070 codd.
831 3045 869 3070 mss.

86 3077 163 3127 pappdvq
177 3089 229 3122 morp.
241 3080 266 3113 ed.
278 3082 334 3114 Petne,
346 3081 377 3125 (cst
388 3081 423 3114 eod.
433 3082 467 3115 Po·
489 3083 504 3113 et
516 3080 552 3114 edit.
563 3081 614 3124 priua
