1988 3392
147 231 189 275 500
437 240 520 275 στάσει
531 240 647 276 εειΡΗιΝιι

147 320 203 378 ὕδωρ
222 322 258 364 καὶ
277 320 328 380 ἀέρα
347 322 429 380 τέτταρα
450 320 569 380 πρωτόγονα
589 322 676 381 είςέφερε
695 327 791 379 στοιχεῖα,
812 322 848 366 καὶ
868 321 932 380 ἔλεγεν

147 392 222 449 έχθραν
235 389 332 448 όπάρχειν
347 395 428 449 πρῶτον
440 396 480 435 τῶν
493 394 599 448 στοιχείων.
629 390 742 448 Κεχοίριστο
752 390 803 450 γάρ,
825 392 885 447 φησὶ,
907 389 930 434 τό

146 459 255 517 πρότερον,
274 465 312 503 νῦν
326 460 348 503 δὲ
360 459 483 515 σανήνωται,
506 458 533 512 ιδς
545 461 607 518 λέγει,
628 462 743 515 φιλωθέντα
757 459 855 515 ἀλληλοις.
885 458 930 503 Δάο

146 524 183 572 οὗν
195 526 360 573 είσικατάότδν
374 528 481 585 ἀρχαὶκαὶ
494 528 600 585 δυνάμεις,
621 531 684 587 έχθρα
700 531 734 573 καὶ
746 532 811 583 φιλία·
833 523 931 584 εἶνὴμέν

147 600 200 642 ἔστιν
215 597 309 652 ἓνωτικιῇ,
324 595 339 652 ἡ
352 598 375 642 δὲ
389 599 537 656 διαχωριστική.

203 732 335 790 Ἡράκλειτος,
347 732 360 775 o‘
370 738 407 775 τοῦ
418 735 541 785 5Βλέσωνος,
552 732 652 786 Ἐφέσιος,
662 736 685 777 ἔκ
695 732 761 791 πνρός
770 735 822 789 ἔλεγε
831 732 856 775 τά
865 732 932 775 πάντα

148 798 210 854 εἶναι,
224 802 259 844 καὶ
275 803 303 851 είς
316 805 357 857 πῦρ
373 800 433 844 πάλιν
447 799 576 844 άναλόεσθαι.

205 868 310 927 Πρόδικός
319 887 349 919 τις
359 870 445 927 τέσσαρα
454 875 540 923 στοιχεῖα
550 867 615 920 θεοάς
625 874 691 921 καλεῖ,
713 867 754 912 εἶτα
766 868 823 924 ἥλιον
833 870 868 912 καὶ
877 868 932 924 σελή-

147 956 194 995 νην·
209 939 231 982 ἐκ
246 936 284 997 γάρ
300 937 378 983 τούτων
393 943 443 983 πᾶσι
457 937 480 983 τό
495 936 578 992 ζωιικόν
593 940 657 997 έλεγεν
671 935 773 999 όπάρχειν.

206 1009 304 1065 Πλάτων,
323 1007 442 1067 Ἀθηναῖος,
464 1009 684 1068 θεάνέλεγεκαὶίίλην
698 1008 798 1056 εἶναικαὶ
813 1007 877 1063 εἶδος,
896 1009 932 1055 τόν

146 1078 224 1136 κόσμον
237 1082 259 1125 δὲ
275 1081 370 1139 γεννητόν
383 1083 418 1125 καὶ
435 1079 529 1139 φθαρτόν
543 1078 650 1138 ὑπάρχειν,
665 1080 702 1137 την
712 1080 782 1137 ψυχάν
793 1080 815 1124 δέ
826 1080 933 1139 άγὲννητον

146 1151 181 1193 καὶ
194 1147 299 1194 άθάνατον
314 1153 348 1194 καὶ
361 1153 421 1194 θείαν
434 1151 490 1207 λέγει.
520 1147 582 1193 Εἶναι
596 1150 618 1193 δὲ
631 1148 693 1205 αὐτῆς
705 1154 750 1208 τρία
764 1151 825 1207 μέρη,
845 1149 932 1207 λογικόν,

146 1217 237 1274 θυμικόν
248 1220 282 1261 καὶ
299 1218 453 1275 ἐπιθυμητικόν.
477 1216 546 1276 Ἔλεγε
560 1218 582 1261 δὲ
596 1217 643 1269 τούς
657 1218 735 1276 γάμους
745 1220 780 1262 καί
790 1217 826 1268 τάς
836 1224 933 1275 γυναῖκας

150 1290 208 1331 ὃδεῖν
217 1286 287 1338 κοινάς
301 1294 344 1339 τοῖς
359 1292 409 1331 πᾶσι
420 1290 522 1345 γίνεσθαι,
537 1288 572 1330 καὶ
581 1288 656 1342 μηδένα
669 1289 710 1347 ἰδία
720 1290 767 1344 μίαν
778 1289 829 1343 ἔχειν
838 1286 932 1344 γαμετίγν,

148 1354 198 1400 άλλά
213 1356 262 1406 τοάς
275 1358 373 1406 θέλοντας
386 1362 430 1406 ταῖς
445 1356 577 1410 βουλομέναις
591 1362 686 1398 συνεῖναι.

51 1504 136 1543 μεριιιει.
206 1489 344 1547 Ἀρίστιππος,
366 1488 516 1545 όΚνρηναῖος·
538 1485 598 1539 οὗτος
608 1493 753 1546 γαστρίμαργος
765 1489 793 1532 α’ίν
804 1490 839 1531 καὶ
850 1487 933 1542 φιλήδο-

146 1574 182 1608 νος
193 1558 248 1609 τέλος
259 1559 300 1614 ἔφη
311 1562 347 1613 τῆς
358 1563 426 1613 ψυχῆς
434 1556 471 1613 την
481 1556 568 1613 ἡδονήν,
590 1558 635 1610 καὶ,
651 1556 722 1609 ’Όςτις
731 1556 812 1614 ἥδεται,
833 1556 934 1612 εὐδαίμων

147 1621 216 1678 οὗτος·
239 1626 250 1671 ὁ
267 1628 306 1671 7δὲ
320 1626 366 1683 μηδ’
382 1626 433 1679 ὅλως
448 1625 548 1683 ἡδόμενος
564 1625 679 1684 τριςάθλιος
693 1627 728 1670 καὶ
742 1627 882 1682 κακοδαίμων,
904 1624 933 1675 όίς

148 1713 204 1753 φασι.

206 1768 323 1827 Θεόδωρος,
344 1767 437 1819 δ”Αθεος
449 1770 576 1825 ἐπικληθεὶς,
597 1770 637 1824 ἔφη
648 1772 709 1826 λῆρον
723 1764 775 1811 εἶναι
784 1765 832 1818 τοός
840 1767 886 1824 περὶ
896 1770 933 1810 τοῦ

147 1844 199 1884 θεοῦ
210 1838 289 1896 λόγους.
313 1836 383 1882 Ὤιετο
394 1837 432 1896 γάρ
444 1837 471 1893 μὴ
484 1835 535 1882 εἶναι
548 1844 615 1892 θεῖον,
630 1839 666 1881 καὶ
676 1836 748 1881 τούτου
759 1838 826 1881 ἕνεκεν
836 1835 933 1895 προύτρέ-

148 1926 195 1952 πετο
208 1908 285 1958 πάντας
296 1909 395 1960 κλέπτειν,
412 1909 523 1965 ἒπιορκεῖν,
543 1906 646 1965 άρπάζειν,
662 1907 696 1950 καὶ
707 1905 735 1961 μὴ
744 1903 934 1964 δπεραποθνήσκειν

147 1980 249 2034 πατρίδος.
273 1975 343 2033 Ἔλεγε
357 1975 395 2034 γάρ
411 1980 459 2031 μίαν
475 1978 561 2034 πατρίδα
577 1974 628 2019 εἶναι
643 1975 679 2019 τόν
693 1974 778 2031 κόσμον·
800 1976 835 2018 καὶ
852 1974 933 2032 άγαθόν

147 2045 211 2101 μόνον
220 2047 272 2102 έλεγε
282 2044 319 2088 τόν
332 2045 502 2099 εὐδαιμονοῦντα,
525 2043 607 2101 φεύγειν
622 2045 644 2087 δὲ
654 2043 690 2087 τόν
702 2046 847 2098 δνςτνχοῦντα,
868 2042 907 2086 κάν
918 2037 932 2103 ᾖ

148 2112 224 2168 σοφός,
239 2114 274 2156 καὶ
289 2112 368 2170 αἱρετόν
383 2111 434 2155 εἶναι
449 2111 484 2155 τόν
499 2111 579 2169 άφρονα
594 2110 691 2156 πλούσιον
706 2109 754 2154 όντα
768 2112 803 2154 καί
818 2110 902 2166 άπειθη.

204 2246 309 2303 Ἡγησίας,
329 2252 455 2302 Κυρηναῖος·
475 2242 535 2296 οὗτος
545 2248 584 2300 ἔφη
596 2245 644 2300 μήτε
653 2248 731 2300 φιλίας,
752 2245 800 2299 μήτε
810 2243 892 2302 χάριτας
904 2244 929 2289 εἶ-

147 2332 191 2359 ναι·
206 2313 234 2370 μὴ
246 2312 343 2372 όπάρχειν
355 2313 392 2372 γάρ
405 2312 467 2365 αότάς
479 2316 555 2372 ἔλεγεν,
577 2311 635 2367 άλλά,
657 2312 742 2374 Χρηζων
752 2331 782 2365 τις
793 2314 856 2358 ἔδωκε
865 2313 931 2372 χάριν,

147 2382 162 2440 γ’γ’
173 2383 265 2442 κρεῖττόν
277 2402 296 2429 τι
308 2383 383 2428 παθόν
398 2382 499 2442 εὐεργετεῖ.
524 2381 591 2442 Ἔλεγε
606 2383 628 2427 δὲ
640 2384 711 2444 καὶτῷ
723 2382 795 2445 φαιίλγι
807 2382 867 2443 ἀνδρὶ
880 2388 933 2429 λνσι-

147 2455 200 2507 ιελὲς
210 2453 232 2500 τό
243 2459 289 2512 ζῆν,
309 2460 337 2517 τῷ
349 2455 370 2500 δὲ
379 2459 437 2516 σοφῷ
449 2453 471 2500 τό
483 2454 603 2500 ἀποθανεῖν.
627 2452 667 2507 Ὦς
677 2473 733 2508 τινας
745 2456 767 2500 ἐκ
778 2453 851 2500 τοότοο
863 2459 932 2500 Πεισι-

148 2525 240 2570 θάνατον
255 2524 317 2570 αὐτόν
331 2526 416 2570 καλέσαι.

205 2593 334 2651 Ἀντισθένης
351 2594 369 2639 ό
381 2597 403 2639 ἐκ
420 2593 531 2654 8Θρηίττης
550 2593 635 2652 μητρός,
656 2593 717 2646 αότός
732 2594 754 2638 δὲ
767 2593 886 2650 Ἀθηναῖος,
908 2594 931 2640 τό

149 2668 231 2722 πρῶτον
241 2663 377 2722 Σωκρατικός,
392 2666 459 2709 ἔπειτα
472 2662 572 2717 Κυνικός,
587 2665 649 2719 ἔφησε
659 2663 687 2720 μη
697 2669 768 2722 χρῆναι
779 2663 804 2707 τά
814 2663 867 2716 κακά
876 2669 932 2721 ζηλο-

148 2739 219 2777 ταπεῖν
232 2735 323 2790 9ἕτερον,
343 2732 392 2788 ἢτά
405 2731 452 2790 παρ’
467 2729 558 2787 ἀλληλοις
573 2732 652 2789 αι’σχρά·
673 2731 698 2776 τά
708 2733 730 2776 δέ
741 2735 794 2788 τείχη
804 2738 845 2777 τῶν
855 2732 932 2778 πόλεων

149 2800 200 2845 εἶναι
211 2801 302 2858 σφαλεροὶ
313 2801 364 2858 πρός
373 2800 409 2844 τόν
419 2804 458 2845 έσω
469 2801 581 2858 προδότην,
596 2800 694 2845 άσάλεντα
704 2802 726 2844 δὲ
737 2800 762 2843 τά
773 2806 809 2856 τῆς
817 2807 884 2857 ψυχῆς
895 2806 932 2847 τεί-

148 2888 172 2925 m
187 2872 222 2913 καὶ
236 2869 319 2926 άιοενῆΙ

170 2962 186 2994 5.
198 2963 221 2993 De
234 2964 263 2994 hoc
276 2963 340 2994 nomine
352 2972 412 3002 parum
429 2963 493 2994 ιοαελαλ
510 2961 526 2993 V.
572 2961 589 2996 7.
606 2960 637 2996 καὶ
651 2963 709 2995 vitium
725 2964 748 2995 εει
758 2963 795 2995 edit.
807 2963 864 2997 Ριίαν,
876 2964 929 2996 θολοιι.

148 3008 211 3046 Μανιος.
224 3008 247 3038 αδ
258 3008 303 3046 λλιος,
316 3007 369 3038 Lam.
380 3008 409 3044 IX,
423 3007 437 3039 1.

171 3052 187 3086 (ί.
200 3053 230 3086 δεῖ
240 3052 285 3085 codd.
297 3060 334 3085 mss.
346 3055 415 3093 uterque.

575 3038 591 3073 8.
604 3036 681 3083 δράττης
698 3019 760 3084 (Βράτςτ
775 3041 809 3075 cod.
828 3041 868 3085 λιιι.)
885 3041 931 3076 codd.

552 3095 589 3119 mss.
613 3083 682 3131 δρᾴιιης
693 3088 736 3120 editi.
