1988 3392
242 233 334 267 ranunn
346 234 388 267 nie.
398 234 428 267 ru.
439 234 495 267 ron.
507 235 520 266 1.
532 231 600 266 nanu.
614 231 688 265 nxxu.
830 222 858 263 55

130 310 224 365 Celerum
241 327 266 355 au
282 313 359 356 libellus
375 313 414 355 isle
430 321 486 355 recte
501 328 524 355 se
539 312 623 364 babeat,
646 326 723 365 necne,
745 312 814 366 legant
826 311 859 367 qui
871 308 951 355 Gaptv.

73 389 166 441 possunt,
190 389 210 424 et
220 383 253 438 qui
265 390 356 425 exactam
375 396 443 424 eorum
460 383 543 439 quaein
557 396 582 424 eo
595 381 671 437 scripta
685 388 731 424 sunt
747 380 860 436 intelligen-

73 453 120 495 tiam
137 451 211 494 babere
229 459 312 508 possunt
330 452 401 508 ecquid
418 450 438 492 in
454 466 479 493 eo
496 451 539 494 vitii
556 451 583 493 sit
600 450 697 492 iudicem.
731 449 788 492 Nibil
806 449 859 491 enim

73 528 210 579 praeterquam
227 520 277 576 quod
295 520 369 563 scimus
385 527 406 562 et
419 520 444 562 ad
455 535 492 562 nos
509 520 606 577 perlatum
623 527 654 561 est
668 533 787 561 asseverare
803 519 860 560 volu-

72 604 124 633 mus.
155 589 187 632 Ac
198 589 245 631 licet
256 588 305 631 nihil
315 590 335 631 iu
348 604 372 631 eo
386 589 453 631 libello
466 604 506 631 non
521 596 596 631 castum
614 603 637 631 ac
649 589 749 631 sincerum
766 587 804 639 sit,
827 586 861 629 vel

72 675 99 702 ex
109 659 153 716 ipso
168 657 294 701 nibilominus
308 667 426 715 argumento
439 659 472 714 qui
485 659 536 700 bunc
549 658 618 713 legunt
629 665 664 700 aut
676 657 758 700 audiunt
770 656 859 712 cogitare

72 728 146 771 debent
156 742 196 770 uon
208 729 282 769 l'rustra
293 743 329 770 nec
341 734 417 769 tenuere
428 728 452 769 ad
467 728 517 769 banc
528 727 583 769 illum
595 727 714 769 defendendi
727 726 758 767 sui
770 725 860 767 necessi-

73 804 133 839 tatem
144 804 249 838 venturum
263 795 325 839 luisse
339 797 376 838 nisi
393 797 487 838 nonnulla
504 796 620 852 protulisset
637 810 687 852 quae
703 794 807 837 turbarum
824 794 860 835 ali-

73 866 118 922 quid
129 865 265 916 excitassent,
288 872 308 906 el
319 878 343 906 eo
356 865 455 906 bominem
473 864 605 906 adduxissent
615 871 637 905 ut
648 865 745 906 dictorum
758 864 860 905 reddenda

72 934 124 976 ratio
140 933 251 975 videretur.
282 931 362 975 Etenim
374 933 417 975 [ieri
428 933 476 974 illud
488 932 551 988 potuit
563 939 583 974 ut
595 940 640 988 post
651 947 740 975 errorem
753 947 789 989 per
802 932 859 974 libel-

74 1003 113 1044 lum
123 1015 169 1044 sese
182 1008 291 1043 excusaret
302 1016 326 1043 ac
341 1001 463 1057 corrigeret,
486 1008 521 1043 aut
532 1007 553 1042 ut
564 1001 634 1042 eodem
650 1001 683 1043 illo
698 1000 764 1042 libello
776 1001 804 1042 ila
815 1014 860 1042 ser·

73 1070 164 1113 monibus
176 1070 218 1112 suis
230 1071 295 1112 lucum
313 1072 400 1122 laceret,
421 1077 443 1112 ut
455 1083 505 1125 quae
521 1076 579 1111 antea
595 1069 681 1112 dixisset
696 1070 787 1111 consulto
801 1069 860 1110 dissi-

72 1140 167 1190 mularet,
185 1153 210 1180 ne
221 1139 240 1180 in
251 1139 340 1180 ordinem
353 1138 489 1195 redigeretur,
513 1138 538 1179 ab
551 1137 651 1179 communi
663 1139 800 1194 episcoporum
811 1152 860 1179 con-

72 1222 131 1251 sessu
149 1214 169 1249 et
184 1221 261 1248 cainone
277 1207 386 1264 depositus.
421 1205 534 1262 Utcumque
551 1220 573 1248 se
589 1220 622 1248 res
636 1206 720 1257 babeat,
746 1207 795 1248 baec
813 1213 860 1248 sunt
883 1251 885 1255 Α

73 1291 124 1333 quae
135 1277 159 1317 de
169 1274 268 1326 illaroc'llo
279 1290 395 1333 comparare
406 1275 513 1331 potuimus.
545 1273 576 1317 De
589 1289 627 1330 quo
639 1289 683 1317 cum
695 1275 801 1331 aliquando
812 1274 859 1316 bea·

72 1352 113 1388 lum
124 1359 193 1401 papam
206 1343 338 1386 Athanasium
350 1344 521 1399 interrogassem,
538 1344 649 1385 cuiusmodi
660 1358 705 1385 curn
717 1343 859 1396 arbitraretur,

62 1413 104 1456 -ille
115 1426 179 1468 neque
192 1413 283 1468 purgavit
294 1412 406 1464 bominem,
423 1426 487 1467 neque
496 1427 546 1455 vero
559 1412 649 1468 asperius
659 1412 747 1463 notavit,
763 1413 797 1453 sed
809 1412 859 1453 leui-

72 1489 103 1524 ter
112 1482 215 1532 arridens,
239 1495 278 1522 nou
294 1481 375 1523 multum
387 1481 411 1522 ab
424 1480 550 1536 improbitate
566 1481 695 1523 abhorruisse
709 1480 828 1536 significarit
839 1486 859 1522 et

71 1550 91 1592 in
108 1564 176 1592 eorum
193 1550 238 1591 loco
253 1549 285 1604 qui
301 1563 323 1592 se
339 1556 457 1605 purgassent
471 1549 547 1591 babuit.

127 1616 189 1659 Libet
200 1625 266 1660 autem
277 1617 308 1660 bic
322 1632 345 1659 ea
356 1617 456 1660 subiicere
469 1617 550 1673 quaein
562 1615 654 1659 Marcelli
666 1617 745 1673 scriptis
755 1631 767 1658 a
778 1616 859 1671 quihus·
877 1613 919 1660 cap.
930 1614 951 1649 V·

71 1686 115 1728 dam
130 1687 237 1729 observata
256 1694 314 1737 sunt,
337 1701 387 1742 qnae
399 1682 432 1728 isti
444 1686 607 1742 reprehendenda
620 1693 753 1742 putaverunt,
775 1686 860 1728 undeet

70 1754 91 1796 iu
110 1755 194 1797 eundem
213 1755 286 1796 invecti
305 1755 419 1797 confutandi
439 1754 504 1811 gratia
519 1755 650 1811 scripserunt.
682 1753 808 1811 Quamquam
826 1755 861 1797 alii

70 1837 106 1879 pro
117 1837 141 1864 eo
152 1823 204 1879 quod
216 1823 248 1879 qui
260 1824 357 1866 adversus
367 1823 422 1865 illum
433 1823 560 1865 commentati
572 1830 619 1864 suut
629 1831 699 1879 postea
711 1823 822 1865 contrarias
834 1824 859 1865 ad

70 1899 138 1948 partes
153 1892 293 1944 desciverunt,
317 1892 387 1934 borum
400 1892 490 1949 ipsorum
502 1891 652 1934 lucubrationes
662 1893 750 1934 refutare
767 1891 859 1947 aggressi

71 1967 125 2002 sunl.
156 1958 179 2001 ln
191 1960 261 2016 quibus
278 1960 369 2015 vulgatas
380 1961 424 2002 illas
436 1960 545 2002 divisiones
556 1960 653 2001 Acacium
665 1961 719 2001 inter
730 1968 751 2001 ct
761 1959 858 2001 Basilium

71 2027 163 2071 Galatam
179 2036 200 2069 et
215 2027 324 2083 Georgium
337 2026 475 2070 Laodiccnum
492 2029 591 2069 refutandi
605 2028 675 2070 Aeacii
692 2043 763 2070 caussa
779 2029 859 2083 scriptis

71 2097 197 2138 mandarunt.
233 2094 272 2136 Hic
289 2103 320 2137 est
338 2095 391 2137 enim
407 2097 440 2138 ille
456 2096 488 2151 qui
503 2094 623 2137 Marcellum
640 2110 666 2137 ex
681 2097 785 2152 ipsiusmet
801 2096 858 2137 libris

72 2165 170 2220 coarguit.
208 2163 266 2219 Quae
287 2178 324 2206 uos
343 2164 388 2205 ideo
406 2165 557 2221 proposuimus,
582 2177 605 2205 ne
625 2165 730 2205 veritatem
747 2164 813 2219 aliqua
830 2178 858 2206 ex

72 2240 128 2290 parte
145 2232 274 2288 praeteriisse
292 2232 401 2275 videamur.
434 2231 533 2288 Quoniam
551 2246 615 2287 neque
631 2232 655 2274 de
671 2232 810 2274 emendatione
823 2233 858 2274 de-

72 2315 189 2358 speramus,
211 2314 248 2342 nec
261 2300 286 2341 iis
299 2302 393 2343 assentiri
406 2301 498 2343 volumus
508 2301 540 2356 qui
552 2308 658 2357 utcumque
674 2317 685 2342 a
697 2301 783 2344 veritate
794 2302 858 2344 disce-

72 2371 127 2412 duut.
159 2368 216 2424 Quae
234 2376 344 2424 sequuntur
360 2370 421 2424 igilur
438 2383 465 2411 ex
474 2369 546 2412 Aeacii
563 2371 707 2413 commentario
720 2378 790 2412 contra
802 2368 859 2412 Mar-

71 2438 142 2481 cellum
157 2437 304 2494 excerpsimus.

72 2576 115 2610 cium
126 2575 171 2608 iuter
183 2580 200 2607 et
209 2573 288 2607 basilium
301 2574 378 2608 Galatam
391 2581 408 2608 et
418 2575 452 2608 Ge*
475 2581 535 2608 eontra
546 2574 599 2618 laetas
613 2574 704 2608 divisiones
716 2576 766 2609 etiam
777 2576 811 2610 boc
827 2589 857 2610 ex-

72 2621 138 2666 orgium
154 2620 268 2654 Laodicenum
285 2628 333 2655 ortae
349 2627 415 2661 essent,
434 2621 452 2654 in
475 2628 581 2666 presserunt,
600 2621 684 2665 producto
700 2622 718 2655 in
728 2623 802 2656 medium
813 2627 858 2657 Aca-

71 2668 105 2701 suis
122 2668 198 2712 ipsorum
212 2666 278 2711 scriptis
294 2667 317 2700 ad
332 2667 453 2700 confutandum
477 2667 508 2702 cio.
527 2667 586 2700 Sedet
596 2667 673 2701 Basilium
680 2668 763 2709 Galatam,
775 2676 793 2702 et
804 2670 858 2703 Geor·

71 2713 151 2748 Acacium
161 2712 187 2746 usi
197 2719 242 2745 sunt,
266 2714 454 2747 comarumceru'ttte-
476 2714 521 2758 ginm
533 2712 639 2746 Laodioaeae
649 2715 747 2759 episcopum
762 2715 858 2749 coustitue-

71 2772 108 2793 rum
118 2759 140 2793 ab
152 2758 189 2792 aliis
200 2770 265 2792 rursum
277 2757 410 2793 demonstratum
422 2766 454 2799 est,
477 2767 517 2793 runt
527 2759 548 2792 ad
556 2759 627 2803 eundem
636 2760 712 2794 dicacium
720 2761 859 2805 redarguendum,

71 2805 118 2851 quod
137 2804 249 2849 redarguendi
267 2806 321 2847 gratia
339 2805 455 2849 produxerunt
500 2806 516 2840 3.
528 2802 700 2847 α’ντισνντάξαςνοάᾶ,
708 2818 745 2841 mss.
754 2812 768 2841 et
775 2810 799 2842 ed.
806 2811 857 2850 prim.

72 2865 91 2886 ea
103 2863 146 2897 quae
157 2851 178 2884 ab
187 2850 228 2895 ipsis
238 2857 296 2884 contra
305 2850 352 2884 illum
362 2851 455 2895 composita
478 2848 628 2892 ἀντισνντάξαντας
639 2855 664 2886 ed.
675 2855 731 2887 Peter.

70 2905 116 2938 sum,
130 2909 150 2931 eo
159 2897 205 2941 qnod
213 2897 246 2941 ipsi
255 2896 283 2941 qui
293 2904 351 2930 contra
357 2897 404 2929 illum
413 2897 454 2930 scri·
501 2895 518 2931 l,
530 2897 622 2942 γενομένας
629 2901 675 2933 caud.
682 2910 719 2933 mss.
728 2904 797 2942 uroque.
810 2901 858 2945 lepu-

71 2950 141 2989 pserunt
153 2949 213 2988 postea
225 2943 243 2976 in
255 2942 301 2976 alind
312 2943 372 2975 mutati
379 2943 453 2976 fuerunt.
477 2943 529 2989 μένας
539 2945 582 2977 edili.

72 2995 127 3035 Atque
143 2990 161 3023 hi
172 2989 205 3034 ipsi
216 2989 234 3022 in
248 2989 282 3022 suis
297 2990 372 3035 ipsorum
386 2990 454 3035 seriptis
