1988 3392
178 230 220 272 54ss
466 236 549 269 ειααιι
561 235 680 269 εοωΗιαιι

179 318 245 357 αἰτίαν
253 315 288 356 καὶ
299 315 384 370 μέροπες
395 316 503 367 κέκληνται,
519 313 553 356 δαί
564 313 600 364 τῆν
611 314 754 368 μεμερισμένην
764 312 841 366 φωνῆν.
865 312 962 371 Ὕστερον

179 384 201 424 δὲ
212 381 224 425 ό
235 382 362 437 Ἑλληνισμός
372 384 400 432 εἰς
410 383 494 437 αἱρέσεις
505 382 629 433 κατεστάθη,
644 382 748 436 κατωτέρω
757 386 797 424 τῶν
808 380 895 436 χρόνων,
910 387 962 438 φημὶ

178 451 200 492 δέ
214 453 372 506 Πυθαγορείων,
387 452 422 492 καὶ
434 454 542 503 Στωϊκῶν,
557 451 593 492 καὶ
609 453 754 502 Πλατωνικῶν,
769 450 803 491 καὶ
814 447 963 506 Ἐπικουρείων,

178 520 213 561 καὶ
224 524 305 562 λοιπῶν.
337 520 454 573 Θεοσεβείας
466 518 488 560 δέ
499 515 630 574 43χαρακτῆρ
646 515 734 573 ύπῆρχεν
752 516 794 572 λίμα
809 515 883 560 όκατολ
901 518 963 571 φύσιν

179 586 242 642 νόμος
258 586 420 641 πολιτευόμενος,
439 586 480 629 ἀπό
497 586 574 629 τούτων
589 591 629 628 τῶν
643 587 710 628 ἐθνῶν
725 585 797 630 έαντδν
809 584 911 643 ἀφορίζων
923 588 963 631 οάτδ

97 677 132 708 pag.
140 668 170 698 1³2.
180 661 216 711 τῆς
233 655 310 709 κόσμου
326 658 438 711 καταβολῆς
455 656 490 697 καί
506 657 565 712 δεῦρο
582 656 642 710 μέσος
658 653 761 711 τυγχάνων
773 658 917 712 Βαρβαρισμού
931 659 965 700 καὶ

180 729 302 782 Σκυθισμοῦ
312 726 347 768 καὶ
358 723 497 781 Ἑλληνισμοῦ,
512 726 550 776 ἕως
560 724 609 768 ότον
622 723 719 781 σννῆφθη
731 730 756 786 τῆ
766 730 803 769 τοῦ
813 723 904 784 Ἅβραολμ
918 733 965 771 θεο-

179 800 251 857 σεβείᾳ.
282 797 324 839 Καὶ
336 797 439 851 μετέπειτα
447 794 580 851 Ἴονδαϊσμδς
591 793 631 838 ἀπό
643 800 683 838 τῶν
694 795 772 853 χρόνων
783 793 874 854 Ἀβρααμ
885 796 921 841 τόν
932 816 965 853 χα-

180 873 269 924 ρακτῆρα
285 864 381 920 είληφῶς,
398 868 434 909 καὶ
450 868 471 908 έν
488 870 580 925 Μωυσῆ,
604 864 684 925 έβδόμω
703 865 743 910 α’τιό
759 864 861 923 Ἁβραολμ,
881 866 915 910 δισλ
930 873 966 911 τοί

180 938 278 985 δοθέντος
293 936 357 991 νόμου
369 935 410 979 ύκό
421 940 472 978 θεοῦ
485 936 617 988 πλατυνθείς,
641 933 680 977 sind
691 935 713 978 δὲ
723 941 760 978 τοῦ
772 934 850 989 Ἰούδα,
870 935 965 993 τετόρτου

180 1008 229 1048 υίοῦ
244 1009 311 1047 “tofi
325 1003 409 1062 Ἴακῶβ,
430 1009 465 1047 τοῦ
482 1009 506 1034 4⁵
515 1006 548 1047 ἐπὶ
561 1002 652 1061 Ἲσραῆλ,
667 1002 701 1046 διολ
712 1006 780 1059 Δαβίδ
790 1009 826 1047 τοῦ
837 1004 919 1062 πρῶτον
931 1008 965 1060 βα-

163 1091 165 1094 ·
180 1073 305 1124 σιλεύσαντος
322 1073 363 1117 ἆπό
380 1080 416 1129 τῆς
430 1079 466 1116 τοῦ
480 1073 543 1117 αὐτοῦ
561 1072 661 1116 46Ἰούδα
672 1078 738 1129 φυλῆς
747 1072 770 1117 τό
779 1074 835 1124 τέλος
844 1076 966 1131 κεκληρωμέ-

181 1162 220 1194 νος.
248 1141 348 1197 Ἑλλήνων
363 1144 385 1185 δέ
400 1144 565 1199 διαφοραίαίδε·

241 1211 392 1267 Πυθαγόρειοι,
413 1211 427 1265 ῆ
439 1212 609 1266 Περιπατητικοὶ,
631 1209 667 1264 τῆν
684 1209 764 1265 μονάδα
775 1212 810 1254 καί
821 1211 858 1265 τῆν
869 1211 967 1268 πρόνοιαν

182 1282 218 1322 καί
227 1279 250 1323 τό
263 1279 347 1321 κωλύειν
358 1279 449 1321 θύεσθαι
462 1285 520 1328 θεοῖς
532 1281 691 1335 δογματίζοντες,
713 1279 810 1334 ἐμψύχων
827 1279 855 1334 μῆ
872 1285 967 1335 μεταλαμ-

181 1348 260 1402 βάνειν,
283 1346 324 1390 α’πδ
338 1347 599 1403 οίνουδὲέγκρατεύεσθαι.
630 1346 845 1403 47Διῶριζονδὲλίμα
858 1347 899 1390 ολτιδ
912 1348 966 1403 σελῆ-

180 1434 216 1470 νης
232 1417 267 1459 καί
283 1414 326 1459 λίνω
345 1416 439 1458 ίιθοίνατα
450 1417 580 1471 Ηλέγοντες,
601 1413 626 1457 τοί
639 1416 660 1457 δὲ
673 1414 768 1459 ύποκύτω
783 1414 855 1469 θνητοί.
886 1421 967 1472 Μεταγ-

180 1484 266 1539 γισμούς
283 1484 305 1525 δὲ
316 1489 387 1537 ψυχῶν
404 1482 444 1524 ἀπό
460 1482 560 1536 σωμοίτων
571 1486 599 1532 εἰς
610 1482 692 1536 σῶματα
710 1483 755 1539 ύχρι
768 1482 824 1534 ζῶων
838 1485 873 1525 καὶ
889 1484 965 1525 κνωδά-

181 1557 227 1593 λων.
257 1556 346 1593 Στωικῶν
361 1552 383 1592 δὲ
398 1549 498 1593 ότούτων
513 1550 632 1599 διδάσκαλος
648 1550 775 1607 Πυθαγόρας
789 1550 861 1593 ἑαυτόν
875 1550 925 1593 θεόν
942 1551 966 1593 τό·

181 1618 263 1673 νύμασε.

241 1688 370 1730 Πλατωνικοί
381 1687 403 1729 δέ
415 1684 465 1729 θεόν
481 1687 515 1729 καί
527 1685 576 1741 λίλην
587 1687 622 1729 καί
634 1684 696 1739 εἶδος,
718 1687 752 1729 καὶ
762 1685 796 1729 τόν
810 1685 886 1741 κόσμον
898 1704 967 1744 γεννη-

181 1756 216 1799 τδν
230 1756 265 1799 καὶ
279 1754 375 1811 φθαρτόν
388 1753 495 1811 ύποίρχειν,
517 1754 554 1809 τῆν
569 1755 591 1797 δὲ
605 1754 673 1810 ψυχῆν
686 1755 794 1812 ἀγέννητον
810 1756 845 1798 καὶ
863 1755 967 1799 ἀθάνατον

181 1827 216 1870 καὶ
227 1828 292 1869 θείαν.
322 1823 383 1869 Εἶναι
394 1825 415 1868 δὲ
426 1823 488 1879 αὐτῆς
499 1828 543 1882 τρία
556 1826 616 1883 μέρη,
632 1823 723 1882 λογικόν,
744 1823 835 1880 θυμικόν
848 1826 882 1868 καὶ
894 1826 966 1869 έκιθν-

182 1894 272 1952 μητικόν.
306 1893 347 1946 Τίς
362 1896 384 1938 δὲ
400 1901 497 1952 γυναῖκας
511 1894 582 1946 κοινιλς
597 1901 639 1946 τοῖς
651 1901 701 1939 πᾶσι
718 1898 820 1952 γίνεσθαι,
842 1897 875 1939 καὶ
891 1897 967 1952 μηδένα

182 1970 230 2021 μίαν
242 1967 292 2021 έχειν
301 1964 387 2022 γαμετῆν
398 1968 461 2016 ἰδίαν,
477 1969 502 1995 4⁹
510 1964 558 2007 ἄλλα
567 1964 615 2016 τούς
624 1967 721 2015 θέλοντας
729 1972 772 2016 ταῖς
783 1966 912 2021 βουλομέναις
921 1981 967 2009 σνν-

182 2042 239 2078 εῖναι.
270 2034 414 2091 Μεταγγισμδν
433 2035 454 2076 δὲ
470 2032 563 2085 ῶςαύτως
576 2040 648 2090 ψυχῶν
660 2037 689 2085 εἰς
700 2034 797 2090 σωμάτων
810 2033 910 2092 διαφορῆς
921 2034 966 2093 ύχρι

148 2111 151 2115 ’
181 2104 302 2156 κνωδάλων,
325 2102 400 2159 ὁμοίως
416 2104 438 2146 δέ
454 2106 489 2146 καί
505 2103 567 2154 θεούς
582 2107 603 2148 ἐκ
620 2109 655 2147 τοῦ
673 2104 718 2155 ένός
730 2102 815 2155 πολλούς
830 2106 865 2147 καὶ
879 2104 966 2148 50αὐτοὶ

182 2172 320 2231 ἒδογμοίτισαν.

240 2243 330 2284 Στωϊκοὶ
347 2246 403 2295 σῶμα
419 2240 442 2283 τό
456 2245 497 2283 πᾶν
512 2243 661 2297 δογματίζοντες
676 2243 711 2284 καί
725 2241 761 2285 τόν
780 2241 879 2296 αἰσθητόν
896 2247 967 2287 τοῦτον

182 2309 259 2365 κόσμον
272 2310 323 2352 θεόν
341 2313 464 2364 νομίζοντες,
486 2310 537 2360 τινές
553 2312 575 2353 ἐκ
590 2314 625 2364 τῆς
639 2315 676 2352 τοῦ
688 2310 753 2368 πυρός
768 2310 839 2361 ούσίας
854 2310 890 2367 τῆν
906 2311 967 2366 φύσιν

183 2379 251 2422 αὐτῶν
263 2376 356 2434 ὁρίζουσι.
388 2381 429 2421 Καὶ
445 2377 479 2420 τόν
491 2379 527 2432 μὲν
541 2378 591 2421 θεόν
607 2383 657 2421 νοῦν
673 2378 820 2436 δογματίζουσι,
841 2382 875 2422 καὶ
889 2379 916 2430 ῶς
926 2393 965 2436 ψυ-

183 2446 220 2501 χῆν
231 2446 306 2497 παντός
316 2453 353 2490 τοῦ
366 2446 423 2497 όντος
432 2447 517 2498 κύτους,
539 2447 629 2503 ούρανοῦ
640 2449 674 2490 καί
685 2453 727 2503 γῆς.
758 2452 822 2502 Σῶμα
834 2450 856 2491 δέ
868 2449 932 2492 αύτοῆ
944 2448 966 2491 τό

183 2520 233 2568 πᾶν,
249 2513 277 2564 ῶς
289 2518 353 2569 ἔφην,
369 2518 403 2559 καὶ
415 2513 538 2569 ὀφθαλμούς
548 2514 595 2565 τούς
611 2521 724 2572 φωστῆρας.
757 2516 797 2571 Τῆν
809 2517 830 2559 δέ
842 2516 906 2574 σύρκα
917 2516 966 2560 κύν-

182 2602 222 2626 των
237 2583 375 2636 ἀπόλλυσθαι,
396 2586 431 2626 καί
442 2582 478 2637 τῆν
489 2582 557 2637 ψυχῆν
567 2582 648 2626 πόντων
660 2587 809 2641 μεταγγίζεσθαι
824 2584 865 2628 νἀτό
876 2584 967 2640 στόματος

183 2653 212 2701 είς
227 2656 289 2704 σῶμα.

237 2718 375 2774 Ἐπικούρειοι
393 2718 457 2771 ύτομα
477 2719 511 2759 καί
529 2718 592 2774 ύμερῆ
608 2718 700 2772 σῶματα,
723 2721 757 2762 καὶ
774 2719 883 2777 ὁμοιομερῆ
899 2723 967 2764 τεκαὶ

182 2783 256 2842 όίπειρα
267 2784 303 2839 τῆν
314 2784 376 2842 οίρχῆν
388 2785 438 2828 εἶναι
451 2790 521 2827 ὂῐτῶν
532 2785 612 2828 πάντων
623 2784 770 2841 ύπεστῆσαντο,
790 2789 826 2829 καὶ
836 2789 891 2838 τέλος
903 2789 965 2831 52εύ-

205 2898 233 2935 43.
247 2897 256 2935 δ
267 2899 356 2947 χαρακτὴρ
368 2903 406 2935 editi
418 2903 458 2935 libri.
608 2899 636 2936 46.
647 2899 707 2939 Ἰούδα
717 2906 770 2937 omiss.
780 2905 797 2937 ιἰι
806 2904 904 2938 οδίλΡιίαν.
912 2906 965 2939 colon.

205 2944 233 2980 44.
245 2948 275 2982 τοῦ
287 2951 340 2981 omiss.
358 2951 374 2981 ιἰι
386 2950 422 2981 edit.
434 2950 489 2981 Petav.
508 2949 562 2981 σολον.
585 2953 632 2990 repet.

182 2996 230 3033 ιιυα.
441 3028 444 3032 ⁴
609 2991 636 3029 47.
649 2991 774 3040 διιίρριζωωδ.
782 2996 814 3029 len.
832 2993 966 3041 διάρρσιζωωά.

206 3036 234 3072 45.
246 3041 318 3073 Fortasse
334 3039 404 3083 ἐπίκλην
419 3037 497 3085 Ἰσραήλ.
520 3041 564 3073 Edita·
587 3042 652 3084 Rhedi9,

184 3086 220 3119 λὶλινὶ
229 3088 287 3120 habent
297 3086 327 3122 καὶ
338 3081 414 3133 Ἰσραὴλ.
610 3085 637 3123 48.
650 3089 691 3122 Edit.
703 3089 766 3123 Ρκλανῐί
777 3090 850 3124 mendose
861 3088 944 3136 λέγοντος,
