1988 3392
153 213 195 254 556
439 220 522 255 SANGTI
533 220 648 255 ΕΡΙΡΗΔΝΙΙ

154 301 187 344 καλ
200 299 288 359 πλευρόν
298 302 428 361 νενυγμένην,
444 298 502 345 ο’στέα
512 315 533 345 τε
544 301 578 345 καὶ
589 305 660 360 νεῦρα,
675 301 709 346 καὶ
720 299 745 346 τό
758 299 815 357 δλλα,
837 299 865 355 οἷς
873 301 901 361 μὴ
912 300 938 349 εί-

155 389 188 416 ναι
201 375 314 427 φαντασίαν
326 371 347 416 τό
361 371 473 430 ὁρεόμενον,
488 372 573 424 πίστεως
583 390 604 416 τε
614 374 649 417 καλ
659 375 740 425 ἐλπίδος
749 378 786 429 τῆς
796 371 893 432 ἡμετέρας
902 373 939 432 την

155 440 263 498 ὑπόσχεσιν
276 446 361 487 ἐποιεῖτο
374 441 399 486 δι’
411 444 492 498 ἑαυτοῦ,
511 441 536 487 τό
548 442 584 487 ὅλα
600 443 712 499 τελειώσας,
733 444 768 487 καὶ
779 448 892 489 συνεσθίων
902 446 938 489 καὶ

154 512 329 567 συναυλιζόμενος,
346 511 371 555 ού
382 512 472 567 δοκήσει,
485 512 526 556 ἀλλ’
537 512 632 571 ἀληθείην·
652 513 754 556 παιδεύων
764 530 785 556 τε
795 514 873 564 ἐδίδαξε
882 516 937 568 βασι·

153 583 207 623 λείαν
221 580 323 637 οὐρανῶν,
345 580 453 636 κηρύσσειν
463 583 485 624 ἐν
495 581 581 639 ἆληθείηι
592 579 615 624 τό
626 583 676 638 μέγα
687 582 722 624 καί
731 581 893 638 κορυφαιότατον
903 596 937 638 ση-

154 652 231 701 μαίνων
241 655 283 699 τοῖς
292 655 393 703 μαθηταῖς
402 651 436 692 καὶ
446 651 518 705 λέγων,
533 648 685 703 Μαθητεύσατε
695 648 719 692 τό
730 652 791 703 ἔθνη,
806 651 895 693 τουτέστι
905 667 938 705 με·

153 715 256 770 ταβιίλλετε
270 715 295 757 τό
311 719 362 770 έθνη
379 716 420 759 αἰπδ
436 720 507 765 κακίας
523 719 551 765 είς
565 715 602 770 τὴν
618 714 726 770 οἷληθειαν,
747 715 790 760 ἆπδ
802 718 897 773 αἱρέσεων
910 720 939 767 εἰς

154 786 202 836 μίαν
224 782 350 836 92θεότητα,
376 786 501 836 βαπτίζοντες
520 782 595 832 αύτούς
613 785 641 832 εἰς
659 781 724 838 όνομα
741 782 823 841 πατρός,
837 785 873 826 καὶ
890 787 938 827 υίοῦ

154 852 188 893 καί
197 848 256 907 οἶγίου
267 850 389 906 πνεύματος,
411 854 440 901 εἰς
450 850 487 906 τήν
502 849 602 908 κυριακην
612 850 724 907 όνομασίαν
737 856 773 907 τῆς
783 851 864 909 τριόδος
872 850 938 910 οἷγίαν,

154 922 188 964 καὶ
202 919 306 978 βασιλικόν
324 924 465 980 93σφραγῖδα,
486 923 520 966 λ’να
534 923 588 983 δείξη
600 923 622 967 ἐκ
633 926 670 967 τοῦ
681 920 782 979 σ’νόματος
798 926 895 980 μηδεμίαν
906 921 939 968 αλλ-

154 995 234 1036 λοίωσιν
245 991 295 1037 εἶναι
306 998 341 1048 τῆς
357 998 404 1049 μιᾶς
415 994 512 1048 ἓνότητος.
535 991 606 1037 Ὅπου
618 992 655 1051 γόρ
668 996 689 1037 οί
697 993 838 1050 βαπτιζόμενοι
848 993 938 1039 κελεύον-

155 1081 188 1105 ται
201 1065 228 1113 εἷς
240 1061 305 1118 όνομα
314 1062 402 1120 πατρός,
423 1065 458 1106 κοιλ
469 1063 595 1117 9λιλσῳαλῶς
607 1061 621 1119 ἡ
634 1066 746 1121 δοξολογλα
770 1066 798 1116 εἷς
811 1063 875 1119 ὄνομα
884 1066 938 1120 υἱοῦ,

155 1132 193 1175 ούκ
207 1138 230 1162 ⁹⁵
238 1131 365 1183 ύποδεόντως
377 1131 391 1186 η
403 1135 515 1186 ἐπίκλησις·
536 1134 564 1181 εἷς
574 1130 638 1186 όνομα
650 1131 709 1189 όγίου
720 1133 842 1188 πνεύματος,
858 1132 883 1176 ού
896 1136 939 1188 διη-

157 1201 233 1256 ρημένη
248 1199 262 1255 ἡ
276 1202 355 1253 ένωσις,
371 1199 418 1244 ούδὲ
433 1199 608 1256 όπηλλοτριωμένη
622 1205 659 1255 τῆς
673 1206 720 1255 μιᾶς
734 1201 837 1256 θεότητος.

67 1562 102 1593 ναε-
111 1554 140 1585 138·
208 1543 326 1601 Ἀνεληφθη
341 1544 369 1596 εἰς
383 1541 483 1601 οὐρανούς
496 1544 517 1587 ἕν
528 1540 613 1604 96αὐτῷ
625 1548 654 1604 τῷ
666 1542 788 1600 σωματικαὶ
799 1547 825 1605 τῇ
836 1548 893 1605 ψυχῇ
904 1545 939 1589 καλ

155 1619 184 1675 τῷ
194 1620 234 1673 νηΐ,
255 1614 367 1665 συνεναίσας
382 1617 410 1665 εἰς
421 1617 468 1669 μίαν
481 1614 563 1670 ἑνότητα
574 1616 609 1658 καλ
619 1617 667 1670 μίαν
677 1612 812 1670 πνευματικὴν
823 1613 940 1669 ὑπόστασιν,

154 1686 189 1727 καλ
204 1686 277 1727 ἔνθεον
289 1684 410 1733 όιποτελὲσας
423 1682 517 1726 ἐκύθισεν
528 1685 550 1727 ε’ν
560 1685 615 1742 δεξιᾷ
628 1688 664 1726 τοῦ
676 1682 763 1739 πατρός,
784 1684 867 1738 πέμψας
879 1684 941 1741 κήρυ-

155 1771 192 1803 κας
203 1755 231 1803 εἷς
241 1751 289 1807 όλην
300 1752 337 1807 τὴν
350 1753 479 1806 οἰκουμένην,
495 1755 579 1806 Σίμωνα
590 1753 681 1808 Πέτρον,
699 1751 795 1809 Ἀνδρέαν
808 1751 843 1795 τόν
853 1751 942 1806 ἀδελφόν

155 1821 229 1873 αὐτοῦ,
247 1821 346 1875 Ἰάκωβον
358 1821 392 1863 καλ
402 1818 497 1875 Ἰωύνιην
507 1819 556 1869 τούς
566 1819 625 1870 υἱούς
638 1822 759 1874 Ζεβεδαίου,
781 1820 816 1869 οδς
828 1820 890 1864 πύλαι
901 1823 940 1872 ἒξε-

154 1890 233 1941 λὲξατο,
255 1892 356 1931 Φίλιππον
371 1889 405 1929 καὶ
423 1892 589 1942 Βαρθολομαῖον,
613 1889 775 1930 Ματθαίονκαλ
796 1891 883 1942 Θωμᾶν,
905 1890 940 1931 καὶ

154 1955 247 2009 Ἰούδαν,
263 1957 298 1998 καὶ
311 1958 424 2005 Θαδδαῖον,
440 1958 524 2009 Σίμωνα
536 1954 572 1997 τόν
587 1955 690 2011 Ζηλωτην,
705 1954 787 1997 Ἰούδαν
798 1972 819 1996 τε
830 1954 865 1997 τόν
875 1954 941 1998 Ἰσκα-

155 2024 229 2079 ριιότην
240 2026 274 2066 καὶ
285 2023 387 2080 προδότην
398 2021 460 2065 αύτού
471 2022 590 2080 γενόμενον,
611 2025 647 2066 καὶ
658 2021 730 2073 δίλλοας
741 2022 879 2079 ἑβδομήκοντα
894 2023 940 2077 δύο,

156 2096 176 2148 ἐξ
189 2088 217 2139 δν
228 2089 279 2150 ἦσαν
291 2090 340 2138 ἕπτό
352 2094 372 2137 ολ
382 2094 465 2137 ἐπὶτῶν
475 2097 552 2151 χηρῶν,
568 2093 684 2148 Στέφανος,
701 2095 811 2148 Φίλιππος,
828 2092 940 2152 Πρόχορος,

158 2164 265 2222 Νικάνωρ,
284 2168 364 2221 Τίμων,
381 2168 499 2221 Παρμενᾶς,
514 2165 549 2209 καὶ
559 2164 670 2219 Νικόλαος,
685 2163 737 2223 πρός
747 2165 826 2215 τούτοις
835 2168 940 2216 Ματθίας,

157 2235 169 2280 ό
183 2237 228 2280 ἀντὶ
243 2234 314 2278 Ἰούδα
331 2236 413 2289 έσγατον
430 2236 585 2288 συμψηφισθελς
603 2233 651 2289 μεταλ
666 2239 706 2276 τῶν
721 2233 799 2289 διόδεκα
816 2232 941 2288 ύποστύλων,

156 2303 205 2359 μεταλ
218 2306 240 2346 δὲ
250 2302 326 2346 τούτων
336 2301 418 2345 πιίντων
431 2300 529 2358 Μύρκος,
544 2307 638 2354 Λουκᾶς,
653 2301 752 2354 Ἰοῦστος,
768 2302 886 2358 Βαρνάβας,
906 2305 941 2346 καὶ

154 2373 260 2427 Ἀπελλῆς,
280 2369 377 2424 Ῥοῦφος,
401 2372 475 2426 Νίγερ,
496 2372 531 2412 καὶ
547 2372 568 2413 οί
581 2371 648 2432 λοιποὶ
664 2375 705 2412 τῶν
726 2370 940 2425 97ἑβδομηκονταδύο.

158 2439 218 2482 Μετόι
229 2438 313 2489 τούτους
324 2439 346 2481 δέ
358 2437 435 2488 πάντας
448 2439 482 2480 καί
493 2437 529 2480 σύν
544 2437 613 2487 αὐτοῖς
626 2442 710 2480 Παῦλον
722 2437 757 2481 τόν
769 2436 879 2494 όγιοότατον
890 2438 942 2482 ἆπό-

157 2497 237 2560 στολσν,
258 2506 385 2560 ἐκλεξάμενος
396 2504 429 2549 διδ
445 2510 516 2559 φωνῆς
532 2508 584 2555 ι’δίας
594 2503 629 2548 ἀπ’
642 2504 742 2567 ούρανοῦ,
762 2504 874 2549 ἀπόστολον
889 2504 941 2562 6μοῦ

157 2578 192 2619 καὶ
208 2575 287 2631 κήρυκα
305 2577 372 2618 ἐθνῶν
390 2575 424 2617 καλ
442 2573 548 2630 πληρωτὴν
564 2573 697 2629 ύποστολικῇς
712 2577 816 2625 διακονίας
834 2575 941 2620 ἀπέστειλε.

158 2648 200 2691 Καὶ
213 2644 298 2703 εύρίσκετ
309 2650 395 2689 Λουκοῖν
409 2649 449 2688 τῶν
462 2643 636 2701 ἑβδομηκονταδύο
653 2643 702 2689 όντα
719 2649 758 2689 τολν
773 2646 941 2704 ε’σκορπισμένων,

157 2719 192 2762 καλ
208 2715 325 2761 ἀκόλουθον
339 2714 402 2759 αὐτόν
417 2717 486 2772 έλαβε,
508 2717 542 2759 καί
555 2714 652 2773 συνεργόν
666 2720 702 2760 τοῦ
719 2715 839 2773 εὐαγγελίου.
871 2716 942 2768 Ούτως

158 2793 207 2844 γοῦν
217 2787 309 2840 ἐτελέσθη
324 2784 337 2839 ἦ
348 2790 404 2828 πᾶσα
419 2784 534 2841 εύαγγελικη
549 2788 672 2842 πραγματεία
682 2786 720 2834 ἕως
731 2784 805 2828 τούτου
815 2790 852 2829 τού
861 2786 941 2844 χρόνον.

208 2855 281 2897 Ἔσται
294 2856 315 2896 δέ
329 2872 364 2907 μοι
372 2853 384 2896 ό
393 2853 452 2909 λόγος
462 2855 499 2902 ἕως
511 2849 550 2895 οἶδε
562 2855 607 2909 περὶ
619 2858 659 2895 τῶν
672 2856 746 2896 ε’ίκοσιν
757 2854 852 2909 αἱρέσεων
860 2856 896 2898 καὶ
906 2859 942 2909 τῆς

179 2993 207 3026 92³.
222 2990 294 3036 ἑνότητα
305 2994 351 3025 λούει
361 2994 456 3025 Ραιιαιιιαη.
584 2987 611 3024 94.
624 2987 705 3034 οἷσοαλής
716 2992 762 3023 habet
773 2992 834 3024 Ρατιατ.
845 3002 884 3033 ρας.
897 2992 924 3025 50.

179 3037 207 3072 533.
221 3038 308 3082 σφραγίδα
317 3039 363 3072 codd.
373 3048 411 3071 mss.
422 3041 436 3071 ελ
445 3038 470 3071 εδ.
479 3038 536 3079 γεῖσα,
582 3034 610 3069 95.
622 3032 731 3075 ἄποδεόντως
740 3038 773 3069 cod.
781 3039 812 3070 λιιι.
821 3041 836 3070 ιι
844 3039 880 3070 αλιι,
889 3040 940 3078 princ.

157 3086 181 3119 αλλ
192 3088 284 3118 constanter,
561 3077 660 3135 οἱποδεόιτας
676 3084 710 3116 ανδ.
728 3084 794 3126 λίλαλλμ
810 3087 825 3116 et
836 3084 872 3117 οιλλλ.
885 3085 940 3118 Ρτλαν.
