1988 3392
154 218 197 259 256
442 225 650 260 εκαοτιτειετειιιιι

155 304 222 348 οάκέτι
231 302 282 346 κατά
292 302 328 358 τήν
338 302 414 355 οῦσίαν,
430 304 489 356 φημί,
505 304 539 345 ἵνα
551 301 592 345 ἀπῦ
601 307 639 346 τοῦ
651 304 720 358 μηκέτι
729 308 801 359 γεννῶν
813 304 856 348 κατ’
867 305 938 351 οῦσίαν

154 373 189 415 καί
202 370 242 413 ἀπιί
260 377 296 414 τοῦ
307 370 343 415 τάν
358 372 434 424 πατέρα
448 368 475 424 μή
491 375 623 427 γεγεννῆσθαι
635 372 655 422 ἒξ
667 371 766 426 ἑκατέρων
780 377 846 427 μερῶν
858 369 873 426 ἡ
883 377 938 416 πᾶσα

154 438 203 489 δόξα
213 442 249 481 τοῦ
261 438 372 492 ἀξιῶματος
384 435 469 490 σῶζηται
480 438 501 480 έν
512 442 537 495 τῇ
549 441 585 495 μιᾷ
596 438 674 491 ένάτητι
685 442 721 491 τῆς
733 435 789 487 ἀξίας
799 443 851 481 θεοῦ
863 439 939 495 πατρὸς

154 508 235 559 τελείου,
246 507 280 549 καί
290 507 336 549 υίοῦ
345 507 427 557 τελείου,
442 505 477 548 καί
486 508 560 549 τελείου
572 505 685 561 πνεῦματος
695 503 759 562 άγίον.
782 506 824 548 Καί
835 504 869 550 διά
878 512 938 552 τοῦτο

153 573 176 619 τῦ
189 572 299 630 ἀμοοῦσιον
309 574 334 617 οῦ
345 577 421 628 ψεῦδος
432 572 487 617 οἶδεν
497 573 511 629 ἦ
521 578 568 617 θεία
579 573 656 631 γραφη,
672 572 720 618 οῦδὲ
730 572 742 618 τί
753 572 837 630 εῦσεβής
846 575 939 633 λογισμός

155 643 166 691 0‘
177 647 223 705 περί
235 642 310 703 πατρίς
321 645 356 688 καί
371 646 418 689 υίοῦ
430 646 465 689 καλ
476 641 535 703 άγίου
550 643 665 701 πνεῦματος
681 642 768 702 εῦσεβῶς
780 644 904 703 μεμαθηκῶς
914 646 937 692 τά

155 717 243 771 δοξάζειν
257 717 291 760 καί
307 721 436 774 προςκυνεῖν,
451 718 473 760 έκ
488 720 540 759 θεοῦ
553 715 621 771 λαβοίν
635 714 672 772 την
686 714 750 774 χάριν.

213 785 289 840 Κεφάλ.
296 785 374 830 Ἀετίου
385 784 417 842 ιβ’.
447 787 476 828 El
484 785 512 841 μη
523 784 546 829 τά
557 786 666 843 ἀγέννητον
675 785 713 842 την
722 784 832 830 ὑπόστασιν
842 792 879 831 τοῦ
886 793 939 832 θεοῦ

155 859 283 913 παρίστησιν,
303 854 343 898 ἀλλ’
359 854 457 906 ἀπονοίας
474 857 527 898 ἐστίν
541 853 674 913 ἀνθρωπίνης
688 854 710 898 τά
727 855 849 914 ἀσύγκριτον
868 855 938 912 ῦνομα,

154 925 212 984 χάριν
224 931 266 975 τοῖς
280 923 397 979 έπινοησασι
406 923 500 981 γινῶσκει
512 922 524 968 ὁ
537 924 599 978 θεάς,
622 923 656 968 διά
673 922 710 979 τήν
727 923 835 982 ἀγέννητον
850 926 939 970 ε’πίνοιαν

155 993 192 1050 την
206 992 307 1051 ῦπεροχην
322 998 358 1037 τοῦ
373 992 473 1048 ὀνόματος
487 992 512 1037 οῦ
527 994 596 1051 φέρων
611 995 632 1037 ἐν
647 993 712 1052 οῦσίγ.

209 1063 289 1119 Ἀνατρ.
320 1063 362 1104 Καὶ
374 1060 492 1118 ἀγέννητον,
514 1059 542 1112 ῶς
552 1064 629 1117 έφαμεν
640 1061 691 1119 πριίς
701 1061 736 1105 τῦν
747 1060 823 1106 Ἀέτιον
835 1061 939 1107 ἀποτεινά·

156 1148 222 1187 μενοι,
246 1132 295 1173 1καί
308 1129 347 1173 οῦκ
359 1128 489 1186 ἀρνοῦμεθα,
509 1127 549 1173 κάν
562 1147 583 1172 τε
598 1132 620 1173 έν
632 1133 679 1188 θείμ
693 1135 763 1189 γραφῇ
779 1129 807 1185 μη
822 1131 939 1188 ἐμφέρηται,

72 1223 107 1253 μσς.
114 1213 146 1243 εει.
155 1199 242 1253 εῦσεβῶς
256 1198 386 1252 ἐπινενόηται.
413 1197 533 1253 ’Λγέννητον
544 1198 566 1240 δέ
581 1197 691 1250 φάσκοντες
702 1197 738 1240 τάν
748 1199 824 1254 πατέρα
835 1199 870 1241 καί
883 1197 939 1255 ἀγέν-

39 1256 41 1258 ‚
154 1284 215 1321 νητον
230 1264 366 1321 ὁμολογοῦμεν
370 1298 376 1317 ,
396 1263 491 1321 γεννητῶν
506 1265 528 1307 δὲ
538 1263 574 1307 τῶν
587 1263 633 1308 υίάν
644 1263 681 1307 οῦκ
693 1263 820 1321 ἀρνούμεθα,
842 1263 881 1308 ἀλλ’
893 1265 939 1320 οῦχί

154 1333 243 1379 κτιστόν
266 1332 311 1377 οῦτε
322 1331 372 1390 γάρ,
394 1331 428 1376 ἐάν
438 1331 474 1376 τάν
485 1331 531 1377 υίὸν
543 1332 637 1390 γεννητῶν
649 1330 776 1390 ῦρισῶμεθα,
796 1334 819 1377 ἐκ
835 1339 888 1377 θεοῦ
902 1351 940 1377 πα-

154 1404 201 1460 τρίς
213 1402 249 1459 την
260 1402 331 1445 οὐσίαν
342 1403 392 1456 έχειν
405 1399 511 1458 ἀρνεῖσθαι
525 1399 637 1458 δυνάμεθα.
667 1406 771 1458 Γεννητῶς
784 1401 822 1461 γάρ
838 1403 937 1460 ἐγέννησε,

155 1476 190 1520 καί
201 1472 239 1535 οῦκ
248 1474 329 1518 έκτισεν.
359 1469 394 1524 Ὡς
403 1470 441 1531 γάρ
451 1474 513 1525 λοξῶς
527 1472 593 1517 πάντα
605 1473 638 1517 ε’πί
652 1477 689 1517 τοῦ
700 1477 795 1532 γεννητοῦ
806 1474 841 1517 καί
854 1473 938 1533 ἀγεννή-

154 1564 191 1591 του
211 1544 355 1599 διανοούμενος
373 1544 516 1602 παρεκτρέπειν
533 1542 605 1587 ἑαυτὸν
625 1542 693 1600 βοῦλει
712 1542 745 1602 (οῦ
764 1544 836 1603 γάρτι
855 1546 938 1603 ἕτερον),

155 1616 220 1667 οῦτως
231 1616 266 1659 καὶ
278 1612 338 1664 αῦτῦς
350 1610 430 1672 ἀκοάεις
441 1615 462 1666 ἒξ
473 1613 610 1671 ἀνθρωπίνων
620 1619 756 1671 συλλογισμῶν
769 1616 804 1657 καί
817 1614 939 1665 ἀντιθέσεως

156 1688 315 1741 συλλογιστικης,
335 1683 464 1739 ἀνθρωπείας
474 1699 495 1725 τε
508 1680 697 1738 ματαιοφροσάνης,
712 1682 747 1736 τά,
758 1682 858 1741 ’Ἐγκειται
869 1681 884 1738 ἡ
895 1682 938 1726 θιά-

155 1771 200 1797 νοια
214 1757 251 1796 τοῦ
262 1750 375 1807 ἀνθρῶπου
391 1752 425 1794 ἐπὶ
438 1751 463 1793 τά
475 1750 555 1807 πονηρά
570 1751 666 1805 ἐπιμελῶς
681 1752 704 1794 έκ
718 1750 818 1806 νεότητος.
848 1753 939 1806 Λέξομεν

155 1823 190 1865 καί
205 1819 262 1863 αῦτοί
276 1819 307 1863 ὅτι
326 1823 407 1876 ἳπολλῷ
419 1823 492 1873 μᾶλλον
502 1819 600 1874 ἀπρέπεια
610 1824 652 1876 θεῶ
663 1824 690 1877 τῷ
702 1818 787 1878 ἀκτίστῳ
798 1818 821 1862 τά
833 1822 905 1871 κτίζειν
914 1819 939 1862 τά

154 1891 267 1940 κτισθέντα,
282 1888 317 1930 καί
327 1892 355 1945 τῶ
365 1885 455 1944 ἀποιητῳ
466 1885 488 1929 τά
499 1892 570 1929 ποιεῖν.
602 1884 632 1929 Οῦ
643 1886 681 1944 γάρ
693 1888 790 1942 ένθέχεται
800 1886 835 1930 τῶν
845 1885 938 1931 ἀκτιστον

154 1961 225 2008 κτίζειν
235 1954 260 1999 τά
275 1955 407 2007 3κτισθέντα,
428 1956 463 1997 καί
475 1953 510 1997 τάν
523 1953 551 2009 μη
563 1953 669 2011 γενόμενον
686 1961 752 1998 ποιεῖν
767 1954 792 1998 τά
806 1955 902 2011 έσάμενα,
922 1958 940 1998 εί

155 2025 179 2068 οῦ
189 2026 260 2079 πρέπει
275 2028 303 2083 τῷ
316 2021 415 2082 ἀγεννητμ
430 2022 452 2065 τά
464 2027 535 2078 γεννᾶν
552 2021 603 2065 κατά
618 2021 655 2065 τάν
668 2023 747 2066 Ἀετίου
762 2022 828 2080 λόγον.
861 2028 906 2066 Τῶν
917 2024 939 2066 δὲ

153 2097 235 2136 κτίσεων
252 2090 371 2149 ὁρωμένων,
392 2092 427 2133 καί
442 2095 479 2133 τοῦ
490 2093 582 2133 πλείστου
595 2092 670 2148 μέρους
681 2096 717 2146 τῆς
729 2089 798 2142 οῦσίας
810 2089 938 2143 ἀποστάσεως

154 2162 287 2218 φαινομένης,
306 2165 350 2221 θεῷ
366 2160 388 2204 δὲ
400 2164 428 2220 τῷ
442 2158 526 2220 ἀκτίστμ
538 2158 561 2204 τά
573 2156 606 2203 ἀπ’
616 2158 681 2204 αὐτοῦ
692 2163 795 2205 κεκτίσθαι
807 2159 835 2218 μη
849 2160 937 2219 πρεποά·

154 2247 201 2289 σης,
223 2235 257 2276 ίνα
270 2230 297 2288 μη
308 2230 330 2275 τά
344 2228 464 2290 ἀσῦγκριτον
474 2231 507 2274 ἐπί
518 2228 628 2286 μεταβολήν
638 2235 678 2275 τῶν
691 2232 802 2288 γενομένων
815 2232 938 2290 παρενεχθὲν

154 2304 200 2348 ἀντὶ
210 2308 246 2347 τοῦ
258 2304 371 2361 πρέποντος
383 2299 438 2358 παρά
449 2305 477 2359 τῷ
486 2298 553 2359 Ἀετίῳ
564 2300 652 2358 ἀπρεπές
664 2306 736 2356 μᾶλλον
748 2305 866 2357 νομισθείη,
881 2307 938 2360 ζητη-

155 2373 240 2428 θήσεται
250 2371 320 2416 λοιπῦν
330 2373 396 2428 έτερος
406 2369 434 2414 ῶν
445 2369 494 2420 θεάς
505 2368 518 2414 ά
528 2367 630 2423 ἀκτιστος,
650 2371 716 2428 έτερος
728 2371 750 2414 δέ
761 2369 881 2426 άκτισθείς,
902 2374 937 2416 καί

155 2445 225 2491 κτίζειν
235 2440 338 2496 ἀναλόγως
349 2441 414 2498 ἑαυτῷ
423 2438 539 2492 δυνάμενος.
572 2443 613 2481 Τοῦ
623 2439 645 2481 δέ
653 2440 782 2494 κεκτισμένον
790 2442 824 2483 καὶ
834 2439 857 2483 τά
867 2445 938 2493 κτίζειν

154 2511 243 2563 έχοντος,
267 2508 382 2563 αὐτομάτου
399 2507 427 2562 μή
444 2506 512 2558 ῦντος,
535 2504 584 2548 ἀλλά
599 2507 737 2562 κεκασμένον,
757 2508 889 2565 ζητηθήσεται
903 2511 937 2552 καὶ

155 2577 221 2632 έτερος
231 2575 243 2619 ά
253 2576 325 2619 τοῦτον
336 2578 400 2626 α’ίτιος
410 2573 507 2632 γεγονῶς,
522 2575 556 2616 καὶ
567 2572 608 2616 ἀπῦ
619 2574 692 2618 τοῦτον
703 2574 760 2626 ἀλλος
774 2576 936 2632 έπινοηθήσεται.

178 2737 193 2771 1.
206 2735 236 2771 καὶ
247 2738 309 2770 uncinis
319 2739 380 2770 κοίονίι
391 2739 471 2771 petavius.
558 2736 583 2780 τῷ
594 2733 672 2781 ἀποιήτῳ
683 2734 702 2770 τῦ
715 2739 776 2776 ποιεῖν,
794 2733 814 2771 οῦ
825 2735 857 2781 γὰρ
870 2734 937 2784 ἐνδέχε-

177 2782 192 2815 2.
211 2784 256 2815 Libri
271 2784 318 2822 νυλμο
333 2784 403 2817 πολλῶν.
433 2783 465 2815 Sed
481 2781 535 2813 multo
557 2793 586 2816 ται
601 2781 630 2817 τὸν
646 2777 724 2816 ἔκτισται
738 2781 806 2823 κτίζειν.
829 2785 904 2818 petavius
918 2793 937 2817 τα

153 2828 206 2874 magis
218 2832 251 2862 ιὐιιι
262 2831 337 2861 convertit
349 2830 440 2863 Carnarius.
557 2829 606 2861 verba
614 2830 676 2862 ιιιιοίιιλε
684 2829 758 2869 inclusit,
770 2838 797 2871 ιμο
808 2829 864 2871 delevi,
874 2840 910 2864 αντα
920 2832 938 2864 in

177 2877 193 2911 ὃ.
206 2878 245 2911 Post
261 2874 352 2911 κτισθέντα
368 2877 405 2910 τοία
422 2878 494 2918 νεμοίατο
506 2872 536 2910 καί
559 2876 652 2910 κοιλαίνει.
664 2885 695 2910 ιιοα
707 2877 784 2917 λτμσαλαν.
