1988 3392
241 240 335 273 rauauu
347 240 389 272 ure.
402 241 432 272 ur.
444 241 499 273 rom.
509 241 523 273 1.
535 240 603 273 nanu.
613 240 672 272 Lxx.
822 234 848 273 21

62 323 107 362 erem
117 321 181 371 patris
193 323 239 368 mei,
256 321 291 373 qua*
300 321 320 359 in
333 320 391 359 eaelzlr
402 327 437 358 est.
469 318 562 371 Ateniur,
580 318 632 360 dicct
643 319 727 374 aliquis,
745 317 850 375 Scriptura

62 390 119 432 deum
130 386 204 430 vidisse
215 387 322 446 propbetas
334 387 418 441 asserit,
435 388 470 431 sed
483 396 549 431 mente
561 388 731 446 intelligentiaque
742 389 849 441 duntaxat,

62 467 123 503 ulex
139 457 235 501 lrocloco
251 458 317 514 colligi
334 465 411 515 potest:
435 462 511 513 Angelr'
528 474 593 501 eorum
614 462 679 500 vident
695 461 765 513 faeiem
781 463 953 514 percontandos.

61 532 108 579 nrei,
130 531 195 582 quiin
206 530 264 569 coela
275 536 313 568 est:
336 528 383 569 item
396 529 538 573 exbocloco:
561 532 620 569 Beati
629 531 698 569 rnurrdo
709 532 777 578 eorde,
802 544 849 583 quo-

61 601 111 639 ur'urn
131 600 170 649 ipsi
187 599 241 637 derna
262 598 357 638 videbant.
397 596 454 652 Quod
476 598 509 653 qni
528 597 614 647 dixerit,
638 605 658 638 et
676 597 721 638 illas
737 597 848 653 scripturae

61 664 171 707 sententias
187 665 238 720 apud
258 679 280 706 se
296 665 414 715 contulerit,
438 667 520 721 perinde
539 665 669 706 arbitrabitur
689 679 849 720 unumquemque

62 734 118 773 deum
133 739 211 783 ruente,
233 747 273 773 nou
289 733 352 773 oculis
368 733 444 774 videre.
477 732 553 774 Verum
568 733 626 773 facile
641 733 679 773 iste
695 733 756 773 divini
772 746 849 773 sermo·

61 800 92 840 uis
101 799 218 840 auctoritate
231 800 337 850 ret'ettnur,
354 815 398 840 curn
411 800 506 854 propbeta
519 798 581 840 lsaias
593 800 653 851 dicat,
668 802 731 839 Miser
742 815 785 851 ego,
802 815 849 852 quo·
861 813 945 850 1sai.tt‚5.

60 870 111 908 aram
121 868 210 919 confines
220 881 273 915 rum,
296 881 318 906 eo
331 869 382 919 quod
395 869 449 906 dorne
465 870 545 919 rirzprna's
559 868 616 906 labris
630 870 650 907 ire
665 870 726 907 medab
734 869 804 919 populi
813 870 849 906 zin-

58 948 109 989 pure
120 935 171 974 labia
182 935 269 975 debentis
280 948 315 987 ego
325 935 397 984 dubito,
414 942 433 974 et
441 937 536 974 domicum
546 937 665 974 exercitatem
675 937 784 975 or'de'eeulr's
793 937 846 975 mer's.

60 1002 107 1047 Non
123 1001 193 1046 Mente
209 1004 271 1057 dixit,
289 1018 328 1047 non
345 1001 486 1061 Cogitatione,
502 1005 537 1046 sed
554 1001 636 1056 Oculis,
653 1018 732 1061 unaque
744 1018 812 1047 veram
824 1018 848 1047 ac

61 1073 142 1116 solidam
159 1074 217 1116 fidem
233 1075 310 1116 statuit.
341 1073 418 1129 Ecquid
433 1088 483 1129 ergo
498 1074 593 1126 dicimus,
615 1089 659 1116 curu
675 1075 800 1128 evangelium
816 1090 849 1116 as-

61 1150 126 1194 serat,
148 1146 209 1183 Deum
225 1147 322 1184 unenube
337 1158 419 1196 unquam
431 1158 472 1183 esse
483 1151 614 1196 conspertum,
639 1143 747 1199 prophetae
763 1157 812 1185 vero
828 1151 849 1184 et

60 1210 157 1265 apostoli,
174 1210 213 1251 iuro
225 1211 316 1251 dominus
325 1211 380 1265 ipse,
404 1211 525 1251 contrarium
538 1211 649 1252 affirment?
678 1211 711 1251 An
723 1210 789 1265 aliqua
802 1218 850 1251 suut

60 1277 80 1317 in
93 1277 191 1332 scriptura
203 1277 303 1333 quaesibi
316 1277 401 1318 invicem
414 1279 539 1332 repugnent?
561 1276 644 1318 Minime
656 1277 675 1317 id
688 1277 775 1331 quidem.
807 1276 849 1319 Sed

61 1343 169 1399 prophetae
185 1344 235 1385 baud
251 1345 309 1386 dubie
325 1351 345 1385 et
356 1345 441 1399 apostoli
457 1345 514 1385 deum
530 1345 634 1395 viderunt,
650 1344 709 1398 idque
723 1344 788 1399 ipsum
804 1358 849 1385 cer-

61 1410 158 1451 tissimum
169 1418 212 1464 est3
228 1412 264 1453 scd
275 1412 370 1452 haetenus
381 1411 473 1452 viderunt
483 1418 580 1466 quatenus
590 1411 740 1467 poterantipsi,
757 1417 775 1451 et
787 1425 848 1466 quau·

61 1486 101 1519 turn
117 1479 200 1532 licebat,
221 1493 244 1520 ae
256 1480 419 1536 quemadmodum
430 1480 494 1521 voluit
509 1480 569 1531 deus,
586 1493 609 1520 se
624 1479 731 1520 videndum
745 1479 776 1519 his
792 1492 849 1535 prae-

3 1591 5 1594 ,
60 1547 110 1590 buit.
142 1547 220 1606 Quippe
240 1548 306 1591 omnia
327 1556 372 1592 sunt
388 1547 408 1590 in
424 1549 467 1591 eius
487 1555 586 1606 potestate
606 1548 679 1606 posita.
710 1547 783 1605 Neque
799 1563 848 1591 vero

62 1617 141 1660 dubium
154 1626 185 1660 est
198 1619 244 1675 quin
256 1619 305 1661 deus
317 1618 381 1660 videri
393 1619 573 1674 comprehendique
586 1625 683 1674 nequeat,
699 1618 757 1674 idque
769 1620 789 1660 in
801 1633 849 1661 cou-

62 1688 116 1728 l'esso
132 1695 163 1728 est
178 1689 229 1743 apud
244 1702 322 1728 amires.
354 1685 395 1729 Sed
411 1695 431 1728 et
446 1688 491 1729 illud
507 1687 590 1744 proinde
606 1691 694 1739 eertum,
718 1701 778 1743 posse
792 1687 847 1729 illum

62 1770 112 1810 quae
132 1756 181 1797 velit
201 1756 287 1797 efficere.
323 1757 396 1795 Nottm
415 1764 446 1795 est
464 1759 513 1795 enain
533 1759 568 1808 qai
585 1759 626 1796 eius
646 1758 743 1795 nolatntutr'
759 1759 845 1796 resistat.
856 1771 900 1801 Esau
907 1773 931 1809 13,
938 1774 951 1801 p,

61 1821 129 1876 Quare
145 1837 189 1863 curn
205 1830 225 1863 et
237 1829 308 1862 natura
321 1822 384 1862 visum
399 1836 477 1862 ornnem
493 1823 584 1877 effugiat,
602 1830 622 1863 et
633 1823 695 1878 ipsius
707 1823 848 1877 coruprebendi

60 1889 123 1942 gloria
139 1897 235 1944 nequeat,
258 1896 323 1930 tamen
339 1889 417 1943 quoties
431 1889 516 1939 bomini,
539 1903 597 1943 quem
613 1890 719 1944 produxit,
741 1891 848 1931 videndum

40 1956 42 1959 ’
61 1969 82 1995 se
102 1956 198 2011 praebere
219 1956 317 2006 voluerit,
341 1956 388 1996 nibil
407 1956 450 1996 eius
470 1956 568 1996 voluntati
590 1957 707 1996 reluctatur.
744 1955 848 2011 Siquidem

61 2022 113 2064 nulla
129 2023 149 2064 in
162 2024 199 2064 deo
214 2023 268 2064 inest
282 2023 360 2064 affectio
375 2037 440 2079 neque
456 2024 495 2079 pati
507 2024 610 2079 quicquam
623 2032 699 2080 potest,
716 2031 738 2065 ut
750 2031 784 2065 aut
796 2025 848 2079 qnod

61 2091 109 2134 velit
125 2107 164 2135 nou
180 2092 281 2150 perliciat,
302 2099 336 2134 aut
351 2093 403 2149 quod
419 2091 468 2134 nolit
483 2092 561 2134 efficiat.
593 2091 631 2134 Est
646 2093 698 2135 enirn
717 2100 846 2151 praepotens,
868 2137 872 2141 ,

62 2169 82 2203 et
97 2163 235 2219 quodcumque
250 2163 326 2205 libitum
342 2170 372 2204 est
388 2162 480 2214 molitur,
498 2162 524 2204 ita
540 2169 606 2204 tamen
621 2171 643 2204 ut
658 2178 707 2219 quae
724 2163 847 2205 divinitatem

61 2231 123 2288 ipsius
138 2233 222 2273 deceant
238 2239 333 2287 perpetuo
349 2231 415 2273 laciat.
446 2230 498 2273 Narn
515 2231 563 2272 nibil
576 2238 619 2283 est,
636 2240 657 2273 ut
672 2232 727 2283 dixi,
744 2233 794 2286 quod
810 2246 847 2272 vo-

61 2300 131 2341 luntati
147 2300 209 2355 ipsius
225 2301 356 2350 adversetur,
373 2315 411 2354 quo
423 2300 488 2341 minus
501 2314 551 2354 quae
565 2301 614 2341 velit
629 2315 666 2356 pro
677 2315 702 2341 co
713 2315 737 2341 ae
749 2300 849 2340 divinitati

61 2381 110 2407 suae
126 2367 220 2408 convenit
235 2374 354 2421 exequatur.
386 2365 451 2407 Deum
464 2368 541 2421 quidem
553 2367 630 2418 videri,
647 2368 764 2422 praesertim
775 2368 800 2407 ab
813 2367 848 2407 bu-

61 2447 119 2475 mana
135 2441 218 2485 natura,
242 2448 281 2474 non
298 2448 357 2489 posse
377 2434 474 2485 latemur,
498 2448 562 2488 neque
578 2436 629 2489 qnod
645 2435 766 2489 aspectabile
782 2442 812 2474 est
829 2435 849 2474 id

61 2501 113 2554 quod
128 2501 191 2541 videri
206 2501 287 2541 ornnino
303 2515 342 2541 non
358 2508 424 2556 potest
440 2501 511 2541 intueri
526 2503 555 2541 fas
567 2509 667 2556 putamus.
699 2499 740 2541 Sed
756 2501 807 2542 idern
820 2509 848 2541 ta-

62 2582 106 2608 men
122 2567 228 2610 inrisibilis
243 2569 292 2609 deus
307 2583 343 2624 pro
359 2583 395 2608 sua
411 2568 532 2609 humanitate
547 2583 571 2609 ac
587 2569 673 2624 potentia
692 2568 810 2610 imbecillam
827 2585 848 2610 a·

62 2635 111 2679 cienr
127 2637 154 2679 ita
173 2636 247 2681 virtute
264 2652 300 2680 sna
316 2637 448 2680 corroborare
464 2638 566 2693 dignatur,
590 2645 611 2679 nt
626 2637 678 2694 qnod
694 2637 756 2680 videri
775 2638 849 2695 alioqui

62 2721 101 2749 non
114 2714 180 2764 potest
190 2708 280 2765 aspiciat.
311 2706 376 2750 Porro
392 2723 436 2749 curn
451 2707 550 2750 invisibile
565 2708 613 2750 illud
626 2715 647 2750 et
656 2708 752 2750 inlinitum
769 2709 847 2765 aspicit,
895 2732 897 2734 >

62 2790 101 2818 nou
113 2784 210 2832 quatenus
225 2777 322 2819 inlinitum
339 2784 370 2818 est
381 2777 428 2819 illud
442 2778 542 2829 intuetur,
564 2778 598 2819 sed
617 2785 711 2833 quantum
726 2777 779 2819 illins
796 2778 848 2832 quod

41 2871 44 2874 -
62 2844 182 2887 imbecillum
198 2853 230 2887 est
244 2852 314 2886 natura
329 2860 402 2901 capere
413 2853 491 2902 potest,
513 2846 611 2887 eiusmodi
623 2847 643 2888 vi
655 2860 678 2887 ac
689 2846 764 2887 virtute
775 2847 848 2887 confir-

62 2921 126 2964 mata,
149 2920 170 2954 ut
182 2914 206 2954 ad
222 2913 308 2969 potentis
324 2913 377 2955 illius
394 2914 483 2955 notitiam
500 2915 612 2969 adaequare
630 2929 652 2956 se
669 2914 740 2970 possit.
772 2912 848 2967 Quam-

62 2980 129 3021 obrem
142 2981 190 3021 nibil
205 2988 236 3021 est
248 2981 267 3021 in
281 2980 344 3021 sacris
355 2981 419 3022 literis
434 2996 445 3022 a
458 2995 480 3022 se
490 2981 533 3037 ipso
547 2982 674 3038 discrepans,
695 2996 735 3022 non
747 2983 847 3023 sententia

62 3046 100 3086 ulla
117 3061 167 3102 quae
182 3048 207 3088 ab
223 3048 261 3088 alia
277 3047 376 3088 sententia
392 3047 494 3089 dissideat.
