1988 3392
222 243 316 278 rnunnn
326 243 407 278 Linus.
419 244 474 278 Tou.
487 245 500 278 r.
512 242 580 277 nunu.
589 243 670 277 cxxiv.
799 235 840 276 159

53 323 99 367 Hoc
116 338 153 381 ego
169 324 233 367 mains
249 324 300 366 nihil
314 324 388 378 habeo,
413 326 464 381 qnod
483 324 555 367 dicum.
586 322 651 366 Porro
667 324 716 366 deus
732 331 763 366 est
780 323 839 366 filius.

53 392 106 435 Nam
118 393 232 449 apostolus,
254 397 287 434 Eoo
296 395 376 447 quibus,
397 394 472 449 inquit,
490 397 578 435 Christus
588 396 691 435 secuudum
704 408 791 443 carrera,
808 396 844 446 qui
854 401 900 434 non
909 404 922 440 s,
931 404 944 432 5.

53 465 92 503 etsi
101 478 161 517 supra
176 467 239 505 omuia
249 466 302 504 deus.
335 465 406 512 Crede,
428 463 504 518 inquit,
524 467 544 504 iu
554 465 649 504 iorurrruuz
658 465 731 511 Iesum,
748 470 769 503 et
777 465 841 502 suica—
849 473 882 500 net.
891 474 914 509 15,
923 474 945 503 si.

54 532 111 573 beris.
144 530 206 574 item:
219 534 357 580 ‘Locutusest,
380 530 455 587 inquit,
476 534 517 572 illis
527 546 631 572 sermonem
641 533 723 572 aurini:
743 534 772 571 Et
782 533 840 571 dedu·
850 542 883 569 Act.
892 543 914 577 ns,
923 543 945 572 ss,

54 615 99 641 cens
108 616 140 641 eos
151 604 171 642 iu
183 603 257 641 tomam
272 604 361 653 apposuit
370 602 410 641 iliis
419 615 513 650 mensam,
536 609 557 640 et
565 603 648 641 laetatus
658 607 689 641 est
698 614 740 640 cum
753 603 842 640 uniuersa

51 671 128 723 sarcilia
142 677 242 723 postquam
259 671 341 710 creauit
356 672 397 710 deo.
430 667 480 711 Sive
496 669 543 711 illud
558 669 687 711 consideres:
710 672 734 709 Iu
746 671 923 722 prz'rroipsonannu,
933 680 948 709 1.

54 745 98 778 erat
107 739 195 787 cubum,
216 739 514 791 superiumentarium,
535 738 759 778 etdeuseratuerbum.
790 736 841 779 Vel:

57 807 198 847 lltdoetriuant
212 809 277 847 nostri
289 809 392 847 saluatoris
406 813 480 846 orueut.
513 804 574 847 Sive:
598 809 700 859 Apparuit
711 809 761 846 entus
773 809 842 858 gratia
855 815 887 857 'ric
896 817 910 853 2,
920 818 947 846 nr.

54 877 128 914 domiui
135 882 154 913 et
164 875 268 914 saluatoris
278 876 342 914 nostri
350 877 394 914 Iesu
404 875 480 914 Christi
487 875 573 913 omnibus
584 875 690 914 horniuibus
699 876 789 914 ursicius
797 888 840 914 nos.
860 850 900 880 Μ’
909 851 932 880 11.

55 940 106 984 Vel:
122 944 243 995 Eupeetuute
251 942 324 981 beatam
336 956 398 994 spera,
414 948 434 982 et
444 944 544 981 adveutum
551 943 628 994 gloriae
637 946 705 993 magni
712 944 745 981 riei
750 949 770 982 et
777 944 841 982 salua·
851 954 883 981 nst.
892 954 915 990 uu,
924 954 946 983 us.

56 1013 104 1050 toris
112 1014 177 1051 rostri
184 1013 229 1050 Iesu
239 1012 318 1050 curisti.
349 1007 411 1050 Item:
427 1012 469 1049 Hoc
477 1017 507 1048 est
515 1012 640 1049 ministerium
649 1012 737 1062 spiritus,
753 1017 775 1049 et
781 1011 839 1050 uerbi.
850 1024 883 1050 net.
892 1023 915 1058 no,
924 1023 946 1052 ts.

55 1081 167 1127 Attendite,
183 1077 258 1133 inquit,
275 1078 335 1125 uobis,
352 1085 371 1117 et
384 1080 472 1117 uniuerso
481 1080 547 1129 gregi,
565 1079 585 1116 iu
596 1091 633 1130 quo
638 1080 705 1129 posuit
718 1092 751 1117 uos
762 1080 843 1129 spiritus

54 1155 134 1188 sanetus
145 1149 252 1200 episcopos,
268 1160 337 1199 regere
349 1147 447 1186 ecolesimo
457 1147 494 1185 aiei.
526 1142 614 1186 Perinde
624 1159 647 1186 ue
658 1145 674 1187 si
689 1145 776 1187 diceret:
793 1149 843 1186 Gra·
852 1159 864 1187 1.
869 1158 938 1188 'simoin

56 1219 94 1257 tias
105 1230 143 1268 ago
153 1216 290 1255 corroboranti
298 1230 328 1255 me
339 1217 415 1255 Christo
423 1217 468 1254 Iesu
479 1217 554 1254 dornz'rro
569 1222 646 1263 nostro,
669 1216 721 1267 quod
731 1229 760 1254 me
762 1215 842 1266 fidelem
864 1192 878 1230 1,
887 1194 909 1224 η’

56 1285 163 1325 arbitratus
178 1291 217 1333 est,
234 1287 260 1324 ari
274 1286 399 1324 uiuisterium
412 1286 536 1323 constituens.

113 1351 183 1408 ltaque
195 1352 246 1411 [ilius
259 1359 278 1394 et
290 1351 371 1408 spiritns
384 1358 465 1393 sanetus
476 1366 519 1392 curn
530 1358 594 1407 patre,
610 1351 639 1393 nti
651 1351 840 1404 demonstravimus,
854 1351 939 1396 Car-Vll·

57 1428 118 1479 agunt
129 1420 268 1463 communiter.
300 1421 360 1461 Verbo
371 1423 420 1461 euim
431 1422 505 1461 ‹lorniru'
518 1423 568 1461 coeli
574 1421 655 1474 firmati
663 1429 721 1472 suut,
743 1428 763 1462 et
771 1424 947 1475 spiritut’satnnzu.

57 1494 98 1533 oris
109 1494 169 1546 ipsius
182 1493 243 1532 omnis
255 1494 317 1532 uirtus
327 1493 375 1531 erus.
408 1488 495 1546 Spiritus
510 1504 560 1533 vero
576 1498 658 1532 sanctus
673 1491 786 1533 adorandus
800 1499 843 1533 est:

58 1563 324 1615 Quieuimaatorautdeuur,
347 1563 417 1614 spiritu
432 1563 515 1601 adorare
529 1568 613 1615 oportet,
637 1564 753 1602 etueritate.
786 1559 940 1617 (luculentus.

57 1631 75 1672 si
91 1630 166 1672 veritas
182 1629 315 1671 communiter
330 1630 382 1684 agit,
404 1636 497 1671 creatura
515 1637 627 1672 creaturam
645 1629 703 1672 alieni
721 1644 760 1671 non
777 1630 844 1683 efficit,

58 1713 123 1756 neque
132 1698 197 1742 creari
207 1699 301 1741 divinitus
311 1705 389 1755 potest,
411 1712 475 1754 neque
486 1705 542 1741 certo
558 1700 616 1741 modo
627 1714 650 1741 ac
662 1698 846 1756 circumscriptione

58 1769 150 1811 delinitus
161 1768 288 1824 cognoscitur
296 1768 351 1809 deus.
385 1765 528 1810 Circumscribi
539 1767 592 1810 enim
602 1783 642 1810 non
654 1775 732 1826 potest,
749 1775 782 1810 eut
793 1769 844 1825 capi,

58 1844 91 1879 ant
108 1837 240 1893 intelligentia
257 1837 410 1893 comprehendi,
434 1851 478 1878 cuns
498 1837 592 1879 universa
610 1838 719 1893 teinpus
736 1838 845 1879 continent.

59 1904 100 1949 set
110 1920 175 1962 neque
186 1912 289 1948 creaturae
300 1905 438 1948 serviendum:
456 1908 579 1954 Seroserunt,
601 1906 675 1961 inquit,
697 1915 799 1948 creaturae
807 1917 950 1961 possennus.

59 1978 165 2029 tuus'quam
176 1978 270 2024 creatori,
293 1975 524 2029 ecfatuiredditisuut.
555 1972 630 2016 Nonne
643 1974 736 2017 stolidum
746 1982 778 2017 est
790 1989 847 2018 crea-

58 2051 116 2086 turne
126 2035 248 2085 divinitatcni
258 2042 359 2095 tribuere,
381 2057 403 2083 ns
415 2042 477 2098 patris
488 2042 526 2083 hoc
538 2043 615 2085 violare
629 2051 769 2100 praeceptum:
790 2048 848 2085 Audi
854 2046 941 2111 ”gign-

59 2115 132 2162 Israte'l,
148 2114 241 2152 Domitius
251 2114 297 2151 deus
308 2119 352 2151 tuus
362 2126 412 2152 uuus
423 2119 463 2151 est:
478 2113 522 2152 Nou
533 2115 572 2152 erit
581 2114 600 2152 iu
611 2119 630 2152 te
638 2115 685 2152 deus
693 2117 774 2153 receus?
804 2111 844 2155 Ce-
869 2117 892 2154 θ’),
901 2116 923 2145 ¹⁰·

61 2188 125 2223 terum
140 2180 226 2222 dirersis
237 2180 257 2221 in
270 2179 369 2236 scriptura
380 2179 493 2221 nominihus
506 2186 564 2236 pater
575 2186 595 2221 et
606 2180 657 2222 filius
672 2186 692 2222 et
703 2180 784 2236 spiritus
799 2195 846 2224 san-

61 2257 105 2292 ctus
117 2249 207 2305 insigniri
218 2249 295 2301 solent3
312 2255 380 2304 utputa
392 2256 458 2304 puter,
474 2251 533 2290 Pater
544 2252 671 2302 omnpotens,
686 2252 745 2290 Pater
755 2254 844 2300 omnium,

60 2320 119 2359 Pater
131 2319 206 2359 Christi
215 2324 308 2369 vocatur,
324 2317 415 2359 dominus
425 2331 483 2368 vero,
501 2319 589 2367 Verbum,
607 2320 703 2367 Cirri'stus,
714 2320 785 2372 Filius,
801 2322 847 2360 Lau

62 2400 118 2435 uera,
135 2385 217 2441 spiritns
227 2393 307 2427 sanctus
320 2385 415 2441 densique,
431 2388 553 2436 Paracletus,
571 2389 657 2439 Spiritus
668 2390 767 2437 ueritatis,
783 2390 847 2441 Spiri-

64 2462 94 2495 tus
103 2457 145 2503 tet,
167 2457 253 2507 Spiritus
264 2456 344 2496 Christi.
376 2451 490 2508 Quinetiam
503 2456 551 2497 deus
561 2455 595 2497 ille
605 2455 657 2497 iden
669 2469 693 2497 nc
704 2463 761 2512 pater
771 2456 807 2498 lux
815 2455 847 2498 in·

63 2522 167 2578 telligitnr‚
184 2529 204 2563 et
216 2523 294 2577 quidem
305 2522 415 2564 admirabili
427 2523 533 2578 splendore
544 2524 657 2576 collucens,
673 2537 711 2565 neo
720 2538 761 2564 non
770 2530 791 2564 et
803 2527 847 2564 Vir-

63 2600 105 2641 tus,
129 2598 150 2632 et
161 2593 267 2644 Sapientia.
299 2591 365 2646 Atque
382 2592 409 2631 nti
420 2591 456 2633 lux
468 2600 499 2633 est
511 2589 591 2634 denset
602 2599 670 2648 pater,
692 2592 765 2634 italux
779 2594 846 2635 estde

63 2660 116 2702 luce.
146 2658 205 2702 Unde
220 2666 240 2701 ct
251 2662 310 2700 trucem
325 2661 421 2700 zutobz'tot
436 2663 558 2701 ruaroessarn.
588 2659 654 2703 Porro
667 2660 731 2703 virtus
747 2668 778 2703 est
793 2668 953 2713 totus1.u1·m.o,us.

86 2739 103 2772 2.
117 2736 238 2775 atterimur.
494 2740 521 2774 10.
534 2738 578 2775 ἔστιν
594 2741 640 2774 codd.
654 2750 692 2774 mss.
705 2743 779 2783 curque,
796 2745 811 2776 et
822 2744 846 2776 ed.

72 2819 74 2821 ,
86 2784 103 2818 3.
115 2783 135 2821 τᾶ
146 2796 177 2818 om.
190 2788 246 2818 tneor.
465 2787 516 2827 princ.
545 2785 593 2820 ἔσται
608 2788 659 2819 eatan
670 2787 747 2820 Pitonius
758 2795 778 2820 ec
785 2790 844 2822 Aucus.

87 2827 105 2863 4.
118 2830 135 2866 in
146 2828 230 2874 crisinon
237 2833 293 2865 Anour-
492 2832 518 2865 11.
530 2829 604 2876 διάφᾱρα
615 2828 693 2876 ὀνόματα
701 2833 758 2866 Ancon.

88 2875 104 2909 5.
115 2875 180 2918 ταῦτα,
192 2875 248 2916 κτίσις
254 2878 312 2912 Anca.
491 2877 517 2910 12.
529 2877 566 2911 υἱοῦ
573 2881 632 2911 ,tneor¹

87 2918 105 2955 6.
117 2920 130 2966 ri
142 2932 173 2956 om.
181 2923 238 2957 Ancor-
490 2922 516 2957 13.
528 2920 566 2962 υἱὸς
577 2932 608 2956 orn.
614 2924 673 2958 Ancon.

88 2967 105 3001 7,
124 2967 207 3013 περιέχων
223 2965 245 3003 τὰ
262 2964 374 3012 corripuisti
391 2965 442 3006 uste.
490 2966 517 3001 14.
535 2967 560 3003 ἔτι
573 2970 623 3002 uotirit
638 2971 719 3004 Petaurus.
749 2967 813 3009 ὁθεός
829 2972 847 3004 in

66 3010 107 3049 cist
117 3011 200 3057 λατρευτή
210 3012 266 3052 κτίσις
273 3015 331 3048 Accu.
466 3022 507 3055 seqq.
518 3015 629 3047 habetAnoor.

89 3061 105 3095 ὃ.
117 3057 186 3102 πρώτην
196 3057 228 3104 τὴν
237 3060 294 3108 incor-
317 3076 319 3078 ·
492 3054 710 3103 15.on;t9otuuncor.

89 3105 106 3142 9.
118 3115 148 3141 σου
160 3102 218 3150 κύριος
229 3107 320 3145 cleriricos.
492 3105 518 3140 ni.
530 3104 581 3140 ottus
593 3105 632 3152 φῶς
639 3107 698 3141 Ancon.
