1988 3392
245 204 339 261 eanann
351 227 394 261 ure.
405 228 435 261 ur.
447 228 503 262 rom.
512 229 526 262 1.
537 226 606 261 nunu.
617 225 699 260 cxxvi.
822 216 864 258 255

80 308 174 363 eontulit,
197 315 218 350 nt
234 323 259 352 ne
275 308 353 351 illorum
370 308 435 350 errori
453 308 510 351 fidem
528 308 635 352 babeamus
651 321 701 364 quos
719 319 823 364 perperam
841 306 865 349 ad

81 378 206 423 temerariam
217 378 320 434 gentilium
330 378 443 435 opinionem
453 393 477 420 ac
487 379 649 436 superstitionem
660 377 805 419 adhaerescere
817 390 865 418 eon-

80 448 190 507 vineimus,
214 456 235 491 ct
251 462 330 490 omnem
348 455 460 490 ereaturam
478 449 596 491 adorandam
615 461 661 490 csse
678 446 779 503 profiteri,
803 461 866 502 quau-

80 517 154 560 tumvis
166 517 217 574 patri
229 518 255 559 sit
268 516 381 569 dissimilis,
397 516 431 573 qui
442 517 536 563 adoratur
546 517 566 559 in
579 517 631 569 lilio,
647 524 667 558 et
677 516 716 558 lilio
728 515 760 572 qui
772 515 867 558 adoratur

79 587 100 629 in
115 593 172 643 patre
187 600 231 628 cum
246 592 316 628 sancto
331 586 414 642 spiritu,
431 585 462 627 cui
477 586 542 642 gloria
556 586 582 628 sit
596 587 616 627 in
631 586 720 628 saecula.

138 654 193 696 Aetii
206 651 270 711 Caput
282 652 323 695 xl.
355 652 378 696 Si
387 654 476 709 ingenita
486 663 556 695 natura
568 655 667 709 praeditus
678 655 727 696 deus
740 653 866 708 omnipotens

80 721 161 778 genitae
175 728 258 764 naturae
270 722 403 764 conditionem
416 723 436 763 in
449 735 494 763 sese
506 736 545 763 uon
557 722 660 777 agnoseit,
684 721 736 763 lilius
748 735 797 763 vero
809 721 866 776 geui-

81 797 121 832 tam
132 796 222 832 naturanr
231 790 307 832 babens
318 789 415 831 eiusmodi
427 804 449 832 se
460 790 523 845 qualis
536 797 567 831 est
579 790 681 845 agnoseit,
698 804 765 831 nonne
778 796 818 831 tota
833 789 866 830 illa

80 857 256 900 consubstantialis
266 857 318 899 ratio
328 858 415 899 mendax
424 864 456 900 est
466 872 489 899 ac
501 858 558 910 falsa,
575 872 620 899 cum
630 858 681 899 alter
691 858 800 913 ingenitum
810 871 865 910 sese,

83 925 172 982 genitum
187 925 238 967 alter
252 926 363 981 agaroseatl

79 1015 81 1019 >
138 991 274 1036 Contunxt.
305 992 378 1035 Aetius
390 992 435 1045 ille,
456 992 489 1048 qui
501 992 522 1034 ln
535 991 602 1034 divina
616 999 687 1034 natura
699 991 805 1034 discrimen
818 1008 865 1035 eon-

82 1062 166 1104 stituere
182 1075 206 1104 ac
222 1061 318 1102 ternriuos
329 1062 425 1116 quosdam
439 1061 521 1102 delinire
533 1061 650 1116 disputando
663 1067 746 1102 conatus
757 1068 807 1112 est,
822 1077 866 1103 cnm

82 1137 153 1173 natura
164 1129 284 1172 conditionis
297 1129 351 1171 esset
365 1128 474 1180 humanae,
495 1129 567 1185 quique
580 1142 604 1170 ea
615 1142 666 1184 quae
682 1136 771 1171 naturam
787 1144 866 1172 omnem

79 1206 177 1257 superant
192 1213 232 1242 nou
248 1212 275 1241 ex
291 1211 394 1240 sacrorum
410 1198 531 1240 auctoritate
548 1196 661 1250 literarum,
684 1198 719 1241 sed
734 1212 761 1241 ex
776 1199 867 1242 bumauis

81 1267 267 1312 ratiocinationibus
279 1266 448 1325 comprehendere
460 1268 547 1321 studuit,
563 1268 606 1320 sic,
622 1268 715 1324 iuquam,
735 1268 769 1311 ille
780 1283 867 1326 pronun·

81 1339 150 1381 tiauitz
166 1336 328 1395 Orrrnipotentem
344 1338 413 1390 deum,
435 1352 479 1380 cnm
492 1346 563 1391 uauura
575 1338 601 1380 sit
611 1338 724 1393 ingenitus,
745 1339 833 1395 genitum
845 1353 868 1382 se

83 1415 153 1451 natura
170 1421 293 1463 nequaquam
309 1407 429 1461 intelligere.
461 1405 519 1461 Quod
538 1407 615 1462 quidem
632 1407 661 1448 ita
677 1415 782 1463 perpetuo,
806 1415 826 1450 et
843 1409 867 1451 ab

82 1478 126 1535 ipso
136 1477 193 1519 initio
204 1476 303 1518 sermonis
315 1476 415 1529 asseruit,
431 1482 453 1518 nt
464 1490 475 1517 a
488 1475 590 1517 veteribus
604 1475 686 1518 Arianis
697 1477 806 1530 dissideat3
821 1477 869 1520 licet

83 1547 143 1589 lilium
155 1545 277 1602 unigenitum
288 1546 388 1602 appellare
399 1545 541 1587 dissimulando
552 1545 646 1587 voluerit.
677 1543 727 1588 lllud
739 1560 799 1599 uero,
815 1547 869 1589 veri·

83 1615 130 1658 tatis
141 1615 183 1668 lilii,
199 1614 272 1669 ubique
282 1613 388 1670 diligenter
401 1614 505 1666 attendite,
522 1615 686 1670 quemadmodum
697 1628 708 1654 a
719 1608 775 1670 patre
785 1617 869 1658 eurrdem

84 1683 199 1726 abalienare
210 1683 288 1739 penitus
300 1683 392 1733 studeat,
414 1696 452 1723 nec
464 1682 505 1723 ullo
515 1679 573 1723 niodo
583 1682 663 1723 divinae
674 1682 799 1725 substantiae
809 1684 870 1739 parti-

84 1751 148 1808 cipem
162 1763 208 1793 esse
224 1764 252 1791 ex
268 1749 298 1791 bis
310 1749 402 1791 ostendat
413 1763 464 1804 qnae
476 1750 583 1791 identidem
598 1758 673 1792 temere
688 1751 818 1807 pronuntiare
829 1767 869 1793 nou

85 1818 169 1861 dubitat.
200 1816 309 1860 Nemeum
323 1824 398 1873 patrem
409 1824 488 1859 asserat
498 1816 608 1873 ingenitum
620 1831 666 1859 sese
678 1832 813 1874 cogrroscere‚
834 1833 870 1860 ue·

36 1924 38 1926 ,
85 1900 124 1942 que
134 1886 245 1928 naturalem
260 1886 280 1927 in
292 1899 314 1927 se
325 1885 435 1939 generandi
447 1885 558 1927 facultatem
572 1899 617 1927 esse
632 1886 698 1938 scire,
723 1887 796 1928 frustra
810 1886 870 1928 lilium
911 1880 913 1883 ¹

85 1954 119 1996 uel
132 1954 232 1996 vocabulo
246 1960 305 1995 tenus
318 1953 378 1995 lilium
396 1952 488 2009 appellat.
520 1950 596 1994 Verum
612 1953 670 1995 lacile
681 1955 725 1996 cius
740 1954 805 1996 oratio
816 1956 871 1996 reln-

85 2022 167 2065 tabitur.
197 2020 251 2063 Nam
264 2028 284 2063 et
295 2020 396 2076 ingenitus
407 2027 438 2062 est
447 2029 516 2076 pater,
533 2028 554 2062 et
568 2021 692 2077 unigenitum
705 2021 730 2063 ab
741 2029 824 2065 aeterno
835 2037 871 2078 ge-

86 2090 140 2143 nuit,
161 2104 205 2133 cum
222 2097 312 2132 naturam
330 2089 402 2131 babeat
418 2089 515 2131 eiusmodi
531 2103 582 2145 quae
598 2088 636 2132 sibi
647 2090 684 2146 ipsi
699 2091 822 2133 conveniens
834 2092 869 2134 sit.

88 2158 190 2218 Siquidem
207 2174 267 2203 unrrm
279 2173 304 2201 ac
316 2159 380 2202 solum
392 2159 497 2215 unigenam
509 2158 569 2203 lilium
580 2160 660 2217 gennit,
682 2159 811 2218 spiritumque
824 2175 871 2219 pro-

87 2231 145 2274 duxit
156 2231 211 2274 solus
224 2245 268 2273 cum
284 2229 387 2286 unigenito
404 2230 447 2272 solo
458 2229 550 2286 genitor,
573 2231 605 2286 qui
617 2245 661 2272 cum
675 2232 714 2273 blio
724 2231 768 2273 sine
781 2230 821 2273 ullo
832 2230 871 2273 iui-

87 2301 116 2345 tio
127 2300 196 2358 genito
206 2300 264 2343 simul
275 2300 357 2353 existit,
374 2307 406 2353 et,
423 2315 466 2343 eum
477 2301 558 2357 spiritus
570 2302 604 2352 sit,
620 2301 710 2357 spiritum
721 2301 798 2357 genuit.
827 2300 872 2345 Ne-

89 2384 127 2426 que
139 2384 188 2412 vero
198 2384 270 2425 eorpus
282 2370 375 2425 estquod
387 2383 484 2426 corporeo
496 2383 551 2411 more
563 2370 695 2423 distrahatur,
712 2377 746 2412 aut
757 2384 872 2427 corrumpa-

89 2446 121 2482 tur
132 2445 266 2495 augeaturne,
287 2438 319 2481 vel
328 2438 437 2481 sectionem
447 2438 541 2494 patiatur.
572 2436 707 2493 Quamobrem
718 2440 756 2481 etsi
765 2440 786 2482 in
798 2441 872 2483 ceteris

89 2508 181 2551 omnibus
193 2521 243 2563 quae
254 2508 349 2564 gignunt,
371 2515 404 2549 ant
415 2507 535 2564 gignuntur,
556 2507 608 2549 aliud
624 2508 734 2551 necessitas
749 2509 791 2566 ipsa
804 2509 873 2551 condi·

90 2578 150 2620 tionis
163 2579 226 2629 ierat,
248 2583 313 2618 tamen
326 2576 357 2619 bic
369 2577 427 2618 unius
437 2577 461 2618 ad
475 2591 534 2619 unum
546 2584 660 2633 comparata
677 2577 763 2633 dignitas
777 2578 872 2622 dissimile

91 2645 181 2703 quiddam
199 2634 230 2687 est
245 2646 269 2687 ab
286 2646 330 2687 aliis
342 2645 421 2687 sortita.
452 2643 509 2687 Unde
523 2652 544 2687 et
555 2646 634 2701 genitus
645 2646 689 2702 ipse
702 2646 777 2688 eximia
789 2649 873 2703 quadam

90 2714 169 2757 ratione
182 2729 192 2756 a
204 2721 272 2771 patre,
294 2714 326 2768 qui
338 2713 480 2755 admirabiliter
494 2714 573 2769 genuit,
596 2721 688 2769 tauquam
700 2715 725 2756 ab
736 2715 826 2771 ingenito
838 2730 873 2772 ge-

91 2783 145 2826 nitus
157 2790 201 2834 est,
223 2782 319 2838 genitoris
329 2788 412 2823 naturae
422 2789 577 2843 consentaneus.
608 2781 663 2824 ldem
673 2783 716 2839 ipse
727 2797 800 2839 porro,
820 2785 873 2840 quod

91 2903 125 2935 tae,
135 2907 155 2928 ae
163 2895 243 2928 sentienti
253 2905 320 2928 ornnem
330 2900 422 2927 ereaturam
430 2893 471 2926 ado·
494 2891 535 2930 ἄλλο
542 2906 563 2929 τι.
576 2893 664 2928 Carnarius
672 2899 753 2929 transtulit
763 2898 818 2937 Quare
827 2896 873 2940 apud

92 2940 161 2975 randam
173 2952 215 2980 esse,
227 2952 270 2985 quae
279 2939 363 2973 dissimilis
373 2945 399 2971 est
409 2939 431 2972 ad
441 2951 472 2983 pa·
494 2940 527 2973 alia
538 2940 604 2980 omnia,
616 2950 659 2983 quae
669 2948 750 2983 generant
760 2949 778 2973 et
788 2952 873 2983 generan-

92 2993 136 3019 trem
147 2989 181 3018 cett.
493 2991 533 3025 tur,
548 2985 640 3018 multorum
649 2986 704 3019 adbuc
714 2986 803 3019 necessitas
815 2986 873 3031 requi-

118 3026 375 3074 admanducandum.
493 3030 541 3064 ritur.
593 3062 595 3065 .

116 3077 133 3113 2.
141 3078 217 3113 Petuur'ua
225 3081 315 3120 suspicatus
324 3081 346 3112 est
354 3072 390 3114 ἀλλ’
399 3074 434 3119 ἐπὶ,
445 3085 473 3118 epo
