1988 3392
149 215 192 256 494
432 221 514 255 sANch
527 221 641 254 Εειεειιοιιι

150 299 236 354 δάναμιν
246 300 274 349 εἰς
284 298 337 356 δόμα
347 304 397 354 ζωῆς
406 305 448 350 τοῖς
460 299 551 350 ἀπίστοις
564 297 709 352 ἀποδοθεῖσαν,
724 299 759 342 καί
772 299 800 349 είς
811 297 934 357 ἐπιστροφήν

149 368 230 414 πάντων
244 373 285 414 τοῖν
297 371 364 415 ἐθνσῖυ
376 367 428 428 πρός
438 367 475 427 τήν
488 371 593 428 ἐπίγνωσιν
604 374 641 426 τῆς
651 368 753 426 ἀληθείας.
786 373 834 422 Τοῖς
847 370 869 415 δὲ
881 370 935 422 υῖοῖς

152 439 265 496 Χεττοῦρας
276 439 300 485 τά
311 440 389 496 δόματα
399 435 425 497 ἦν
435 441 543 499 χρημάτων
554 439 652 498 ῦπαρξις,
667 438 740 497 χρυσός
754 440 789 483 καί
801 437 889 498 ἀρχαρος
899 441 933 484 καί

150 509 265 564 ἱματισμὸς,
280 512 315 553 καὶ
325 510 383 553 άτινα
394 512 415 553 ἐν
427 514 528 567 μυστηρίῳ
540 507 631 566 Ἁβραάμ
642 509 757 553 ἀπέκλεισεν
768 510 790 552 ἐν
800 515 843 560 ταῖς
853 508 934 566 πήραις,

149 581 230 634 λίβανον
240 581 273 622 καί
286 578 375 635 σμάρναν
386 580 420 622 καί
431 578 515 636 χρυσόν,
536 584 576 621 τῶν
586 577 620 622 διά
629 584 670 622 τοῖν
680 579 777 633 βασιλέων
789 577 890 633 Σοδόμων
900 579 935 621 καί

150 646 266 703 Γομόρρας,
287 652 327 690 τῶν
339 649 385 703 περὶ
396 647 551 702 Χοδολλογόμορ
567 648 602 689 καὶ
613 645 692 702 Βαρσῦ,
712 647 746 689 καί
761 650 837 689 λοιπῶν
848 650 888 689 τῶν
899 644 935 700 τήν

149 716 282 768 αἰχμαλωσίαν
293 713 335 757 ἀπό
346 715 447 768 Σοδόμων
462 715 496 756 καί
509 713 620 770 Γομόρρων
632 716 667 756 καὶ
677 718 753 756 λοιπῶν
765 713 878 768 λαβόντων,
899 714 934 755 καὶ

149 780 298 824 σκυλευσάντων
314 781 351 835 τήν
367 798 387 823 τε
403 784 468 823 ’ίππον
482 782 517 823 καὶ
529 781 714 835 αἰχμαλωτισάντων
725 779 748 823 τό
759 785 839 835 πλῆθος
849 784 888 823 τοῖν
901 778 935 822 άν-

149 849 249 906 θρσίπων,
269 850 303 893 καὶ
315 849 478 906 ἀφαρπαξάντων
489 848 524 899 τάς
538 848 580 894 ἀπό
591 849 676 892 ἑκάστου
688 851 804 906 περιουσίας
814 865 834 892 τε
844 850 879 893 καί
888 866 935 906 χρη-

150 918 218 977 μάτων
228 920 262 964 καί
272 924 312 964 τοῖν
323 917 387 964 ἀλλων
399 924 486 977 πλῆθος,
502 918 532 964 4δ
543 918 603 972 αιίτός
618 918 760 979 ὗάπέστρεψεν
772 917 812 964 άπό
824 924 860 976 τῆς
870 924 935 976 κοπῆς

150 996 190 1034 τοῖν
205 993 302 1046 βασιλέων
319 990 372 1043 τότε,
395 993 429 1035 καῖ
446 990 493 1035 οῦτε
508 989 635 1048 ἀποστρέψαι
650 990 674 1033 τά
691 989 731 1047 ήδη
746 994 810 1050 κυρίῳ
824 995 867 1050 θεῷ
883 988 935 1034 ἀπο-

151 1062 249 1117 ταχθέντα
262 1059 398 1116 τολμήσαντος
414 1059 488 1113 αὐτοῦ,
511 1059 576 1105 θάλλά
590 1059 702 1110 δεδωκότος
714 1058 784 1103 7αάτά
795 1059 874 1116 δόματα
887 1058 936 1115 μετά

151 1135 191 1173 τοῖν
202 1129 266 1173 ἀλλων
276 1136 318 1180 τοῖς
329 1132 382 1179 οῖοῖς
394 1128 458 1172 αῦτοῦ
468 1136 510 1180 τοῖς
525 1129 566 1172 ἀπό
580 1128 704 1186 Χεττοῦρας,
727 1127 755 1179 οῖς
766 1129 850 1186 εῦρομεν
860 1131 882 1173 ἐν
892 1134 936 1179 ταῖς

151 1197 272 1254 παραδόσεσι
286 1203 326 1241 τῶν
338 1195 443 1253 Ἑβραίων.

207 1265 242 1308 Ἐν
252 1267 274 1308 δὲ
283 1271 307 1324 τῆ
317 1271 353 1308 τοῦ
363 1270 453 1320 Χριστοῦ
465 1268 567 1323 παρουσίᾳ
582 1270 622 1307 τοῖν
632 1264 698 1307 αῦτοῖν
712 1268 787 1309 τέκνων
797 1271 833 1307 τοῦ
844 1263 936 1321 Ἀβραάμ

151 1338 191 1375 τοῖν
203 1332 243 1375 ἀπό
256 1331 371 1387 Χεττοῦρας
385 1334 524 1386 ἐκβληθέντων
535 1330 577 1375 ἀπό
588 1336 624 1375 τοῦ
635 1331 737 1386 Ἁβραάμ,
756 1334 791 1374 καί
804 1330 936 1374 ἀπελθόντων

152 1402 187 1442 καί
205 1398 366 1453 κατοικησάντων
382 1401 410 1449 είς
424 1398 448 1442 τά
464 1400 513 1455 μέρη
530 1398 555 1442 τά
568 1398 668 1455 Ἀραβιυοί
684 1405 720 1455 τῆς
735 1401 849 1455 Μαγωδίας
863 1398 936 1456 χεῖρας,

152 1473 192 1512 τοῖν
202 1467 303 1512 ἐλθόντων
312 1467 393 1526 Μάγων
403 1465 443 1513 ἀπό
453 1472 489 1525 τῆς
497 1470 591 1526 διαδοχῆς
600 1473 639 1513 τῶν
648 1467 767 1529 σπερμάτων
776 1469 863 1523 ἐκείνων,
876 1486 936 1529 προς-

153 1541 272 1598 ενηνεχμένα
282 1538 359 1596 δόματά
375 1557 394 1583 τε
406 1541 441 1584 καί
453 1542 508 1597 δῦρο
519 1541 547 1592 είς
560 1539 683 1597 συμμετοχήν
694 1545 730 1596 τῆς
742 1540 805 1597 αάτῆς
818 1542 898 1592 ἐλπίδος
909 1544 937 1600 τῆῖ

156 1615 237 1669 Χριστῷ
247 1612 268 1655 ἐν
279 1610 369 1665 Βηθλεέμ
379 1609 404 1653 τά
416 1609 467 1653 αῦτά
477 1613 539 1665 δοῖρα,
555 1610 587 1654 ὅτε
598 1609 633 1654 τόν
645 1611 719 1668 ἀστέρα
730 1611 851 1666 θεασάμενοι
862 1605 936 1665 ήλθον·

155 1675 184 1722 οἷν
197 1678 269 1735 δοίρων
285 1678 322 1732 τήν
337 1684 392 1733 σαφῆ
408 1679 532 1736 παράστασιν
547 1678 559 1722 ό
574 1678 680 1736 προφήτης
697 1682 803 1736 παρίστησι
818 1680 880 1736 λέγων
898 1678 937 1733 ότι,

156 1748 209 1805 Πρὶν
220 1746 318 1804 ήχνῦναι
335 1745 357 1790 τό
370 1750 450 1791 παιδίον
461 1754 527 1791 καλεῖν
537 1749 614 1805 πατέρα
624 1747 638 1804 ή
649 1749 735 1806 μητέρα,
757 1747 842 1803 λήψεται
852 1746 938 1803 δύναμιν

155 1821 272 1870 Δαμασκοῦ,
282 1818 316 1858 καί
326 1815 351 1858 τά
360 1815 422 1859 σκῦλα
431 1820 546 1873 Σαμαρείας
555 1819 622 1859 ἐναντι
630 1818 726 1871 βασιλέως
732 1817 849 1872 Ἀσσυρίων.
871 1821 939 1859 Ταῦτα

154 1884 192 1940 γάρ
204 1882 244 1926 ἀπό
256 1889 368 1937 Δαμασκοῦ
380 1885 402 1926 ἐν
411 1884 490 1940 χρόνοις
500 1883 600 1940 Ἁβραάμ,
617 1882 644 1934 οῖς
657 1890 764 1939 προεῖπον,
779 1881 820 1926 ῦπδ
831 1888 872 1926 ταῖν
882 1886 939 1937 βασι-

153 1953 204 1993 λέωυ
213 1955 255 1992 τῶν
268 1950 369 1993 ἐλθόντων
380 1953 480 2004 είληπται,
500 1953 535 1993 καὶ
550 1950 592 1993 ἀπό
603 1954 723 2007 Σαμαρείας.
754 1949 810 1992 Πότε
822 1945 859 1993 οῦν
869 1952 939 2005 ἐλαβεν

155 2016 217 2071 αῦτά,
232 2019 280 2075 πρὶν
291 2017 388 2076 ήχνῦναι
398 2024 465 2062 καλεῖν
476 2019 552 2076 πατέρα
563 2017 577 2074 ή
588 2021 673 2075 μητέρα,
689 2016 729 2061 ἀλλ>
739 2017 773 2062 ότε
783 2013 849 2074 ἦλθον
860 2020 881 2062 οῖ
890 2016 939 2061 Μά-

155 2106 196 2147 χοι,
212 2088 246 2132 καί
257 2085 339 2144 ήνοιξαν
348 2085 384 2140 τάς
394 2085 462 2146 πήρας
471 2088 558 2143 ἐαυτιῖν,
578 2086 592 2145 ή
603 2086 650 2141 τοῦς
658 2086 786 2147 θησαυροῦς,
807 2085 834 2141 τίς
846 2089 885 2146 ἐχει
895 2089 939 2133 ἐνια

154 2164 195 2204 τῶν
206 2157 346 2217 ἀντιγράφων,
366 2161 401 2205 καί
417 2159 553 2219 προςήνεχκαυ
567 2159 659 2217 σμῦρναν
670 2162 704 2205 καί
718 2163 800 2216 λίβανον
810 2161 844 2204 καί
854 2158 939 2218 χρυσόν,Ι

157 2231 197 2273 Καί
214 2227 265 2290 δρᾷς
279 2235 323 2282 πῶς
343 2232 422 2286 ιἐχουσι
440 2233 463 2274 αῖ
478 2236 513 2286 τῆς
530 2230 625 2287 ἀληθείας
640 2230 734 2286 φράσεις,
754 2232 789 2274 καί
806 2230 938 2283 ἀκολουθίας

155 2297 191 2350 Ὡς
202 2300 237 2342 καὶ
248 2294 307 2343 αὗται
321 2302 344 2342 αί
354 2301 437 2355 αίρέσεις
452 2302 570 2351 παλλακίδες
581 2298 708 2357 ῦπάρχουσι,
723 2300 758 2343 καί
769 2298 793 2342 τά
805 2298 872 2343 αῦτοῖν
882 2300 940 2343 τέκνα

63 2388 100 2417 pag.
109 2379 147 2408 ισεσ.
157 2369 215 2422 ἔλαβε
224 2367 308 2423 δόματα,
324 2368 346 2412 τό
358 2367 422 2423 όνομα
433 2367 494 2423 μόνον
504 2372 609 2424 λαβοῦσαι,
624 2368 708 2422 ὀνόματι
720 2368 782 2422 μόνον
793 2372 883 2425 Χριστοῦ
893 2373 939 2423 κλη-

156 2442 233 2486 θεῖσαι,
249 2438 284 2478 καί
294 2435 341 2486 τοῦς
352 2434 431 2492 όλίχους
443 2434 483 2480 ἀπό
495 2441 531 2491 τῆς
541 2440 600 2486 θείας
609 2440 690 2492 γραφῆς
699 2436 772 2492 λόγους
784 2435 939 2490 ῦποδεξάμεναι,

156 2506 190 2545 ῖνα
204 2503 230 2545 δι’
244 2502 311 2545 αῦτιῖν
324 2509 399 2546 συνῶσι
413 2503 450 2558 τήν
464 2504 571 2558 ἀλήθειαν,
593 2502 629 2546 ἐάν
638 2505 733 2546 θέλωσιν·
753 2505 802 2546 εἰδὲ
813 2503 841 2557 μή
853 2505 939 2555 θέλοιεν,

157 2569 206 2612 ἀλλά
221 2568 357 2623 ἀνακάμφωσι
374 2570 426 2626 πρός
441 2570 476 2613 τόν
491 2569 582 2626 Ἡρτόδην
599 2572 773 2627 (παραγγέλλονται
791 2569 829 2627 γάρ
848 2569 876 2625 μή
891 2571 939 2613 ἀνα·

157 2638 254 2692 κάμπτειν
265 2636 316 2693 πρός
327 2635 425 2694 Ἡρώδην,
441 2636 489 2682 ἀλλά
499 2637 524 2682 δι’
534 2636 594 2692 ἀλλης
604 2636 654 2682 όδοῦ
664 2636 795 2692 ἀφικνεῖσθαι
805 2641 834 2690 είς
844 2638 882 2695 τήν
895 2639 941 2683 ἐαυ-

157 2711 198 2752 τυῖν
212 2709 316 2766 πατρίδα)·
336 2706 371 2753 ἐάν
381 2708 402 2753 δὲ
412 2706 440 2766 μή
452 2707 550 2766 ποιήσωσι
561 2706 585 2754 τά
596 2710 765 2769 προςτεταχμένα,
787 2708 851 2768 μάτην
861 2708 941 2763 ἑαυτοῖς

158 2778 182 2823 τά
192 2779 281 2836 δόματα,
301 2777 328 2830 οῖς
339 2782 422 2831 ἐκείνοις
437 2778 452 2837 ή
463 2783 548 2834 ἐλευσις,
568 2782 586 2824 εί
600 2779 721 2837 ἀνέκαμψαν
733 2779 785 2838 πρός
797 2780 831 2825 τόν
842 2779 940 2839 Ἡρώδην,

158 2848 193 2893 διά
204 2848 227 2893 τδ
241 2847 317 2904 ὁμοίως
329 2848 364 2901 τάς
373 2848 435 2902 αάτάς
447 2852 532 2909 αίρέσεις
543 2850 704 2909 παραχαράσσειν
714 2855 754 2894 τοῖν
765 2854 829 2895 θείων
840 2850 904 2910 λόγων
916 2849 941 2895 τά

159 2918 276 2976 διδάγματα.

181 3030 225 3114 ληιδ
240 3036 315 3070 mendum
329 3039 351 3069 es?
367 3038 404 3070 edit.
416 3039 472 3071 Ριίου.
486 3037 539 3070 θυῖον.
585 3037 601 3069 5.
613 3032 720 3080 ἀπέστρεψεν
730 3039 764 3070 cod.
776 3038 806 3071 len.
820 3038 865 3082 (cum
874 3046 941 3071 rasurae

160 3092 196 3124 τιμε
203 3106 207 3114 .
