<?xml version="1.0" encoding="UTF-8"?>
<!DOCTYPE html PUBLIC "-//W3C//DTD XHTML 1.0 Transitional//EN"
    "http://www.w3.org/TR/xhtml1/DTD/xhtml1-transitional.dtd">
<html xmlns="http://www.w3.org/1999/xhtml" xml:lang="en" lang="en">
 <head>
  <title>
</title>
<meta http-equiv="Content-Type" content="text/html;charset=utf-8" />
  <meta name='ocr-system' content='tesseract 3.04.00' />
  <meta name='ocr-capabilities' content='ocr_page ocr_carea ocr_par ocr_line ocrx_word'/>
</head>
<body>
  <div class='ocr_page' id='page_1' title='image "./MN41650ucmf_1/MN41650ucmf_1_0520.png"; bbox 0 0 1988 3392; ppageno 0'>
   <div class='ocr_carea' id='block_1_1' title="bbox 156 221 655 263">
    <p class='ocr_par' dir='ltr' id='par_1_1' title="bbox 156 221 655 263">
     <span class='ocr_line' id='line_1_1' title="bbox 156 221 655 263; baseline 0 -1"><span class='ocrx_word' id='word_1_1' title='bbox 156 221 199 263; x_wconf 83' lang='lat'><strong><em>498</em></strong></span> <span class='ocrx_word' id='word_1_2' title='bbox 445 228 528 263; x_wconf 71' lang='grc' dir='ltr'><strong><em>ολαοκι</em></strong></span> <span class='ocrx_word' id='word_1_3' title='bbox 540 229 655 263; x_wconf 72' lang='grc' dir='ltr'><strong><em>τοιοιιλαα</em></strong></span> 
     </span>
    </p>
   </div>
   <div class='ocr_carea' id='block_1_2' title="bbox 156 304 943 1241">
    <p class='ocr_par' dir='ltr' id='par_1_2' title="bbox 156 304 943 496">
     <span class='ocr_line' id='line_1_2' title="bbox 157 304 943 361; baseline 0.003 -12"><span class='ocrx_word' id='word_1_4' title='bbox 157 308 221 350; x_wconf 78' lang='grc' dir='ltr'><strong><em>δὲκαὶ</em></strong></span> <span class='ocrx_word' id='word_1_5' title='bbox 233 308 358 361; x_wconf 76' lang='grc' dir='ltr'><strong><em>μεταβαίνειν</em></strong></span> <span class='ocrx_word' id='word_1_6' title='bbox 368 305 404 361; x_wconf 89' lang='grc' dir='ltr'><strong><em>τήν</em></strong></span> <span class='ocrx_word' id='word_1_7' title='bbox 419 305 488 361; x_wconf 83' lang='grc' dir='ltr'><strong><em>ψυχήν</em></strong></span> <span class='ocrx_word' id='word_1_8' title='bbox 501 308 529 356; x_wconf 82' lang='grc' dir='ltr'><strong><em>εἰς</em></strong></span> <span class='ocrx_word' id='word_1_9' title='bbox 540 306 603 350; x_wconf 84' lang='grc' dir='ltr'><strong><em>πολλά</em></strong></span> <span class='ocrx_word' id='word_1_10' title='bbox 614 310 660 358; x_wconf 80' lang='grc' dir='ltr'><strong><em>ζῶα.</em></strong></span> <span class='ocrx_word' id='word_1_11' title='bbox 689 304 790 349; x_wconf 83' lang='grc' dir='ltr'><strong><em>Ἐκέλευσε</em></strong></span> <span class='ocrx_word' id='word_1_12' title='bbox 800 307 823 350; x_wconf 82' lang='grc' dir='ltr'><strong><em>δὲ</em></strong></span> <span class='ocrx_word' id='word_1_13' title='bbox 836 309 889 351; x_wconf 56' lang='lat' dir='ltr'><strong><em>‘luat</em></strong></span> <span class='ocrx_word' id='word_1_14' title='bbox 899 314 943 359; x_wconf 91' lang='grc' dir='ltr'><strong><em>τοῖς</em></strong></span> 
     </span>
     <span class='ocr_line' id='line_1_3' title="bbox 156 373 943 432; baseline 0.004 -16"><span class='ocrx_word' id='word_1_15' title='bbox 156 381 258 429; x_wconf 79' lang='grc' dir='ltr'><strong><em>μαθηταῖς</em></strong></span> <span class='ocrx_word' id='word_1_16' title='bbox 271 375 334 417; x_wconf 78' lang='grc' dir='ltr'><strong><em>αὐτοῦ</em></strong></span> <span class='ocrx_word' id='word_1_17' title='bbox 346 379 425 417; x_wconf 77' lang='grc' dir='ltr'>σιωπᾶν</span> <span class='ocrx_word' id='word_1_18' title='bbox 441 376 475 417; x_wconf 77' lang='grc' dir='ltr'><strong><em>ἐπὶ</em></strong></span> <span class='ocrx_word' id='word_1_19' title='bbox 487 379 583 429; x_wconf 79' lang='grc' dir='ltr'><strong><em>πενταετῆ</em></strong></span> <span class='ocrx_word' id='word_1_20' title='bbox 592 374 675 432; x_wconf 85' lang='grc' dir='ltr'><strong><em>χρόνον,</em></strong></span> <span class='ocrx_word' id='word_1_21' title='bbox 690 376 724 417; x_wconf 83' lang='grc' dir='ltr'><strong><em>καὶ</em></strong></span> <span class='ocrx_word' id='word_1_22' title='bbox 734 373 757 417; x_wconf 88' lang='grc' dir='ltr'><strong><em>τό</em></strong></span> <span class='ocrx_word' id='word_1_23' title='bbox 769 379 879 418; x_wconf 86' lang='grc' dir='ltr'><strong><em>τελευταῖον</em></strong></span> <span class='ocrx_word' id='word_1_24' title='bbox 891 375 943 419; x_wconf 86' lang='grc' dir='ltr'><strong><em>θεόν</em></strong></span> 
     </span>
     <span class='ocr_line' id='line_1_4' title="bbox 156 441 368 496; baseline 0 -12"><span class='ocrx_word' id='word_1_25' title='bbox 156 443 227 485; x_wconf 75' lang='grc' dir='ltr'><strong><em>ἔαυτόν</em></strong></span> <span class='ocrx_word' id='word_1_26' title='bbox 242 441 368 496; x_wconf 78' lang='grc' dir='ltr'><strong><em>ἐπωνόμασε.</em></strong></span> 
     </span>
    </p>

    <p class='ocr_par' dir='ltr' id='par_1_3' title="bbox 156 507 942 776">
     <span class='ocr_line' id='line_1_5' title="bbox 209 507 942 595; baseline 0.003 -44.014"><span class='ocrx_word' id='word_1_27' title='bbox 209 507 342 595; x_wconf 76' lang='grc' dir='ltr'><em>Ξενοφάνης,</em></span> <span class='ocrx_word' id='word_1_28' title='bbox 362 508 579 565; x_wconf 79' lang='grc' dir='ltr'><strong><em>δτοῖιὈρθουμὲνου,</em></strong></span> <span class='ocrx_word' id='word_1_29' title='bbox 601 508 743 562; x_wconf 70' lang='grc' dir='ltr'><strong><em>Κολοφώνιος,</em></strong></span> <span class='ocrx_word' id='word_1_30' title='bbox 765 511 787 552; x_wconf 80' lang='grc' dir='ltr'><strong><em>ἐκ</em></strong></span> <span class='ocrx_word' id='word_1_31' title='bbox 797 514 835 565; x_wconf 80' lang='grc' dir='ltr'><strong><em>γῆς</em></strong></span> <span class='ocrx_word' id='word_1_32' title='bbox 845 511 881 552; x_wconf 87' lang='grc' dir='ltr'><strong><em>καὶ</em></strong></span> <span class='ocrx_word' id='word_1_33' title='bbox 892 510 942 553; x_wconf 79' lang='grc' dir='ltr'><strong><em>δ’δα-</em></strong></span> 
     </span>
     <span class='ocr_line' id='line_1_6' title="bbox 156 575 942 634; baseline 0.003 -14"><span class='ocrx_word' id='word_1_34' title='bbox 156 594 191 628; x_wconf 83' lang='grc' dir='ltr'><strong><em>τος</em></strong></span> <span class='ocrx_word' id='word_1_35' title='bbox 202 579 242 633; x_wconf 68' lang='grc' dir='ltr'><strong><em>ἔφη</em></strong></span> <span class='ocrx_word' id='word_1_36' title='bbox 253 575 278 621; x_wconf 83' lang='grc' dir='ltr'><strong><em>τά</em></strong></span> <span class='ocrx_word' id='word_1_37' title='bbox 288 576 353 620; x_wconf 80' lang='grc' dir='ltr'><strong><em>ταντα</em></strong></span> <span class='ocrx_word' id='word_1_38' title='bbox 361 581 459 634; x_wconf 82' lang='grc' dir='ltr'><strong><em>γίνεσθαι.</em></strong></span> <span class='ocrx_word' id='word_1_39' title='bbox 490 575 552 620; x_wconf 79' lang='grc' dir='ltr'><strong><em>Εἶναι</em></strong></span> <span class='ocrx_word' id='word_1_40' title='bbox 563 575 619 620; x_wconf 80' lang='grc' dir='ltr'><strong><em>δὲ</em></strong></span> <span class='ocrx_word' id='word_1_41' title='bbox 595 595 620 621; x_wconf 88' lang='grc' dir='ltr'><strong><em>τα</em></strong></span> <span class='ocrx_word' id='word_1_42' title='bbox 630 577 706 630; x_wconf 91' lang='grc' dir='ltr'><strong><em>πάντα,</em></strong></span> <span class='ocrx_word' id='word_1_43' title='bbox 722 595 750 627; x_wconf 88' lang='grc' dir='ltr'><strong><em>ως</em></strong></span> <span class='ocrx_word' id='word_1_44' title='bbox 760 579 808 632; x_wconf 67' lang='grc' dir='ltr'><strong><em>ἔφη,</em></strong></span> <span class='ocrx_word' id='word_1_45' title='bbox 823 577 884 622; x_wconf 80' lang='grc' dir='ltr'><strong><em>ονδὲν</em></strong></span> <span class='ocrx_word' id='word_1_46' title='bbox 895 577 942 634; x_wconf 87' lang='grc' dir='ltr'><strong><em>άλη-</em></strong></span> 
     </span>
     <span class='ocr_line' id='line_1_7' title="bbox 157 645 942 708; baseline 0.003 -15"><span class='ocrx_word' id='word_1_47' title='bbox 157 649 205 700; x_wconf 85' lang='grc' dir='ltr'><strong><em>θές</em></strong></span> <span class='ocrx_word' id='word_1_48' title='bbox 226 646 291 700; x_wconf 74' lang='grc' dir='ltr'><strong><em>οὕτως</em></strong></span> <span class='ocrx_word' id='word_1_49' title='bbox 302 645 324 692; x_wconf 89' lang='grc' dir='ltr'><strong><em>τό</em></strong></span> <span class='ocrx_word' id='word_1_50' title='bbox 337 645 417 708; x_wconf 80' lang='grc' dir='ltr'><strong><em>άτρεκὲς</em></strong></span> <span class='ocrx_word' id='word_1_51' title='bbox 430 646 479 707; x_wconf 89' lang='grc' dir='ltr'><strong><em>ήμῖν</em></strong></span> <span class='ocrx_word' id='word_1_52' title='bbox 495 645 581 705; x_wconf 82' lang='grc' dir='ltr'><strong><em>άδηλον,</em></strong></span> <span class='ocrx_word' id='word_1_53' title='bbox 602 647 685 705; x_wconf 76' lang='grc' dir='ltr'><em>δόκησις</em></span> <span class='ocrx_word' id='word_1_54' title='bbox 699 646 743 691; x_wconf 78' lang='grc' dir='ltr'><strong><em>δὲ’</em></strong></span> <span class='ocrx_word' id='word_1_55' title='bbox 734 649 767 693; x_wconf 83' lang='grc' dir='ltr'><strong><em>επὶ</em></strong></span> <span class='ocrx_word' id='word_1_56' title='bbox 779 652 829 693; x_wconf 83' lang='grc' dir='ltr'><strong><em>πᾶσι</em></strong></span> <span class='ocrx_word' id='word_1_57' title='bbox 844 649 942 705; x_wconf 87' lang='grc' dir='ltr'><strong><em>τέτυκται,</em></strong></span> 
     </span>
     <span class='ocr_line' id='line_1_8' title="bbox 159 718 415 805; baseline 0.008 -42"><span class='ocrx_word' id='word_1_58' title='bbox 159 718 243 776; x_wconf 89' lang='grc' dir='ltr'><strong><em>μάλιστα</em></strong></span> <span class='ocrx_word' id='word_1_59' title='bbox 258 724 298 764; x_wconf 76' lang='grc' dir='ltr'><strong><em>τῶν</em></strong></span> <span class='ocrx_word' id='word_1_60' title='bbox 313 719 415 805; x_wconf 81' lang='grc' dir='ltr'><strong><em>άφανέριν</em></strong></span> 
     </span>
    </p>

    <p class='ocr_par' dir='ltr' id='par_1_4' title="bbox 156 788 942 916">
     <span class='ocr_line' id='line_1_9' title="bbox 216 788 942 872; baseline 0.003 -40"><span class='ocrx_word' id='word_1_61' title='bbox 216 788 390 848; x_wconf 67' lang='grc' dir='ltr'><strong><em>Παρμενίδης,’</em></strong></span> <span class='ocrx_word' id='word_1_62' title='bbox 378 808 437 834; x_wconf 90' lang='grc' dir='ltr'><strong><em>οτου</em></strong></span> <span class='ocrx_word' id='word_1_63' title='bbox 427 788 555 872; x_wconf 76' lang='grc' dir='ltr'><strong><em>Πύρητος,</em></strong></span> <span class='ocrx_word' id='word_1_64' title='bbox 576 789 598 833; x_wconf 86' lang='grc' dir='ltr'><strong><em>τό</em></strong></span> <span class='ocrx_word' id='word_1_65' title='bbox 611 790 669 846; x_wconf 88' lang='grc' dir='ltr'><strong><em>γένος</em></strong></span> <span class='ocrx_word' id='word_1_66' title='bbox 675 789 782 846; x_wconf 82' lang='grc' dir='ltr'><strong><em>Ἐλεάτης,</em></strong></span> <span class='ocrx_word' id='word_1_67' title='bbox 801 791 835 833; x_wconf 78' lang='grc' dir='ltr'><strong><em>καὶ</em></strong></span> <span class='ocrx_word' id='word_1_68' title='bbox 847 808 909 842; x_wconf 86' lang='grc' dir='ltr'><strong><em>αυτος</em></strong></span> <span class='ocrx_word' id='word_1_69' title='bbox 919 809 942 835; x_wconf 92' lang='grc' dir='ltr'><strong><em>το</em></strong></span> 
     </span>
     <span class='ocr_line' id='line_1_10' title="bbox 156 856 554 916; baseline 0 -15"><span class='ocrx_word' id='word_1_70' title='bbox 156 856 240 916; x_wconf 88' lang='grc' dir='ltr'><strong><em>άπειρον</em></strong></span> <span class='ocrx_word' id='word_1_71' title='bbox 255 859 345 916; x_wconf 77' lang='grc' dir='ltr'><strong><em>έλεγεν’</em></strong></span> <span class='ocrx_word' id='word_1_72' title='bbox 334 857 397 916; x_wconf 87' lang='grc' dir='ltr'><strong><em>αργήν</em></strong></span> <span class='ocrx_word' id='word_1_73' title='bbox 411 864 452 902; x_wconf 78' lang='grc' dir='ltr'><strong><em>τῶν</em></strong></span> <span class='ocrx_word' id='word_1_74' title='bbox 466 857 554 902; x_wconf 90' lang='grc' dir='ltr'><strong><em>πάντων.</em></strong></span> 
     </span>
    </p>

    <p class='ocr_par' dir='ltr' id='par_1_5' title="bbox 156 925 943 1241">
     <span class='ocr_line' id='line_1_11' title="bbox 216 925 943 987; baseline 0.001 -18"><span class='ocrx_word' id='word_1_75' title='bbox 216 926 313 983; x_wconf 85' lang='grc' dir='ltr'><strong><em>Ζήνωνά</em></strong></span> <span class='ocrx_word' id='word_1_76' title='bbox 320 928 425 983; x_wconf 86' lang='grc' dir='ltr'><strong><em>Ἐλεάτης,</em></strong></span> <span class='ocrx_word' id='word_1_77' title='bbox 447 925 576 985; x_wconf 85' lang='grc' dir='ltr'><strong><em>όέριστικός,</em></strong></span> <span class='ocrx_word' id='word_1_78' title='bbox 597 930 630 971; x_wconf 76' lang='grc' dir='ltr'><strong><em>λ’σα</em></strong></span> <span class='ocrx_word' id='word_1_79' title='bbox 641 932 668 986; x_wconf 74' lang='grc' dir='ltr'><strong><em>τῷ</em></strong></span> <span class='ocrx_word' id='word_1_80' title='bbox 679 928 739 987; x_wconf 76' lang='grc' dir='ltr'><strong><em>ἑτέρῳ</em></strong></span> <span class='ocrx_word' id='word_1_81' title='bbox 754 926 845 983; x_wconf 83' lang='grc' dir='ltr'><strong><em>Ζήνωνι,</em></strong></span> <span class='ocrx_word' id='word_1_82' title='bbox 861 946 896 971; x_wconf 91' lang='grc' dir='ltr'><strong><em>και</em></strong></span> <span class='ocrx_word' id='word_1_83' title='bbox 905 946 943 984; x_wconf 87' lang='grc' dir='ltr'><strong><em>την</em></strong></span> 
     </span>
     <span class='ocr_line' id='line_1_12' title="bbox 156 994 942 1053; baseline 0 -15"><span class='ocrx_word' id='word_1_84' title='bbox 156 1000 195 1051; x_wconf 79' lang='grc' dir='ltr'><strong><em>γῆν</em></strong></span> <span class='ocrx_word' id='word_1_85' title='bbox 206 995 301 1051; x_wconf 77' lang='grc' dir='ltr'><strong><em>ἀκίνητον</em></strong></span> <span class='ocrx_word' id='word_1_86' title='bbox 312 998 374 1053; x_wconf 84' lang='grc' dir='ltr'><strong><em>λέγει,</em></strong></span> <span class='ocrx_word' id='word_1_87' title='bbox 389 998 423 1039; x_wconf 86' lang='grc' dir='ltr'><strong><em>καὶ</em></strong></span> <span class='ocrx_word' id='word_1_88' title='bbox 437 998 512 1051; x_wconf 86' lang='grc' dir='ltr'><strong><em>μηδένα</em></strong></span> <span class='ocrx_word' id='word_1_89' title='bbox 523 995 587 1039; x_wconf 86' lang='grc' dir='ltr'><strong><em>τόπον</em></strong></span> <span class='ocrx_word' id='word_1_90' title='bbox 599 994 658 1039; x_wconf 88' lang='grc' dir='ltr'><strong><em>κενόν</em></strong></span> <span class='ocrx_word' id='word_1_91' title='bbox 669 994 724 1039; x_wconf 82' lang='grc' dir='ltr'><strong><em>εἶναι.</em></strong></span> <span class='ocrx_word' id='word_1_92' title='bbox 755 997 796 1039; x_wconf 82' lang='grc' dir='ltr'><strong><em>Καὶ</em></strong></span> <span class='ocrx_word' id='word_1_93' title='bbox 807 997 858 1052; x_wconf 89' lang='grc' dir='ltr'><strong><em>λέγει</em></strong></span> <span class='ocrx_word' id='word_1_94' title='bbox 867 995 942 1046; x_wconf 71' lang='grc' dir='ltr'><strong><em>οὕτως·</em></strong></span> 
     </span>
     <span class='ocr_line' id='line_1_13' title="bbox 159 1059 941 1122; baseline 0.003 -18"><span class='ocrx_word' id='word_1_95' title='bbox 159 1062 187 1105; x_wconf 87' lang='grc' dir='ltr'><strong><em>Τό</em></strong></span> <span class='ocrx_word' id='word_1_96' title='bbox 199 1064 319 1117; x_wconf 80' lang='grc' dir='ltr'><strong><em>κινούμενον</em></strong></span> <span class='ocrx_word' id='word_1_97' title='bbox 335 1059 443 1122; x_wconf 73' lang='grc' dir='ltr'><strong><em>ήτοιένῷ</em></strong></span> <span class='ocrx_word' id='word_1_98' title='bbox 454 1066 495 1107; x_wconf 87' lang='grc' dir='ltr'><strong><em>έστι</em></strong></span> <span class='ocrx_word' id='word_1_99' title='bbox 508 1064 564 1121; x_wconf 75' lang='grc' dir='ltr'><strong><em>τόπῳ</em></strong></span> <span class='ocrx_word' id='word_1_100' title='bbox 577 1069 670 1115; x_wconf 82' lang='grc' dir='ltr'><strong><em>κινεῖται,</em></strong></span> <span class='ocrx_word' id='word_1_101' title='bbox 690 1059 765 1122; x_wconf 69' lang='grc' dir='ltr'><strong><em>ήένρῖ</em></strong></span> <span class='ocrx_word' id='word_1_102' title='bbox 775 1062 870 1107; x_wconf 72' lang='grc' dir='ltr'><strong><em>οὐκέστι.</em></strong></span> <span class='ocrx_word' id='word_1_103' title='bbox 900 1066 941 1106; x_wconf 76' lang='grc' dir='ltr'><strong><em>Καὶ</em></strong></span> 
     </span>
     <span class='ocr_line' id='line_1_14' title="bbox 156 1125 942 1188; baseline 0.003 -17"><span class='ocrx_word' id='word_1_104' title='bbox 156 1128 202 1171; x_wconf 74' lang='grc' dir='ltr'><strong><em>τότε</em></strong></span> <span class='ocrx_word' id='word_1_105' title='bbox 216 1132 237 1172; x_wconf 88' lang='grc' dir='ltr'><strong><em>έν</em></strong></span> <span class='ocrx_word' id='word_1_106' title='bbox 252 1126 269 1188; x_wconf 65' lang='grc' dir='ltr'><strong><em>ηδ</em></strong></span> <span class='ocrx_word' id='word_1_107' title='bbox 284 1132 325 1172; x_wconf 78' lang='grc' dir='ltr'><strong><em>ἔστι</em></strong></span> <span class='ocrx_word' id='word_1_108' title='bbox 339 1130 395 1187; x_wconf 80' lang='grc' dir='ltr'><strong><em>τόπῳ</em></strong></span> <span class='ocrx_word' id='word_1_109' title='bbox 410 1136 505 1182; x_wconf 85' lang='grc' dir='ltr'><strong><em>κινεῖται,</em></strong></span> <span class='ocrx_word' id='word_1_110' title='bbox 521 1129 567 1173; x_wconf 74' lang='grc' dir='ltr'><strong><em>οότε</em></strong></span> <span class='ocrx_word' id='word_1_111' title='bbox 582 1132 603 1173; x_wconf 85' lang='grc' dir='ltr'><strong><em>έν</em></strong></span> <span class='ocrx_word' id='word_1_112' title='bbox 618 1125 684 1187; x_wconf 70' lang='grc' dir='ltr'><strong><em>ηδοῦκ</em></strong></span> <span class='ocrx_word' id='word_1_113' title='bbox 700 1132 763 1173; x_wconf 80' lang='grc' dir='ltr'><strong><em>έστιν·</em></strong></span> <span class='ocrx_word' id='word_1_114' title='bbox 779 1130 819 1173; x_wconf 76' lang='grc' dir='ltr'><strong><em>οὐκ</em></strong></span> <span class='ocrx_word' id='word_1_115' title='bbox 834 1129 874 1187; x_wconf 76' lang='grc' dir='ltr'><strong><em>άρα</em></strong></span> <span class='ocrx_word' id='word_1_116' title='bbox 883 1148 902 1173; x_wconf 91' lang='grc' dir='ltr'><strong><em>τι</em></strong></span> <span class='ocrx_word' id='word_1_117' title='bbox 912 1148 942 1173; x_wconf 87' lang='grc' dir='ltr'><strong><em>κι-</em></strong></span> 
     </span>
     <span class='ocr_line' id='line_1_15' title="bbox 156 1213 223 1241; baseline 0 -1"><span class='ocrx_word' id='word_1_118' title='bbox 156 1213 223 1241; x_wconf 84' lang='grc' dir='ltr'><strong><em>νειται.</em></strong></span> 
     </span>
    </p>
   </div>
   <div class='ocr_carea' id='block_1_3' title="bbox 156 1336 942 1673">
    <p class='ocr_par' dir='ltr' id='par_1_6' title="bbox 156 1336 942 1535">
     <span class='ocr_line' id='line_1_16' title="bbox 213 1336 942 1397; baseline 0.001 -15"><span class='ocrx_word' id='word_1_119' title='bbox 213 1339 316 1391; x_wconf 80' lang='grc' dir='ltr'><em>Μέλισσος</em></span> <span class='ocrx_word' id='word_1_120' title='bbox 329 1336 387 1383; x_wconf 82' lang='grc' dir='ltr'><strong><em>ότοῦ</em></strong></span> <span class='ocrx_word' id='word_1_121' title='bbox 399 1339 529 1396; x_wconf 82' lang='grc' dir='ltr'><strong><em>Ἰθαγενοῦς,</em></strong></span> <span class='ocrx_word' id='word_1_122' title='bbox 550 1337 629 1395; x_wconf 89' lang='grc' dir='ltr'><strong><em>Σάμιος</em></strong></span> <span class='ocrx_word' id='word_1_123' title='bbox 646 1338 668 1383; x_wconf 85' lang='grc' dir='ltr'><strong><em>τό</em></strong></span> <span class='ocrx_word' id='word_1_124' title='bbox 680 1340 749 1397; x_wconf 84' lang='grc' dir='ltr'><strong><em>γένος,</em></strong></span> <span class='ocrx_word' id='word_1_125' title='bbox 770 1342 793 1384; x_wconf 71' lang='grc' dir='ltr'><strong><em>ἓν</em></strong></span> <span class='ocrx_word' id='word_1_126' title='bbox 809 1337 831 1383; x_wconf 86' lang='grc' dir='ltr'><strong><em>τό</em></strong></span> <span class='ocrx_word' id='word_1_127' title='bbox 843 1344 885 1383; x_wconf 83' lang='grc' dir='ltr'><strong><em>πάν</em></strong></span> <span class='ocrx_word' id='word_1_128' title='bbox 902 1340 942 1396; x_wconf 72' lang='grc' dir='ltr'><strong><em>ἔφη</em></strong></span> 
     </span>
     <span class='ocr_line' id='line_1_17' title="bbox 156 1403 941 1469; baseline 0.005 -20"><span class='ocrx_word' id='word_1_129' title='bbox 156 1403 218 1461; x_wconf 76' lang='grc' dir='ltr'><strong><em>εἶναι,</em></strong></span> <span class='ocrx_word' id='word_1_130' title='bbox 234 1409 295 1464; x_wconf 79' lang='grc' dir='ltr'><strong><em>μηδὲν</em></strong></span> <span class='ocrx_word' id='word_1_131' title='bbox 306 1409 327 1453; x_wconf 82' lang='grc' dir='ltr'><strong><em>δὲ</em></strong></span> <span class='ocrx_word' id='word_1_132' title='bbox 338 1410 422 1465; x_wconf 88' lang='grc' dir='ltr'><strong><em>βέβαιον</em></strong></span> <span class='ocrx_word' id='word_1_133' title='bbox 432 1406 529 1466; x_wconf 74' lang='grc' dir='ltr'><strong><em>ὑπάρχειν</em></strong></span> <span class='ocrx_word' id='word_1_134' title='bbox 539 1413 563 1469; x_wconf 77' lang='grc' dir='ltr'><strong><em>τη</em></strong></span> <span class='ocrx_word' id='word_1_135' title='bbox 575 1409 646 1464; x_wconf 79' lang='grc' dir='ltr'><strong><em>φύσει,</em></strong></span> <span class='ocrx_word' id='word_1_136' title='bbox 661 1408 709 1452; x_wconf 82' lang='grc' dir='ltr'><strong><em>άλλά</em></strong></span> <span class='ocrx_word' id='word_1_137' title='bbox 720 1408 786 1453; x_wconf 87' lang='grc' dir='ltr'><strong><em>πάντα</em></strong></span> <span class='ocrx_word' id='word_1_138' title='bbox 797 1407 847 1453; x_wconf 78' lang='grc' dir='ltr'><strong><em>εἶναι</em></strong></span> <span class='ocrx_word' id='word_1_139' title='bbox 858 1408 941 1467; x_wconf 85' lang='grc' dir='ltr'><strong><em>φθαρτά</em></strong></span> 
     </span>
     <span class='ocr_line' id='line_1_18' title="bbox 158 1479 284 1535; baseline -0.008 -14"><span class='ocrx_word' id='word_1_140' title='bbox 158 1479 179 1521; x_wconf 82' lang='grc' dir='ltr'><strong><em>έν</em></strong></span> <span class='ocrx_word' id='word_1_141' title='bbox 194 1479 284 1535; x_wconf 82' lang='grc' dir='ltr'><strong><em>δυνάμει.</em></strong></span> 
     </span>
    </p>

    <p class='ocr_par' dir='ltr' id='par_1_7' title="bbox 158 1542 942 1673">
     <span class='ocr_line' id='line_1_19' title="bbox 216 1542 942 1605; baseline -0.001 -14"><span class='ocrx_word' id='word_1_142' title='bbox 216 1547 337 1596; x_wconf 85' lang='grc' dir='ltr'><strong><em>Λεάκιπιιος</em></strong></span> <span class='ocrx_word' id='word_1_143' title='bbox 350 1544 361 1589; x_wconf 90' lang='grc' dir='ltr'><strong><em>ό</em></strong></span> <span class='ocrx_word' id='word_1_144' title='bbox 373 1547 485 1602; x_wconf 87' lang='grc' dir='ltr'><strong><em>Μιλήσιος,</em></strong></span> <span class='ocrx_word' id='word_1_145' title='bbox 506 1545 557 1589; x_wconf 86' lang='grc' dir='ltr'><strong><em>κατά</em></strong></span> <span class='ocrx_word' id='word_1_146' title='bbox 567 1548 590 1590; x_wconf 82' lang='grc' dir='ltr'><strong><em>δέ</em></strong></span> <span class='ocrx_word' id='word_1_147' title='bbox 598 1565 654 1597; x_wconf 91' lang='grc' dir='ltr'><strong><em>τινας</em></strong></span> <span class='ocrx_word' id='word_1_148' title='bbox 664 1545 765 1602; x_wconf 87' lang='grc' dir='ltr'><strong><em>Ἐλεάτης,</em></strong></span> <span class='ocrx_word' id='word_1_149' title='bbox 785 1548 820 1590; x_wconf 83' lang='grc' dir='ltr'><strong><em>καὶ</em></strong></span> <span class='ocrx_word' id='word_1_150' title='bbox 832 1542 893 1598; x_wconf 78' lang='grc' dir='ltr'><strong><em>οὗτος</em></strong></span> <span class='ocrx_word' id='word_1_151' title='bbox 903 1549 942 1605; x_wconf 79' lang='grc' dir='ltr'><strong><em>ἐρι-</em></strong></span> 
     </span>
     <span class='ocr_line' id='line_1_20' title="bbox 158 1609 942 1673; baseline 0.003 -17"><span class='ocrx_word' id='word_1_152' title='bbox 158 1614 236 1668; x_wconf 90' lang='grc' dir='ltr'><strong><em>στικός,</em></strong></span> <span class='ocrx_word' id='word_1_153' title='bbox 257 1614 366 1673; x_wconf 82' lang='grc' dir='ltr'><strong><em>ένάπείρῳ</em></strong></span> <span class='ocrx_word' id='word_1_154' title='bbox 381 1617 414 1657; x_wconf 80' lang='grc' dir='ltr'><strong><em>καὶ</em></strong></span> <span class='ocrx_word' id='word_1_155' title='bbox 427 1609 521 1664; x_wconf 76' lang='grc' dir='ltr'><strong><em>οὗτοςτό</em></strong></span> <span class='ocrx_word' id='word_1_156' title='bbox 536 1620 577 1657; x_wconf 77' lang='grc' dir='ltr'><strong><em>πᾶν</em></strong></span> <span class='ocrx_word' id='word_1_157' title='bbox 592 1616 632 1668; x_wconf 84' lang='grc' dir='ltr'><strong><em>έφη</em></strong></span> <span class='ocrx_word' id='word_1_158' title='bbox 649 1613 711 1667; x_wconf 81' lang='grc' dir='ltr'><strong><em>εἶναι,</em></strong></span> <span class='ocrx_word' id='word_1_159' title='bbox 732 1616 784 1658; x_wconf 81' lang='grc' dir='ltr'><strong><em>κατά</em></strong></span> <span class='ocrx_word' id='word_1_160' title='bbox 798 1618 909 1667; x_wconf 82' lang='grc' dir='ltr'><strong><em>φαντασίαν</em></strong></span> <span class='ocrx_word' id='word_1_161' title='bbox 919 1615 942 1658; x_wconf 77' lang='grc' dir='ltr'><strong><em>δέ</em></strong></span> 
     </span>
    </p>
   </div>
   <div class='ocr_carea' id='block_1_4' title="bbox 63 1680 941 2221">
    <p class='ocr_par' dir='ltr' id='par_1_8' title="bbox 157 1680 941 1806">
     <span class='ocr_line' id='line_1_21' title="bbox 157 1680 941 1738; baseline 0.001 -14"><span class='ocrx_word' id='word_1_162' title='bbox 157 1684 193 1724; x_wconf 80' lang='grc' dir='ltr'><strong><em>καῖ</em></strong></span> <span class='ocrx_word' id='word_1_163' title='bbox 203 1683 286 1738; x_wconf 87' lang='grc' dir='ltr'><strong><em>δόκησιν</em></strong></span> <span class='ocrx_word' id='word_1_164' title='bbox 297 1682 322 1724; x_wconf 78' lang='grc' dir='ltr'><strong><em>τό</em></strong></span> <span class='ocrx_word' id='word_1_165' title='bbox 332 1683 398 1725; x_wconf 87' lang='grc' dir='ltr'><strong><em>πάντα</em></strong></span> <span class='ocrx_word' id='word_1_166' title='bbox 409 1686 513 1738; x_wconf 85' lang='grc' dir='ltr'><strong><em>γίνεσθαι,</em></strong></span> <span class='ocrx_word' id='word_1_167' title='bbox 527 1684 561 1724; x_wconf 74' lang='grc' dir='ltr'><strong><em>καὶ</em></strong></span> <span class='ocrx_word' id='word_1_168' title='bbox 575 1683 637 1736; x_wconf 79' lang='grc' dir='ltr'><strong><em>μηδὲν</em></strong></span> <span class='ocrx_word' id='word_1_169' title='bbox 648 1682 699 1724; x_wconf 83' lang='grc' dir='ltr'><strong><em>κατά</em></strong></span> <span class='ocrx_word' id='word_1_170' title='bbox 710 1680 817 1736; x_wconf 86' lang='grc' dir='ltr'><strong><em>άλήθειαν,</em></strong></span> <span class='ocrx_word' id='word_1_171' title='bbox 839 1681 878 1725; x_wconf 78' lang='grc' dir='ltr'><strong><em>ἄλλ’</em></strong></span> <span class='ocrx_word' id='word_1_172' title='bbox 888 1682 941 1726; x_wconf 71' lang='grc' dir='ltr'><strong><em>οὕτω</em></strong></span> 
     </span>
     <span class='ocr_line' id='line_1_22' title="bbox 157 1748 627 1806; baseline -0.002 -15"><span class='ocrx_word' id='word_1_173' title='bbox 157 1752 268 1802; x_wconf 83' lang='grc' dir='ltr'><strong><em>φαίνεσθαι</em></strong></span> <span class='ocrx_word' id='word_1_174' title='bbox 283 1748 334 1791; x_wconf 82' lang='grc' dir='ltr'><strong><em>κατά</em></strong></span> <span class='ocrx_word' id='word_1_175' title='bbox 348 1749 385 1803; x_wconf 88' lang='grc' dir='ltr'><strong><em>τήν</em></strong></span> <span class='ocrx_word' id='word_1_176' title='bbox 399 1752 420 1791; x_wconf 87' lang='grc' dir='ltr'><strong><em>έν</em></strong></span> <span class='ocrx_word' id='word_1_177' title='bbox 435 1754 463 1806; x_wconf 74' lang='grc' dir='ltr'><strong><em>τῷ</em></strong></span> <span class='ocrx_word' id='word_1_178' title='bbox 477 1749 537 1790; x_wconf 77' lang='grc' dir='ltr'><strong><em>όδατι</em></strong></span> <span class='ocrx_word' id='word_1_179' title='bbox 551 1749 627 1803; x_wconf 76' lang='grc' dir='ltr'><strong><em>κώπην.</em></strong></span> 
     </span>
    </p>

    <p class='ocr_par' dir='ltr' id='par_1_9' title="bbox 63 1814 941 2221">
     <span class='ocr_line' id='line_1_23' title="bbox 63 1814 940 1875; baseline -0.003 -12"><span class='ocrx_word' id='word_1_180' title='bbox 63 1841 99 1871; x_wconf 73' lang='grc' dir='ltr'><strong><em>μσς.</em></strong></span> <span class='ocrx_word' id='word_1_181' title='bbox 107 1832 147 1863; x_wconf 74' lang='grc' dir='ltr'><strong><em>ιοιε.</em></strong></span> <span class='ocrx_word' id='word_1_182' title='bbox 214 1817 352 1875; x_wconf 85' lang='grc' dir='ltr'><strong><em>Δημόκριτος,</em></strong></span> <span class='ocrx_word' id='word_1_183' title='bbox 368 1815 427 1861; x_wconf 80' lang='grc' dir='ltr'><strong><em>ότοῦ</em></strong></span> <span class='ocrx_word' id='word_1_184' title='bbox 439 1819 588 1872; x_wconf 85' lang='grc' dir='ltr'><strong><em>Δαμασίππου,</em></strong></span> <span class='ocrx_word' id='word_1_185' title='bbox 602 1815 730 1873; x_wconf 75' lang='grc' dir='ltr'><strong><em>Ἀβδηρίτης,</em></strong></span> <span class='ocrx_word' id='word_1_186' title='bbox 749 1815 784 1860; x_wconf 87' lang='grc' dir='ltr'><strong><em>τόν</em></strong></span> <span class='ocrx_word' id='word_1_187' title='bbox 797 1814 874 1871; x_wconf 82' lang='grc' dir='ltr'><strong><em>κόσμον</em></strong></span> <span class='ocrx_word' id='word_1_188' title='bbox 886 1814 940 1860; x_wconf 84' lang='grc' dir='ltr'><strong><em>άπει-</em></strong></span> 
     </span>
     <span class='ocr_line' id='line_1_24' title="bbox 156 1882 941 1945; baseline 0 -15"><span class='ocrx_word' id='word_1_189' title='bbox 156 1903 193 1945; x_wconf 90' lang='grc' dir='ltr'><strong><em>ρον</em></strong></span> <span class='ocrx_word' id='word_1_190' title='bbox 202 1887 241 1943; x_wconf 81' lang='grc' dir='ltr'><strong><em>έφη</em></strong></span> <span class='ocrx_word' id='word_1_191' title='bbox 252 1887 287 1931; x_wconf 84' lang='grc' dir='ltr'><strong><em>καὶ</em></strong></span> <span class='ocrx_word' id='word_1_192' title='bbox 296 1884 347 1944; x_wconf 72' lang='grc' dir='ltr'><strong><em>ὑπὲρ</em></strong></span> <span class='ocrx_word' id='word_1_193' title='bbox 357 1890 417 1930; x_wconf 82' lang='grc' dir='ltr'><strong><em>κενοῦ</em></strong></span> <span class='ocrx_word' id='word_1_194' title='bbox 428 1891 514 1930; x_wconf 88' lang='grc' dir='ltr'><strong><em>κεῖσθαι.</em></strong></span> <span class='ocrx_word' id='word_1_195' title='bbox 539 1884 600 1943; x_wconf 78' lang='grc' dir='ltr'><strong><em>Ἔφη</em></strong></span> <span class='ocrx_word' id='word_1_196' title='bbox 612 1885 634 1929; x_wconf 79' lang='grc' dir='ltr'><strong><em>δὲ</em></strong></span> <span class='ocrx_word' id='word_1_197' title='bbox 644 1886 679 1929; x_wconf 84' lang='grc' dir='ltr'><strong><em>καὶ</em></strong></span> <span class='ocrx_word' id='word_1_198' title='bbox 684 1887 708 1929; x_wconf 62' lang='grc' dir='ltr'><strong><em>ἓν</em></strong></span> <span class='ocrx_word' id='word_1_199' title='bbox 717 1886 771 1938; x_wconf 82' lang='grc' dir='ltr'><strong><em>τέλος</em></strong></span> <span class='ocrx_word' id='word_1_200' title='bbox 780 1882 830 1929; x_wconf 84' lang='grc' dir='ltr'><strong><em>εἶναι</em></strong></span> <span class='ocrx_word' id='word_1_201' title='bbox 839 1889 879 1930; x_wconf 71' lang='grc' dir='ltr'><strong><em>τοῖν</em></strong></span> <span class='ocrx_word' id='word_1_202' title='bbox 890 1884 941 1930; x_wconf 86' lang='grc' dir='ltr'><strong><em>πάν-</em></strong></span> 
     </span>
     <span class='ocr_line' id='line_1_25' title="bbox 155 1946 940 2015; baseline 0 -14"><span class='ocrx_word' id='word_1_203' title='bbox 155 1974 207 2010; x_wconf 85' lang='grc' dir='ltr'><strong><em>των,</em></strong></span> <span class='ocrx_word' id='word_1_204' title='bbox 228 1959 263 2001; x_wconf 81' lang='grc' dir='ltr'><strong><em>καῖ</em></strong></span> <span class='ocrx_word' id='word_1_205' title='bbox 275 1956 377 2013; x_wconf 75' lang='grc' dir='ltr'><strong><em>εὐθυμίαν</em></strong></span> <span class='ocrx_word' id='word_1_206' title='bbox 390 1956 412 2001; x_wconf 88' lang='grc' dir='ltr'><strong><em>τό</em></strong></span> <span class='ocrx_word' id='word_1_207' title='bbox 424 1955 530 2015; x_wconf 88' lang='grc' dir='ltr'><strong><em>κράτιστον</em></strong></span> <span class='ocrx_word' id='word_1_208' title='bbox 542 1955 603 2011; x_wconf 81' lang='grc' dir='ltr'><strong><em>εἶναι,</em></strong></span> <span class='ocrx_word' id='word_1_209' title='bbox 625 1955 660 2007; x_wconf 87' lang='grc' dir='ltr'><strong><em>τάς</em></strong></span> <span class='ocrx_word' id='word_1_210' title='bbox 672 1946 770 2008; x_wconf 80' lang='grc' dir='ltr'><strong><em>δδλόπας</em></strong></span> <span class='ocrx_word' id='word_1_211' title='bbox 783 1955 846 2013; x_wconf 82' lang='grc' dir='ltr'><strong><em>δ’ρονς</em></strong></span> <span class='ocrx_word' id='word_1_212' title='bbox 859 1960 940 2009; x_wconf 85' lang='grc' dir='ltr'><strong><em>κακίας·</em></strong></span> 
     </span>
     <span class='ocr_line' id='line_1_26' title="bbox 154 2024 941 2082; baseline 0 -13"><span class='ocrx_word' id='word_1_213' title='bbox 154 2028 190 2069; x_wconf 82' lang='grc' dir='ltr'><strong><em>καὶ</em></strong></span> <span class='ocrx_word' id='word_1_214' title='bbox 203 2026 226 2070; x_wconf 92' lang='grc' dir='ltr'><strong><em>τό</em></strong></span> <span class='ocrx_word' id='word_1_215' title='bbox 237 2030 313 2070; x_wconf 74' lang='grc' dir='ltr'><strong><em>δοκοῦν</em></strong></span> <span class='ocrx_word' id='word_1_216' title='bbox 326 2030 406 2070; x_wconf 86' lang='grc' dir='ltr'><strong><em>δίκαιον</em></strong></span> <span class='ocrx_word' id='word_1_217' title='bbox 422 2027 460 2071; x_wconf 79' lang='grc' dir='ltr'><strong><em>οὐκ</em></strong></span> <span class='ocrx_word' id='word_1_218' title='bbox 477 2024 528 2070; x_wconf 78' lang='grc' dir='ltr'><strong><em>εἶναι</em></strong></span> <span class='ocrx_word' id='word_1_219' title='bbox 543 2030 631 2079; x_wconf 80' lang='grc' dir='ltr'><strong><em>δίκαιον,</em></strong></span> <span class='ocrx_word' id='word_1_220' title='bbox 653 2024 724 2070; x_wconf 83' lang='grc' dir='ltr'><strong><em>άδικον</em></strong></span> <span class='ocrx_word' id='word_1_221' title='bbox 738 2027 760 2070; x_wconf 78' lang='grc' dir='ltr'><strong><em>δὲ</em></strong></span> <span class='ocrx_word' id='word_1_222' title='bbox 769 2025 792 2069; x_wconf 89' lang='grc' dir='ltr'><strong><em>τό</em></strong></span> <span class='ocrx_word' id='word_1_223' title='bbox 805 2028 893 2070; x_wconf 80' lang='grc' dir='ltr'><strong><em>ἐναντίον</em></strong></span> <span class='ocrx_word' id='word_1_224' title='bbox 905 2031 941 2082; x_wconf 84' lang='grc' dir='ltr'><strong><em>τής</em></strong></span> 
     </span>
     <span class='ocr_line' id='line_1_27' title="bbox 156 2094 941 2155; baseline 0.001 -17"><span class='ocrx_word' id='word_1_225' title='bbox 156 2096 242 2149; x_wconf 82' lang='grc' dir='ltr'><strong><em>φάσεως.</em></strong></span> <span class='ocrx_word' id='word_1_226' title='bbox 270 2095 373 2139; x_wconf 86' lang='grc' dir='ltr'><strong><em>Ἐπίνοιαν</em></strong></span> <span class='ocrx_word' id='word_1_227' title='bbox 387 2095 425 2154; x_wconf 86' lang='grc' dir='ltr'><strong><em>γάρ</em></strong></span> <span class='ocrx_word' id='word_1_228' title='bbox 436 2095 501 2151; x_wconf 83' lang='grc' dir='ltr'><strong><em>κακήν</em></strong></span> <span class='ocrx_word' id='word_1_229' title='bbox 516 2095 563 2147; x_wconf 82' lang='grc' dir='ltr'><strong><em>τοός</em></strong></span> <span class='ocrx_word' id='word_1_230' title='bbox 575 2095 651 2152; x_wconf 87' lang='grc' dir='ltr'><strong><em>νόμους</em></strong></span> <span class='ocrx_word' id='word_1_231' title='bbox 662 2097 725 2152; x_wconf 66' lang='grc' dir='ltr'><strong><em>ἔλεγε,</em></strong></span> <span class='ocrx_word' id='word_1_232' title='bbox 746 2097 792 2148; x_wconf 81' lang='grc' dir='ltr'><strong><em>καὶ,</em></strong></span> <span class='ocrx_word' id='word_1_233' title='bbox 815 2094 893 2155; x_wconf 81' lang='grc' dir='ltr'><strong><em>Οάχρή</em></strong></span> <span class='ocrx_word' id='word_1_234' title='bbox 907 2095 941 2139; x_wconf 90' lang='grc' dir='ltr'><strong><em>νό-</em></strong></span> 
     </span>
     <span class='ocr_line' id='line_1_28' title="bbox 156 2162 727 2221; baseline 0 -15"><span class='ocrx_word' id='word_1_235' title='bbox 156 2181 203 2218; x_wconf 90' lang='grc' dir='ltr'><strong><em>μοις</em></strong></span> <span class='ocrx_word' id='word_1_236' title='bbox 217 2170 335 2221; x_wconf 79' lang='grc' dir='ltr'><strong><em>πειθαρχεῖν</em></strong></span> <span class='ocrx_word' id='word_1_237' title='bbox 349 2164 384 2208; x_wconf 88' lang='grc' dir='ltr'><strong><em>τόν</em></strong></span> <span class='ocrx_word' id='word_1_238' title='bbox 399 2164 475 2218; x_wconf 82' lang='grc' dir='ltr'><strong><em>σοφόν,</em></strong></span> <span class='ocrx_word' id='word_1_239' title='bbox 491 2162 540 2207; x_wconf 87' lang='grc' dir='ltr'><strong><em>άλλά</em></strong></span> <span class='ocrx_word' id='word_1_240' title='bbox 555 2166 673 2221; x_wconf 81' lang='grc' dir='ltr'><strong><em>ἐλευθερίως</em></strong></span> <span class='ocrx_word' id='word_1_241' title='bbox 687 2169 727 2219; x_wconf 83' lang='grc' dir='ltr'><strong><em>ζήν.</em></strong></span> 
     </span>
    </p>
   </div>
   <div class='ocr_carea' id='block_1_5' title="bbox 101 2297 940 3043">
    <p class='ocr_par' dir='ltr' id='par_1_10' title="bbox 156 2297 940 2492">
     <span class='ocr_line' id='line_1_29' title="bbox 213 2297 940 2356; baseline 0.004 -16"><span class='ocrx_word' id='word_1_242' title='bbox 213 2300 356 2356; x_wconf 89' lang='grc' dir='ltr'><strong><em>Μητρόδωρος</em></strong></span> <span class='ocrx_word' id='word_1_243' title='bbox 369 2298 381 2342; x_wconf 88' lang='grc' dir='ltr'><strong><em>ό</em></strong></span> <span class='ocrx_word' id='word_1_244' title='bbox 393 2304 446 2349; x_wconf 86' lang='grc' dir='ltr'><strong><em>Χῖος</em></strong></span> <span class='ocrx_word' id='word_1_245' title='bbox 460 2300 499 2354; x_wconf 81' lang='grc' dir='ltr'><strong><em>έφη</em></strong></span> <span class='ocrx_word' id='word_1_246' title='bbox 511 2300 586 2355; x_wconf 80' lang='grc' dir='ltr'><strong><em>μηδένα</em></strong></span> <span class='ocrx_word' id='word_1_247' title='bbox 598 2299 660 2354; x_wconf 78' lang='grc' dir='ltr'><strong><em>μηδὲν</em></strong></span> <span class='ocrx_word' id='word_1_248' title='bbox 672 2300 803 2351; x_wconf 75' lang='grc' dir='ltr'><strong><em>ἐπίστασθαι,</em></strong></span> <span class='ocrx_word' id='word_1_249' title='bbox 818 2297 867 2342; x_wconf 70' lang='lat' dir='ltr'><strong><em>omo}</em></strong></span> <span class='ocrx_word' id='word_1_250' title='bbox 877 2305 940 2343; x_wconf 78' lang='grc' dir='ltr'><strong><em>ταῦτα</em></strong></span> 
     </span>
     <span class='ocr_line' id='line_1_30' title="bbox 156 2364 940 2423; baseline 0.004 -15"><span class='ocrx_word' id='word_1_251' title='bbox 156 2364 170 2407; x_wconf 81' lang='grc' dir='ltr'><strong><em>δὶ</em></strong></span> <span class='ocrx_word' id='word_1_252' title='bbox 181 2369 281 2421; x_wconf 74' lang='grc' dir='ltr'><strong><em>δοκοῦμεν</em></strong></span> <span class='ocrx_word' id='word_1_253' title='bbox 291 2366 395 2423; x_wconf 76' lang='grc' dir='ltr'><strong><em>γινώσκειν</em></strong></span> <span class='ocrx_word' id='word_1_254' title='bbox 411 2367 500 2422; x_wconf 77' lang='grc' dir='ltr'><strong><em>άκριβιῖς</em></strong></span> <span class='ocrx_word' id='word_1_255' title='bbox 512 2367 551 2410; x_wconf 77' lang='grc' dir='ltr'><strong><em>οὐκ</em></strong></span> <span class='ocrx_word' id='word_1_256' title='bbox 564 2365 700 2420; x_wconf 79' lang='grc' dir='ltr'><strong><em>ἐπιστάμεθα,</em></strong></span> <span class='ocrx_word' id='word_1_257' title='bbox 722 2365 769 2409; x_wconf 76' lang='grc' dir='ltr'><strong><em>οὐδὲ</em></strong></span> <span class='ocrx_word' id='word_1_258' title='bbox 780 2372 824 2417; x_wconf 87' lang='grc' dir='ltr'><strong><em>ταῖς</em></strong></span> <span class='ocrx_word' id='word_1_259' title='bbox 834 2367 940 2423; x_wconf 78' lang='grc' dir='ltr'><strong><em>αἰσθήσεσι</em></strong></span> 
     </span>
     <span class='ocr_line' id='line_1_31' title="bbox 156 2433 644 2492; baseline 0 -16"><span class='ocrx_word' id='word_1_260' title='bbox 156 2435 188 2477; x_wconf 88' lang='grc' dir='ltr'><strong><em>δεῖ</em></strong></span> <span class='ocrx_word' id='word_1_261' title='bbox 200 2436 312 2491; x_wconf 86' lang='grc' dir='ltr'><strong><em>προςέγειν,</em></strong></span> <span class='ocrx_word' id='word_1_262' title='bbox 328 2434 409 2490; x_wconf 76' lang='grc' dir='ltr'><strong><em>δοκήσει</em></strong></span> <span class='ocrx_word' id='word_1_263' title='bbox 424 2433 462 2492; x_wconf 88' lang='grc' dir='ltr'><strong><em>γάρ</em></strong></span> <span class='ocrx_word' id='word_1_264' title='bbox 478 2436 519 2478; x_wconf 90' lang='grc' dir='ltr'><strong><em>έστι</em></strong></span> <span class='ocrx_word' id='word_1_265' title='bbox 533 2434 558 2477; x_wconf 85' lang='grc' dir='ltr'><strong><em>τά</em></strong></span> <span class='ocrx_word' id='word_1_266' title='bbox 572 2434 644 2478; x_wconf 76' lang='grc' dir='ltr'><strong><em>πάντα,</em></strong></span> 
     </span>
    </p>

    <p class='ocr_par' dir='ltr' id='par_1_11' title="bbox 214 2502 939 2564">
     <span class='ocr_line' id='line_1_32' title="bbox 214 2502 939 2564; baseline 0.008 -18"><span class='ocrx_word' id='word_1_267' title='bbox 214 2502 351 2563; x_wconf 74' lang='grc' dir='ltr'><strong><em>Πρωταγόρας</em></strong></span> <span class='ocrx_word' id='word_1_268' title='bbox 362 2503 374 2549; x_wconf 88' lang='grc' dir='ltr'><strong><em>ό</em></strong></span> <span class='ocrx_word' id='word_1_269' title='bbox 384 2510 420 2550; x_wconf 79' lang='grc' dir='ltr'><strong><em>τοῦ</em></strong></span> <span class='ocrx_word' id='word_1_270' title='bbox 430 2504 554 2564; x_wconf 87' lang='grc' dir='ltr'><strong><em>Μενάνδρου</em></strong></span> <span class='ocrx_word' id='word_1_271' title='bbox 560 2540 566 2559; x_wconf 96' lang='grc'><strong><em>,</em></strong></span> <span class='ocrx_word' id='word_1_272' title='bbox 580 2502 704 2564; x_wconf 71' lang='grc' dir='ltr'><strong><em>Ἀβδηρίτης,</em></strong></span> <span class='ocrx_word' id='word_1_273' title='bbox 719 2505 758 2562; x_wconf 64' lang='grc' dir='ltr'><strong><em>ἔφη</em></strong></span> <span class='ocrx_word' id='word_1_274' title='bbox 770 2502 798 2562; x_wconf 82' lang='grc' dir='ltr'><strong><em>μή</em></strong></span> <span class='ocrx_word' id='word_1_275' title='bbox 808 2503 871 2558; x_wconf 82' lang='grc' dir='ltr'><strong><em>θεοάς</em></strong></span> <span class='ocrx_word' id='word_1_276' title='bbox 881 2502 939 2562; x_wconf 80' lang='grc' dir='ltr'><strong><em>εἶναι,</em></strong></span> 
     </span>
    </p>

    <p class='ocr_par' dir='ltr' id='par_1_12' title="bbox 101 2573 457 2634">
     <span class='ocr_line' id='line_1_33' title="bbox 101 2573 457 2634; baseline 0.009 -17"><span class='ocrx_word' id='word_1_277' title='bbox 101 2584 103 2587; x_wconf 69' lang='grc'><strong>“</strong></span> <span class='ocrx_word' id='word_1_278' title='bbox 128 2574 129 2577; x_wconf 41' lang='grc'><strong>“</strong></span> <span class='ocrx_word' id='word_1_279' title='bbox 160 2574 210 2630; x_wconf 79' lang='grc' dir='ltr'><strong><em>μηδὲ</em></strong></span> <span class='ocrx_word' id='word_1_280' title='bbox 224 2574 276 2627; x_wconf 74' lang='grc' dir='ltr'><strong><em>ὅλως</em></strong></span> <span class='ocrx_word' id='word_1_281' title='bbox 290 2574 340 2619; x_wconf 87' lang='grc' dir='ltr'><strong><em>θεόν</em></strong></span> <span class='ocrx_word' id='word_1_282' title='bbox 354 2573 457 2634; x_wconf 82' lang='grc' dir='ltr'><strong><em>δπάργειν</em></strong></span> 
     </span>
    </p>

    <p class='ocr_par' dir='ltr' id='par_1_13' title="bbox 157 2643 939 2770">
     <span class='ocr_line' id='line_1_34' title="bbox 214 2643 939 2705; baseline 0.003 -18"><span class='ocrx_word' id='word_1_283' title='bbox 214 2645 312 2702; x_wconf 78' lang='grc' dir='ltr'><strong><em>Διογένης</em></strong></span> <span class='ocrx_word' id='word_1_284' title='bbox 328 2644 477 2703; x_wconf 85' lang='grc' dir='ltr'><strong><em>όΣμυρναῖος,</em></strong></span> <span class='ocrx_word' id='word_1_285' title='bbox 500 2663 551 2688; x_wconf 89' lang='grc' dir='ltr'><strong><em>κατα</em></strong></span> <span class='ocrx_word' id='word_1_286' title='bbox 544 2643 585 2689; x_wconf 91' lang='grc' dir='ltr'><strong><em>δε</em></strong></span> <span class='ocrx_word' id='word_1_287' title='bbox 596 2663 650 2696; x_wconf 87' lang='grc' dir='ltr'><strong><em>τινας</em></strong></span> <span class='ocrx_word' id='word_1_288' title='bbox 664 2650 791 2703; x_wconf 85' lang='grc' dir='ltr'><strong><em>Κυρηναῖος,</em></strong></span> <span class='ocrx_word' id='word_1_289' title='bbox 812 2643 837 2688; x_wconf 81' lang='grc' dir='ltr'><strong><em>τά</em></strong></span> <span class='ocrx_word' id='word_1_290' title='bbox 849 2644 900 2689; x_wconf 78' lang='grc' dir='ltr'><strong><em>αότδ</em></strong></span> <span class='ocrx_word' id='word_1_291' title='bbox 912 2650 939 2705; x_wconf 75' lang='grc' dir='ltr'><strong><em>τῷ</em></strong></span> 
     </span>
     <span class='ocr_line' id='line_1_35' title="bbox 157 2712 387 2797; baseline 0.009 -43"><span class='ocrx_word' id='word_1_292' title='bbox 157 2713 286 2771; x_wconf 72' lang='grc' dir='ltr'><strong><em>Πρωταγόρη</em></strong></span> <span class='ocrx_word' id='word_1_293' title='bbox 300 2712 387 2797; x_wconf 79' lang='grc' dir='ltr'><strong><em>έδόξρσε.</em></strong></span> 
     </span>
    </p>

    <p class='ocr_par' dir='ltr' id='par_1_14' title="bbox 156 2779 939 2975">
     <span class='ocr_line' id='line_1_36' title="bbox 215 2779 939 2840; baseline 0.004 -17"><span class='ocrx_word' id='word_1_294' title='bbox 215 2779 327 2839; x_wconf 87' lang='grc' dir='ltr'><strong><em>Πόρρων’</em></strong></span> <span class='ocrx_word' id='word_1_295' title='bbox 314 2781 354 2825; x_wconf 88' lang='grc' dir='ltr'><strong><em>από</em></strong></span> <span class='ocrx_word' id='word_1_296' title='bbox 363 2781 457 2834; x_wconf 86' lang='grc' dir='ltr'><strong><em>Ἤλιδος,</em></strong></span> <span class='ocrx_word' id='word_1_297' title='bbox 479 2786 519 2824; x_wconf 79' lang='grc' dir='ltr'><strong><em>τῶν</em></strong></span> <span class='ocrx_word' id='word_1_298' title='bbox 530 2779 594 2825; x_wconf 81' lang='grc' dir='ltr'><strong><em>άλλων</em></strong></span> <span class='ocrx_word' id='word_1_299' title='bbox 605 2787 675 2836; x_wconf 81' lang='grc' dir='ltr'><strong><em>σοφῶν</em></strong></span> <span class='ocrx_word' id='word_1_300' title='bbox 685 2800 710 2825; x_wconf 90' lang='grc' dir='ltr'><strong><em>τα</em></strong></span> <span class='ocrx_word' id='word_1_301' title='bbox 704 2781 812 2839; x_wconf 89' lang='grc' dir='ltr'><strong><em>δόγματα</em></strong></span> <span class='ocrx_word' id='word_1_302' title='bbox 821 2781 939 2840; x_wconf 88' lang='grc' dir='ltr'><strong><em>συναγαγων</em></strong></span> 
     </span>
     <span class='ocr_line' id='line_1_37' title="bbox 156 2848 939 2908; baseline 0.005 -18"><span class='ocrx_word' id='word_1_303' title='bbox 156 2848 232 2901; x_wconf 89' lang='grc' dir='ltr'><strong><em>πάντα,</em></strong></span> <span class='ocrx_word' id='word_1_304' title='bbox 249 2848 359 2899; x_wconf 86' lang='grc' dir='ltr'><strong><em>άντιθέσεις</em></strong></span> <span class='ocrx_word' id='word_1_305' title='bbox 370 2849 439 2900; x_wconf 79' lang='grc' dir='ltr'><strong><em>αὐτοῖς</em></strong></span> <span class='ocrx_word' id='word_1_306' title='bbox 449 2851 548 2906; x_wconf 69' lang='grc' dir='ltr'><strong><em>ἔγραψεν,</em></strong></span> <span class='ocrx_word' id='word_1_307' title='bbox 563 2849 679 2908; x_wconf 87' lang='grc' dir='ltr'><strong><em>άνατρέπων</em></strong></span> <span class='ocrx_word' id='word_1_308' title='bbox 690 2849 726 2900; x_wconf 85' lang='grc' dir='ltr'><strong><em>τάς</em></strong></span> <span class='ocrx_word' id='word_1_309' title='bbox 737 2850 798 2900; x_wconf 82' lang='grc' dir='ltr'><strong><em>δόξας</em></strong></span> <span class='ocrx_word' id='word_1_310' title='bbox 808 2848 884 2904; x_wconf 73' lang='grc' dir='ltr'><strong><em>αάτσῖν,</em></strong></span> <span class='ocrx_word' id='word_1_311' title='bbox 904 2853 939 2894; x_wconf 79' lang='grc' dir='ltr'><strong><em>καὶ</em></strong></span> 
     </span>
     <span class='ocr_line' id='line_1_38' title="bbox 158 2915 442 2975; baseline 0.011 -17"><span class='ocrx_word' id='word_1_312' title='bbox 158 2915 227 2959; x_wconf 73' lang='grc' dir='ltr'><strong><em>οὐδενὶ</em></strong></span> <span class='ocrx_word' id='word_1_313' title='bbox 242 2917 327 2972; x_wconf 90' lang='grc' dir='ltr'><strong><em>δόγματι</em></strong></span> <span class='ocrx_word' id='word_1_314' title='bbox 341 2917 442 2975; x_wconf 82' lang='grc' dir='ltr'><strong><em>ἠρέσκετο,</em></strong></span> 
     </span>
    </p>

    <p class='ocr_par' dir='ltr' id='par_1_15' title="bbox 212 2982 939 3043">
     <span class='ocr_line' id='line_1_39' title="bbox 212 2982 939 3043; baseline 0.004 -17"><span class='ocrx_word' id='word_1_315' title='bbox 212 2982 347 3038; x_wconf 80' lang='grc' dir='ltr'><strong><em>Ἐμπεδοκλῆς</em></strong></span> <span class='ocrx_word' id='word_1_316' title='bbox 364 2984 376 3028; x_wconf 87' lang='grc' dir='ltr'><strong><em>ό</em></strong></span> <span class='ocrx_word' id='word_1_317' title='bbox 388 2990 424 3029; x_wconf 80' lang='grc' dir='ltr'><strong><em>τοῦ</em></strong></span> <span class='ocrx_word' id='word_1_318' title='bbox 436 2985 546 3038; x_wconf 86' lang='grc' dir='ltr'><strong><em>Μέτωνος,</em></strong></span> <span class='ocrx_word' id='word_1_319' title='bbox 564 2985 730 3043; x_wconf 78' lang='grc' dir='ltr'><strong><em>Ἀκραγαντῖνος,</em></strong></span> <span class='ocrx_word' id='word_1_320' title='bbox 751 2990 791 3042; x_wconf 81' lang='grc' dir='ltr'><strong><em>πῦρ</em></strong></span> <span class='ocrx_word' id='word_1_321' title='bbox 805 2986 839 3028; x_wconf 87' lang='grc' dir='ltr'><strong><em>καὶ</em></strong></span> <span class='ocrx_word' id='word_1_322' title='bbox 854 2987 939 3043; x_wconf 77' lang='grc' dir='ltr'><strong><em>γῆνκαὶ</em></strong></span> 
     </span>
    </p>
   </div>
   <div class='ocr_carea' id='block_1_6' title="bbox 178 3074 401 3123">
    <p class='ocr_par' dir='ltr' id='par_1_16' title="bbox 178 3074 401 3123">
     <span class='ocr_line' id='line_1_40' title="bbox 178 3074 401 3123; baseline 0.004 -11"><span class='ocrx_word' id='word_1_323' title='bbox 178 3074 194 3112; x_wconf 78' lang='grc'><strong><em>4.</em></strong></span> <span class='ocrx_word' id='word_1_324' title='bbox 205 3076 236 3113; x_wconf 80' lang='grc' dir='ltr'><strong><em>καὶ</em></strong></span> <span class='ocrx_word' id='word_1_325' title='bbox 248 3089 278 3112; x_wconf 80' lang='lat' dir='ltr'><strong><em>om.</em></strong></span> <span class='ocrx_word' id='word_1_326' title='bbox 290 3079 325 3113; x_wconf 80' lang='grc' dir='ltr'><strong><em>ωδ.</em></strong></span> <span class='ocrx_word' id='word_1_327' title='bbox 336 3079 401 3123; x_wconf 73' lang='grc' dir='ltr'><strong><em>Βοιδῖς.</em></strong></span> 
     </span>
    </p>
   </div>
   <div class='ocr_carea' id='block_1_7' title="bbox 0 0 998 3392">
    <p class='ocr_par' dir='ltr' id='par_1_17' title="bbox 0 0 998 3392">
     <span class='ocr_line' id='line_1_41' title="bbox 0 0 998 3392; baseline 0 0"><span class='ocrx_word' id='word_1_328' title='bbox 0 0 998 3392; x_wconf 95' lang='lat' dir='ltr'><strong><em> </em></strong></span> 
     </span>
    </p>
   </div>
  </div>
 </body>
</html>
