1988 3392
230 257 323 294 canaan
336 259 379 293 ure.
388 260 419 294 tn.
429 260 486 295 rom.
494 261 508 294 r.
520 260 589 294 naun.
597 259 672 294 Lxxv.
801 253 843 294 177

59 337 295 393 consubstantialitatem,
312 340 432 397 inperfecta
443 342 494 394 tria,
510 342 545 384 sed
557 355 618 385 unam
630 340 766 394 divinitatem,
784 356 843 385 uuam

58 407 200 460 substantiam,
217 423 276 451 unam
289 408 385 466 gloriam,
401 410 554 454 dominationem
565 425 638 462 uuam,
658 410 710 466 quod
722 423 758 453 eae
772 424 842 465 voces,

59 479 168 526 Credamus,
191 485 210 518 et
226 480 336 529 Credimus,
359 486 380 520 et
396 481 495 521 Credimus
508 480 618 523 declarant.
661 478 694 521 Ex
711 493 750 535 quo
766 480 845 522 illarum

58 546 171 589 contutatur
181 546 254 589 oratio.
285 545 338 604 erid
350 555 416 592 autem
428 550 449 591 in
460 563 483 592 ea
493 563 536 593 sum
545 549 677 608 disputatione
688 548 778 605 longior,
800 562 846 591 cum

58 629 110 672 quae
120 616 218 661 adversus
228 612 279 661 istos
289 618 391 675 hucusque
403 618 513 661 dictasunt
527 618 618 662 veritatis
629 618 725 662 studiosis
736 617 785 661 satis
800 631 846 661 esse

57 700 98 729 non
111 686 212 730 dubitem?
241 685 342 745 Quocirca
353 688 435 731 missam
448 695 469 731 et
480 688 531 731 hanc
542 689 641 731 haeresim
654 689 739 740 luciam,
756 695 776 729 et
787 687 846 730 deum

57 756 167 812 precabor,
183 763 205 799 ut
215 756 239 799 ad
252 771 322 800 omues
332 757 429 799 eiusmodi
440 757 575 814 profligandos
585 773 643 814 opem
654 757 712 800 nobis
723 757 807 808 aderat,
824 763 846 797 ut

57 824 110 884 illius
126 825 201 867 virtute
217 825 264 868 lreti
278 826 331 882 quod
342 825 467 884 suscepimus
482 825 568 883 exequi,
591 827 648 868 etin
663 826 755 869 omnihus
769 824 846 882 gratias

58 892 131 935 hahere
146 894 254 951 possimus.

91 1010 264 1061 ADVERSUS
282 1009 416 1061 nemun.
450 1010 560 1060 Haeresis
573 1009 633 1073 tv,
650 1011 699 1061 sire
714 1010 810 1061 LXXV.

114 1100 189 1143 Aiirius
205 1101 285 1158 quidam
300 1100 377 1157 ingenti
392 1100 475 1158 perinde
490 1101 562 1143 damno
574 1102 596 1143 iu
610 1102 703 1144 mundum
715 1102 841 1144 introductus
861 1104 903 1150 Gap·
915 1106 929 1139 l·

56 1177 100 1222 est,
122 1169 178 1212 iuriis
193 1170 310 1226 quibusdam
328 1169 429 1226 percitus,
451 1177 472 1211 et
488 1170 595 1213 insolentia
611 1171 706 1212 maiorem
725 1170 746 1212 in
762 1170 842 1212 modum

55 1239 128 1281 elatus.
159 1237 239 1281 Etenim
255 1239 344 1281 haeresis
359 1237 425 1280 omnis
443 1238 531 1295 pessimo
551 1252 579 1281 ex
598 1253 667 1282 eorum
689 1239 722 1295 qui
743 1239 768 1281 ab
786 1239 845 1281 initio

55 1321 119 1364 usque
136 1308 160 1350 ad
171 1307 230 1350 linem
242 1308 353 1350 extiterunt
362 1307 447 1350 consilio
457 1309 559 1363 proiectae
570 1315 629 1360 sunt,
650 1308 694 1350 sire
707 1307 753 1350 illos
767 1308 845 1364 gloriae

56 1376 161 1432 cupiditas,
177 1384 211 1419 aut
220 1376 344 1431 arrogantia,
360 1375 404 1418 sive
413 1376 536 1433 voluptatum
546 1376 615 1435 libido,
629 1377 673 1419 sire
684 1376 767 1419 aliorum
777 1390 845 1419 aemu-

55 1444 115 1496 latio,
136 1444 180 1486 sive
196 1445 303 1486 commotio
314 1444 410 1501 quaedam
424 1444 496 1497 animi,
517 1451 552 1486 aut
567 1445 670 1487 temeritas
685 1444 793 1500 impulerit.
825 1445 844 1487 A

56 1512 135 1555 diabolo
150 1527 210 1570 porro
226 1513 290 1555 omnis
302 1512 335 1555 illa
345 1520 377 1555 est
388 1512 462 1555 indicta
475 1513 575 1565 caecitas,
597 1527 637 1555 non
650 1514 701 1569 quod
715 1513 747 1555 hic
760 1512 844 1555 invitum

55 1595 79 1623 ac
90 1582 191 1623 uolentem
202 1581 295 1638 decipere
304 1581 415 1639 quempiam
427 1581 498 1639 possit,
513 1583 549 1624 sed
558 1583 610 1638 quod
621 1581 757 1638 unusquisque
768 1581 846 1639 peceati

56 1649 94 1692 sibi
109 1663 182 1693 caussa
192 1656 252 1706 atque
264 1657 335 1692 auctor
345 1650 384 1701 sit,
407 1658 430 1691 ct
439 1654 475 1705 qni
485 1652 567 1704 probuti
577 1658 634 1700 sunt,
656 1651 732 1708 iuquit,
747 1652 847 1704 manifesti
862 1654 878 1716 ¹¹1·
888 1652 924 1717 ligr·

55 1721 168 1761 reddentur.
201 1717 275 1761 Acrius
291 1720 329 1761 iste
340 1733 389 1761 veru
406 1719 431 1760 ad
444 1718 561 1761 hodiernum
572 1732 635 1776 usque
647 1726 724 1775 tempus
736 1726 843 1774 superest3
880 1709 884 1723 ’
910 1708 914 1716 ’

55 1795 126 1843 estque
139 1794 195 1830 secta
204 1787 283 1843 penitus
294 1787 391 1829 Arianus.
422 1785 495 1844 Neque
510 1787 563 1829 enirn
579 1787 639 1829 aliter
651 1795 711 1843 atque
723 1786 763 1829 iste
773 1787 844 1838 sentit,

55 1855 96 1898 imo
108 1855 168 1898 etiam
179 1855 250 1898 Arium
261 1855 325 1912 ipsum
337 1855 450 1911 dogmatum
463 1855 554 1898 novitate
566 1855 676 1912 superavit.
708 1854 762 1912 Quin
775 1855 812 1897 hac
824 1856 845 1896 in

5 1951 8 1962 ι.
56 1931 113 1981 parte
124 1924 211 1981 linguam
223 1915 282 1966 suani
290 1924 419 1981 procudisse,
441 1926 494 1966 etad
505 1924 610 1966 dicendum
620 1930 723 1981 promptus
734 1937 780 1967 esse
790 1923 846 1966 vide·

56 1999 100 2045 tur,
122 1999 144 2034 ut
154 1993 281 2049 deceptorum
293 1992 393 2034 hominum
404 1992 528 2043 exercitum,
551 2005 660 2048 eorumque
673 1991 744 2048 quibus
755 2000 776 2033 et
786 2000 948 2039 amnesamnes.

53 2064 148 2115 pruriunt
158 2067 178 2102 et
190 2061 267 2103 animus
277 2061 366 2102 svanitate
378 2059 533 2116 arrogantiaque
545 2060 643 2102 distentus
654 2068 686 2103 est
698 2061 845 2103 multitudinem

57 2130 81 2171 ad
95 2142 141 2172 sese
150 2129 243 2186 pelliciat.
274 2126 354 2170 Etenim
365 2142 458 2184 maguum
471 2135 492 2170 et
505 2128 539 2170 ille
550 2141 629 2184 qnoque
641 2143 738 2184 nugarum
751 2143 775 2170 aa
787 2129 845 2170 iabu-

56 2197 120 2240 larum
131 2197 207 2255 copiam
217 2197 238 2239 in
247 2196 353 2238 humanum
360 2210 425 2253 genus
434 2196 521 2238 invexit.
552 2194 610 2252 Quae
622 2195 701 2239 tametsi
710 2195 844 2253 prudentiori·

57 2266 94 2309 bus
110 2265 194 2308 ridicula
210 2265 313 2318 videatur,
335 2265 463 2307 nihilominus
475 2265 575 2322 plerisque
587 2279 623 2321 per
632 2264 686 2306 illam
697 2264 803 2321 imposuit,
824 2272 846 2307 et

57 2335 79 2378 in
90 2348 181 2377 errorem
191 2334 282 2376 abduxit.
313 2331 360 2376 nuit
370 2332 402 2376 hic
414 2332 514 2376 Eustathii
525 2332 632 2376 Sebastiae
642 2332 731 2390 episcopi
742 2334 805 2390 (quae
815 2341 846 2376 est

57 2404 78 2446 in
90 2401 150 2445 Ponti
166 2403 249 2460 regione
260 2402 304 2445 sive
315 2402 398 2444 minoris
411 2401 531 2456 Armeniae)
544 2402 626 2445 sodalis.
657 2401 724 2443 Ambo
737 2403 790 2444 euim
803 2416 846 2444 mo·

58 2472 156 2515 nastieum
167 2471 221 2513 vitae
231 2485 295 2526 genus
305 2471 392 2527 amplexi
403 2476 457 2513 suut.
489 2468 540 2514 Cum
550 2479 616 2513 autem
627 2469 746 2513 Eustathius
762 2471 788 2512 ad
805 2470 847 2527 epi-

59 2547 163 2597 scopatum
173 2546 228 2582 esset
239 2546 332 2591 evectus,
350 2539 437 2593 Aerios,
453 2539 491 2581 etsi
502 2539 521 2581 id
536 2553 657 2596 magnopere
668 2545 763 2595 cuperet,
780 2552 806 2581 en
817 2545 847 2581 ta-

59 2623 105 2652 men
117 2608 223 2666 pervenire
240 2621 280 2649 non
295 2607 366 2664 potuit.
398 2606 451 2650 Hinc
465 2607 555 2650 simultas
566 2621 594 2649 ex
607 2607 740 2649 aemulatione
751 2607 844 2650 cantata.

59 2676 88 2721 Et
103 2677 182 2735 quidem
198 2675 315 2719 Eustathius
331 2674 395 2718 Adria
410 2676 514 2732 plurimum
532 2675 636 2732 indulgere
653 2683 674 2718 et
691 2675 782 2718 addictus
800 2689 847 2719 esse

59 2748 115 2790 visus
127 2754 167 2789 est.
195 2744 249 2789 Nam
259 2751 280 2787 et
293 2743 431 2801 presbyterum
443 2745 495 2787 hune
504 2752 574 2802 postea
585 2746 670 2797 creavit,
686 2744 846 2798 etxeuodocltii,

60 2817 112 2873 quod
125 2814 296 2874 ptochotrophium
311 2813 331 2854 iu
342 2810 408 2855 Ponto
420 2821 516 2866 vocatur,
537 2828 604 2856 curam
617 2814 636 2856 ei
648 2813 754 2856 commisit.
785 2812 847 2856 Eius·

60 2885 113 2928 modi
125 2885 196 2942 quippe
206 2882 306 2926 domicilia
316 2895 364 2940 prae
375 2896 444 2926 amore
455 2896 503 2939 erga
515 2882 603 2939 hospites
615 2883 640 2926 ab
652 2883 782 2927 eeclesiarum
796 2882 847 2924 auti·

61 2954 141 2998 stitibus
152 2952 238 2997 excitari
247 2952 324 3006 solent,
344 2950 447 3008 inquibus
460 2952 560 2995 mutilatos
575 2959 595 2994 et
610 2952 721 2996 imbecillos
739 2952 846 3004 collocant,

61 3023 126 3080 iisque
141 3023 166 3066 ad
180 3022 254 3065 rictum
270 3021 383 3065 necessaria
399 3035 436 3078 pro
450 3021 503 3065 virili
518 3020 652 3079 suppeditant.

61 3118 139 3158 complent
155 3116 226 3157 lineum,
246 3117 306 3149 omissa
323 3118 359 3149 snat
375 3115 393 3147 in
409 3115 443 3148 cad,
455 3115 521 3157 Rhedip.

98 3173 158 3209 corpus
166 3170 257 3199 Haereseot.
264 3167 284 3198 11.
292 3170 307 3199 3.
