1988 3392
151 222 194 263 552
439 227 651 261 ελαστιωειειειαιι

153 302 233 359 ’ὗμετοί
247 303 270 347 τό
288 302 552 361 εύαγγελισθῆναιΜαριοίμ
566 305 588 346 ἐν
605 303 706 359 Ναζαρέτ,
726 303 759 344 καί
772 308 937 357 7τ”σννειλῆφθαι

151 372 187 416 τόν
198 371 259 428 λόγον
271 371 307 416 τόν
321 372 368 416 όντα
380 371 415 415 ἄπ’
428 371 518 427 ούρανοῦ
534 373 556 415 ἐκ
570 370 652 414 κόλπων
667 369 776 429 πατρῴων,
796 373 938 428 γεγεννημένον

153 440 244 500 ἀχρόνως
260 443 295 485 καὶ
308 440 411 499 όινόρχως,
432 440 517 485 ἐλθόντα
528 441 549 485 δέ
559 438 589 485 ἐπ’
601 438 688 497 ἐσχάτων
703 444 743 484 τῶν
753 438 833 500 ἡμερῶν
844 439 895 485 θεόν
905 438 938 485 λύ-

153 531 190 572 γον
201 510 250 557 όντα
261 515 283 558 ἐκ
294 517 346 557 θεοῦ
357 510 433 570 πατρός
443 510 547 568 ἀληθινῶς
557 513 709 571 γεγεννημένον,
731 509 840 568 δμοούσιον
852 511 901 557 όντα
910 517 938 571 τῷ

153 585 226 641 πατρὶ,
246 585 280 627 καὶ
299 583 359 626 οὐδέν
375 581 431 639 παρώ
448 582 483 626 τόν
495 584 572 640 πατέρα
588 582 764 638 Πήλλοιωμένον,
785 580 826 627 ἀλλ’
841 580 939 639 δίτρεπτον

154 652 203 697 όντα
216 655 250 697 καὶ
262 651 404 704 όναλλοίωτον,
424 651 497 707 όπαθῇ
506 669 527 695 τε
539 651 601 704 δλως,
621 651 763 708 σομπιίσχοντα
778 653 838 712 δέτῷ
850 650 939 711 ἡμετέρῳ

153 724 215 780 γένει,
230 722 265 765 καὶ
277 720 363 764 ἐλθόντα
377 720 411 764 ἀπ’
423 719 522 776 ούρανοῦ,
544 722 709 777 ἐγκυμονηθέντα
725 720 764 764 οόκ
777 719 816 764 όπό
828 722 940 776 σπέρματος

155 788 241 845 οἷνδρός,
265 788 305 832 ἀλλ’
322 787 363 832 όπό
381 788 496 843 πνεύματος
511 787 571 845 ἆγίου
589 787 700 843 ἅληθινοῖς,
723 794 781 843 σῶμα
797 787 838 832 ἀπό
855 791 940 844 Μαρίας

155 857 262 913 ἐσχηκότα,
284 856 426 899 νἰναπλόσαντα
443 858 508 914 ἑαυτῷ
518 856 555 909 τήν
566 856 631 912 σάρκα
641 855 682 900 dud
693 863 730 911 τῆς
742 856 818 911 μήτρας
828 861 863 909 τῆς
875 854 940 911 ύγίας,

155 924 225 978 ψυχήν
235 923 272 977 την
283 923 416 979 ἀνθρωπίνην
431 923 538 977 εἰληφότα,
560 925 595 965 καὶ
605 929 665 975 νοῦν,
686 926 720 966 καὶ
731 928 773 966 πᾶν
784 926 804 965 εἷ’
810 941 829 965 τι
841 925 894 964 ἐστιν
906 920 941 964 δίν-

155 999 242 1050 θρωπος
256 994 284 1042 εἰς
296 991 368 1035 ἑαυτόν
378 996 402 1051 τῇ
419 992 491 1035 ἑαυτοῦ
506 990 588 1046 θεότητι
598 989 748 1044 συνενώσαντα,
769 991 910 1048 γεγεννημένον
921 1008 941 1034 τε

157 1063 178 1106 ἐν
188 1061 292 1117 Βηθλεέμ,
307 1061 467 1120 περιτμηθέντα,
481 1062 636 1119 προςενεχθέντα
648 1063 670 1106 ἐν
681 1059 835 1121 Ἱεροσολύμοις,
858 1062 941 1118 ἐναγκα-

157 1135 251 1177 λισθέντα
267 1130 308 1177 διιό
325 1132 421 1189 Συμεών,
441 1131 634 1191 όνθομολογηθέντα
649 1132 689 1178 ύπό
702 1132 778 1189 ’Ἁννης
792 1138 828 1189 τῆς
845 1138 881 1177 τοῦ
899 1136 941 1176 Φα·

157 1203 221 1259 νουηλ
231 1204 368 1260 προφήτιδας,
390 1205 525 1258 78ληφθέντα
540 1205 568 1253 εἰς
586 1205 687 1261 Ναζαρέτ,
709 1203 796 1247 ἐλθόντα
807 1208 836 1262 τρῖ
848 1205 893 1258 ἑξῆς
903 1205 941 1246 ἐνι·

159 1278 213 1331 αυτῷ
223 1271 316 1327 όφθίχναι
327 1271 413 1316 ἐντόπιον
424 1277 507 1328 κυρίου,
522 1271 628 1330 γενόμενόν
638 1290 658 1316 τε
670 1274 690 1323 ἐν
703 1273 795 1327 Βηθλεὲμ
805 1270 885 1326 διαί-την
896 1287 942 1328 σογ-

157 1344 248 1400 γένειαν,
268 1339 309 1385 ύπό
326 1347 361 1396 τῆς
381 1341 455 1397 μητρός
470 1341 626 1396 βασταζόμενον,
650 1336 713 1392 αὖθις
729 1340 790 1384 πόλιν
806 1343 835 1391 εἰς
852 1341 944 1397 Ναζαρέτ

159 1409 287 1467 ἅπαρθέντα,
308 1410 341 1451 καὶ
358 1409 408 1452 κατὰ
419 1411 513 1465 δευτέραν
524 1413 620 1467 περίοδον
633 1412 730 1453 ἐνιαυτοῖν
741 1412 769 1460 εἰς
781 1408 806 1451 τοί
817 1408 943 1466 Ἱεροσόλυμα

159 1477 281 1533 ἐληλυθότα,
296 1478 442 1532 βασταζόμενον
452 1476 492 1520 ύπό
503 1484 539 1532 τῆς
550 1480 603 1527 ἰδίας
613 1477 699 1534 μητρός·
720 1480 742 1520 ἐν
752 1478 844 1532 Βηθλεὲμ
857 1480 879 1520 ἐν
889 1479 943 1535 οἰκίᾳ

158 1546 282 1588 κατελθόντα
294 1544 331 1586 σόν
342 1550 367 1602 τῇ
378 1547 419 1602 ι’δίγ
432 1547 492 1600 μητρί
501 1546 536 1586 καί
546 1544 631 1598 Ἰωσὴφ,
652 1546 731 1601 γέροντι
741 1543 795 1593 όντι,
810 1544 848 1586 σόν
859 1549 883 1602 τῇ
896 1549 944 1586 Μα-

160 1612 208 1668 ριόμ
219 1613 241 1654 δέ
251 1610 303 1663 όντι,
318 1609 398 1653 κόκεῖσε
408 1616 437 1669 τῷ
448 1613 534 1670 δευτέρῳ
545 1614 583 1654 ἐτει
593 1616 629 1664 τῆς
641 1612 705 1654 αὐτοῦ
715 1611 824 1668 γεννήσεως
835 1628 943 1654 κατοπτευ-

159 1680 234 1733 θένεα,
254 1681 311 1737 δώρα
322 1679 419 1733 λαβόντα,
441 1680 475 1722 καί
486 1681 508 1722 ἐν
519 1678 571 1739 αύτῇ
585 1683 639 1739 79τῇ
650 1681 707 1722 νυκτὶ
717 1678 758 1723 ύπό
772 1680 855 1738 ἀγγέλου
866 1686 894 1740 τῷ
903 1679 943 1723 Ἰω-

161 1749 203 1807 σὴφ
214 1751 369 1808 χρηματίσαντος
380 1750 408 1800 εἰς
417 1750 522 1807 Αἴγυπτον
534 1751 734 1807 80παραληφθέντα,
750 1752 784 1795 καὶ
795 1749 944 1807 κατεληλυθότα

161 1823 239 1865 ἐκεῖθεν
253 1819 324 1873 πόλιν,
340 1818 374 1864 διό
386 1819 424 1864 δύο
438 1822 487 1864 ἐτῶν
504 1819 653 1876 διεληλυθότα,
672 1822 823 1878 τελευτήσαντος
834 1827 871 1866 τοῦ
882 1820 944 1878 Ἡρώ-

161 1894 210 1945 δου,
224 1889 330 1948 Ἀρχελάου
346 1890 367 1933 δέ
382 1891 532 1945 διαδεξαμένου.

221 1966 254 2019 Τῷ
270 1959 309 2018 γαρ
326 1964 436 2017 τριακοστῷ
452 1962 511 2018 τρίτῳ
526 1957 628 2016 Ἡρώδου,
651 1965 800 2019 τεσσαρακοστῷ
819 1962 841 2004 δέ
859 1962 944 2018 δευτέρῳ

161 2027 281 2085 Αύγούστον
293 2034 329 2071 τοῦ
338 2029 440 2082 βασιλέως,
455 2032 548 2084 γεννᾶται
558 2025 570 2069 ό
582 2027 647 2084 σωτὴρ
658 2031 680 2072 ἐν
690 2030 783 2084 Βηθλεέμ
793 2032 829 2083 τῆς
837 2029 944 2079 Ἰουδαίας.

79 2129 113 2158 pag.
123 2121 154 2151 136.
164 2097 247 2140 Κότεισι
260 2097 282 2138 δέ
293 2098 321 2146 εἰς
335 2098 442 2151 Αίγοπτον
459 2100 487 2153 τῷ
505 2100 615 2153 τριακοστῷ
632 2098 716 2154 πέμπτῳ
728 2096 830 2150 Ἡρώδου,
850 2096 913 2139 όίνεισι
924 2098 946 2139 δέ

161 2164 197 2208 ἄπ’
211 2164 318 2220 Αἰγύπτου
338 2163 387 2217 μετα
404 2162 441 2216 την
458 2162 549 2217 Ἡρώδου
566 2163 662 2217 τελευτήν.
693 2164 725 2206 Δι’
742 2159 770 2206 οἷν
788 2165 821 2206 ἐπὶ
838 2163 946 2217 τριάκοντα

161 2230 211 2273 ἓπτοῖ
227 2233 277 2272 ἐτεσι
293 2235 329 2283 τῆς
346 2230 409 2283 αὐτῆς
425 2234 461 2271 τοῦ
472 2228 563 2283 Ἡρώδου
578 2229 641 2285 αἰρχῆς
651 2226 677 2284 ἦν
689 2229 700 2272 ό
713 2238 761 2279 παῖς
773 2230 873 2286 τεσσάρων
889 2232 945 2283 ἐτῶν,

162 2297 194 2341 ότε
209 2296 300 2356 Ἡρώδης
317 2296 435 2354 τριακοστόν
451 2298 539 2353 ἕβδομον
552 2297 660 2355 πληρώσας
677 2299 829 2356 81κατέστρεφε
844 2297 880 2343 τόν
895 2301 945 2353 βίον.

158 2369 266 2425 Ἀρχέλαος
276 2368 297 2411 δὲ
309 2368 366 2410 ἐννέα
381 2367 414 2422 ἐτη
425 2365 535 2421 βασιλεύει,
558 2364 616 2419 82ώς
628 2365 686 2419 ἐξιών
699 2365 773 2424 Ἰωσὴφ
785 2366 826 2424 δίμα
836 2373 861 2430 τῇ
873 2370 946 2429 Μαρία

162 2439 197 2482 καὶ
208 2442 237 2498 τῷ
246 2440 331 2498 παιδίῳ,
348 2436 437 2489 ἀκούσας
448 2436 482 2481 τόν
494 2436 597 2496 Ἀρχέλαον
610 2438 731 2495 βασιλεύειν,
747 2437 870 2497 οἷνεχώρησεν
884 2442 911 2491 είς
922 2439 947 2483 τό

164 2510 214 2566 μέρη
228 2514 251 2541 ⁸³
258 2511 370 2561 Γαλιλαίας,
385 2510 420 2552 καὶ
430 2507 545 2567 κατῴκησεν
555 2510 583 2558 εἰς
594 2513 618 2539 ⁸⁴
625 2510 721 2565 Ναζαρέτ.
738 2508 845 2566 Ἀρχέλαος
856 2510 878 2552 δέ
887 2514 947 2569 γεννᾷ

163 2577 199 2621 τόν
208 2576 299 2635 Ἡρώδην
309 2577 344 2621 τόν
354 2577 460 2634 νεώτερον,
479 2578 514 2620 καὶ
525 2577 622 2632 βασιλεύει
632 2576 722 2635 Ἡρώδης
731 2582 759 2636 τῷ
774 2577 849 2636 ἐννοίτφ
861 2579 899 2621 ἐτει
911 2584 947 2633 τῆς

165 2650 201 2690 τού
212 2646 287 2703 πατρός
296 2649 396 2702 βασιλείας
404 2644 512 2703 Ἀρχελάου
522 2644 573 2688 κατοί
583 2646 685 2701 διαδοχήν.
707 2648 748 2689 Καὶ
758 2648 826 2702 γέγονε
833 2648 948 2704 λογιζόμενα

164 2718 257 2771 δεκατρία
270 2716 303 2769 έτη
312 2721 337 2775 τῇ
350 2714 439 2773 ἐνσοίρκῳ
451 2718 540 2770 Χριστοῦ
552 2719 658 2772 παρουσία.
687 2714 862 2774 Ὀκτωκαιδεκιίτῳ
875 2718 897 2759 δὲ
909 2719 948 2759 έτει

186 2852 215 2886 75.
233 2853 320 2891 petavius,
344 2862 376 2884 κοιι
395 2854 449 2892 agnito
469 2852 545 2883 orationis
567 2857 623 2883 autem
635 2857 724 2894 postquam
736 2852 813 2884 nuntium
825 2856 859 2885 τελλ.

163 2898 264 2936 amaluino,
275 2898 380 2936 supplendum
388 2899 452 2936 μυλονιι
461 2905 481 2928 ον
488 2896 544 2929 Pana·
590 2895 617 2929 λδ.
636 2895 766 2940 οννειληφῆέιαι
782 2898 816 2929 cod.
827 2900 860 2930 Ιαι.
874 2901 888 2930 ελ
904 2899 947 2930 editi.

163 2944 188 2974 κιο
199 2942 217 2976 αἱ
227 2941 318 2986 μετέπειτα
332 2941 385 2976 πᾶσαι
396 2939 483 2986 γεγόνασιν
499 2939 544 2983 αἱρέ-
568 2939 709 2985 συνειληφδαῖναι
724 2943 758 2975 cod.
775 2944 841 2986 Βασιλίς.
872 2945 948 2986 συνειλη-

165 2999 211 3026 σεις,
231 2985 275 3031 λέγω
294 2984 324 3029 δὴ.
354 2989 375 3020 Et
393 2990 480 3020 comorius
499 2989 545 3018 vertit
567 2987 616 3030 φέναι
625 2990 672 3020 habet
683 2998 739 3030 αιατγο
751 2991 819 3030 exempli
828 2991 896 3032 δολιοίλ,
908 2992 948 3032 siglo

164 3032 248 3079 Deinceps
258 3046 299 3067 vero
307 3033 405 3079 postipsius
413 3032 504 3067 adventum
512 3044 544 3077 po·
567 3036 587 3067 M.
612 3036 696 3077 adscripto.
725 3035 837 3083 συνειλῆφθαι
859 3039 948 3072 emendavit

164 3081 243 3117 steriores
255 3093 312 3116 omnes
323 3081 400 3116 haereses
412 3081 491 3124 suerunt,
504 3079 543 3114 dico
566 3086 600 3117 ιάιιι
612 3084 694 3116 Petamus.
