1988 3392
137 211 180 253 204
425 220 634 254 ειωοτιιιειειεεαιι

338 296 389 315 εῖτ
470 294 475 309 λ

137 297 162 337 τά
171 297 243 344 τέλεια,
259 295 312 339 ὅτιτί
322 315 367 347 υιος
380 315 402 340 εκ
411 312 497 351 κατρος,
512 297 585 346 τέλειος
597 298 620 339 ἐκ
631 299 714 346 τελείου,
735 297 808 339 τέλειον
819 296 841 339 δὲ
852 298 886 340 καλ
896 299 919 344 τδ

138 362 196 421 ῶγιου
210 369 294 419 πνεῦμα.

45 435 91 486 Κεφ.
103 437 127 486 η’,
192 433 245 481 Ἀπί
257 440 304 494 μιᾶς
319 436 353 481 καί
368 435 461 495 δευτέρας
471 436 506 481 καλ
522 438 588 495 τρίτης
599 437 707 496 μαρτυρίας
718 429 774 481 οὗτοι
786 437 921 496 φωραθήσον,

138 525 176 550 ται.
206 510 235 551 Εἰ
243 506 281 566 γάρ
293 507 343 558 ὅλως
353 505 477 563 ὁμολογεῖται
488 505 521 550 ὑπ’
534 505 597 551 αὐτοῦ
608 508 757 564 γεγεννημένος,
773 503 921 565 δμολογηθησε-

138 595 170 619 ται
181 575 232 622 εἶναι
243 579 352 633 ἐπάναγκες
364 576 434 631 δ’μοιος
445 580 473 635 τῷ
482 575 612 633 γεγεννηκότι.
642 581 710 631 Δῆλον
722 576 743 619 δέ
754 574 784 619 ὅτι
794 578 815 620 ἐν
824 574 921 637 λόγηδμέν

138 647 189 703 λέγει
197 646 220 689 τδ
232 647 329 703 γέννημα,
343 649 415 700 κτίσμα
428 646 449 688 δέ
462 650 532 698 σαφῶς
543 647 582 700 έχει
593 647 656 688 τεκαὶ
669 647 790 688 πεπίστευκε.
821 647 878 689 Κατά
886 647 919 702 γά-

139 732 171 769 ριν
181 715 203 757 δὲ
213 720 315 756 καλεῖσθαι
326 713 389 756 αὐτὸν
401 712 456 765 υίδν,
473 712 500 763 ῶς
511 716 627 768 ἐδοκίμασεν
637 712 650 756 ά
662 711 796 768 1άριγνῶμων
808 718 848 756 τῶν
860 709 919 757 έπου·

138 785 223 836 ραυίτον,
238 782 272 822 καί
282 780 374 835 μεριστης
383 785 424 823 τῶν
433 779 561 835 άδιαιρέτων,
575 783 610 823 καί
620 781 732 836 γεωμέτρης
742 785 779 833 τῆς
787 779 883 837 ἡμετέρας
893 783 922 831 είς

140 847 228 901 Χριστδν
237 851 340 903 σωτηρίας.
355 892 357 898 ,
370 851 478 889 Διαπίπτει
490 849 511 890 δὲ
521 846 533 890 δ
543 846 625 890 πάντων
635 846 713 889 τούτων
722 846 780 902 λόγος
790 852 829 890 τῶν
840 847 921 902 κτισμά-

138 933 178 958 των
194 913 256 959 αάτδν
272 914 457 973 παρειςφεράντων,
478 914 506 968 ῶς
521 918 554 960 καί
570 914 583 959 ά
597 913 670 959 τοάτου
689 922 781 960 πεσεῖται.
811 918 870 970 Λέξον
883 915 921 977 γάρ

138 984 189 1044 πρδς
206 984 269 1032 αὐτδν
284 985 411 1043 δικαιότατα,
426 989 479 1046 Λέγε
492 1006 537 1045 μοι,
558 982 574 1033 ῶ
590 981 660 1043 οὗτος,
682 991 700 1032 τί
712 986 737 1032 δν
750 989 814 1047 λέγοις
828 991 873 1047 περὶ
886 994 922 1034 τοῦ

139 1060 186 1101 υίοῧ
198 1064 235 1101 τοῦ
244 1064 294 1103 θεοῦ
298 1078 305 1112 ,·
320 1062 392 1114 κτίσμα
402 1057 463 1103 αάτδν
476 1059 570 1113 φάσκεις,
585 1058 707 1116 ἢγέννημας
727 1061 745 1102 εί
756 1060 792 1114 μέν
801 1059 839 1118 γάρ
851 1062 922 1114 κτίσμα

140 1126 201 1170 αὐτῶν
211 1129 272 1185 λέγεις
287 1127 348 1181 εἶναι,
383 1129 439 1182 ηκέτι
451 1133 544 1178 πιθανῶς
556 1127 686 1184 παράκρυπτε
698 1127 734 1182 τὴν
743 1126 818 1182 λύμην,
839 1126 923 1183 ὀνόματι

53 1221 88 1251 pag.
96 1215 127 1245 οτι,
139 1198 227 1252 γέννημα
239 1196 301 1239 αάτδν
313 1201 380 1239 καλῶν
392 1202 428 1239 τοῦ
440 1197 521 1252 πατρίς.
552 1201 600 1238 Πάν
614 1195 651 1252 γάρ
662 1195 685 1239 τδ
694 1195 773 1240 κτιστάν
783 1196 809 1239 οά
819 1196 921 1252 γεννητόν·

139 1265 173 1306 καὶ
185 1266 204 1305 εἰ
213 1262 316 1319 γεννητῶν,
337 1263 361 1307 οὗ
372 1263 458 1307 κτιστάν.
482 1263 559 1306 Ἔασον
571 1268 639 1306 τοίνυν
651 1262 673 1306 τά
687 1263 735 1317 μήτε
745 1263 798 1321 λέγω
807 1266 869 1319 λέγειν
880 1281 923 1319 γεν·

138 1331 208 1384 νητόν·
229 1332 254 1373 οὗ
265 1329 302 1386 γάρ
314 1332 386 1385 πρέπει
400 1345 432 1373 σοι
444 1331 495 1380 ὅλως
506 1330 546 1374 κάν
558 1332 587 1373 ἓνὶ
602 1330 655 1388 λόγῳ
667 1332 736 1386 φέρειν
748 1336 782 1384 τῆς
794 1330 889 1385 άληθείας
898 1330 923 1373 τά

139 1397 218 1453 ῥήματα
230 1399 264 1441 ἐπὶ
276 1398 359 1453 χειλέων.
387 1396 444 1440 Ἀλλά
459 1400 501 1455 λέγε
516 1413 553 1441 σου
565 1396 586 1442 τδ
598 1403 639 1441 πᾶν
652 1403 688 1452 τῆς
701 1399 820 1453 ἐπιβουλῆς,
840 1400 873 1442 ίνα
885 1396 922 1453 μά-

140 1474 210 1524 θωμεν
219 1470 249 1518 τίς
259 1464 288 1521 εἶ,
302 1468 336 1511 καί
349 1466 414 1519 οὕτως
424 1465 561 1527 άποφάγοιμεν
571 1465 611 1513 άπδ
622 1471 658 1525 της
671 1469 779 1525 ἐπιβουλῆς
791 1484 838 1522 σου,
854 1465 923 1528 άγρευ-

139 1538 163 1584 τά
173 1544 213 1583 τῶν
225 1543 308 1596 ψυχῶν,
323 1540 357 1582 καὶ
370 1541 462 1596 έπίβουλε
471 1545 512 1584 τῶν
523 1554 554 1583 σοι
565 1542 719 1595 πεποθημένων.
750 1544 874 1596 Προςκυνεῐς
883 1543 921 1584 τοί-

140 1628 177 1653 νυν
187 1609 222 1653 τδν
233 1608 279 1653 υἱδν
288 1614 325 1653 τοῦ
334 1615 396 1662 θεοῦ,
411 1608 425 1663 ἢ
436 1609 461 1652 οὐ
473 1617 600 1666 προςκυνεῖς;
630 1611 680 1662 Ναὶ,
692 1611 752 1664 φησὶ,
767 1615 874 1663 προςκυνῶ
886 1609 920 1652 αὖ·

139 1679 180 1722 τόν.
211 1677 262 1721 Θεδν
275 1685 402 1734 προςκυνεῖς,
417 1676 494 1732 ἢοάχίς
511 1679 563 1729 Ναὶ,
579 1679 640 1732 φησί,
655 1677 706 1721 θεάν
716 1683 828 1734 προςκυνῶ.
858 1682 924 1728 Ποῖος

140 1742 178 1789 οὖν
192 1745 241 1796 θεδς
256 1748 310 1789 ἔσται
324 1744 402 1795 κτιστδς
416 1745 471 1801 παρά
487 1760 519 1788 σοι
532 1745 637 1802 λεγόμενος
651 1748 686 1789 καὶ
700 1745 884 1802 προςκυνοάμενος,·
905 1748 924 1788 εἰ

140 1816 176 1868 μέν
190 1813 227 1869 γάρ
242 1811 278 1856 τδν
293 1815 328 1856 ἕνα
342 1815 417 1855 ἔκτισεν
430 1811 590 1868 δπροςκυνητδς
606 1812 667 1864 θεάς,
688 1815 723 1855 καί
739 1819 810 1856 τοῦτον
827 1811 923 1867 εάδόιιησε

139 1887 307 1937 προςκυνεῖσθαι,
326 1879 351 1922 τά
361 1878 378 1922 δ
389 1879 437 1922 άλλα
449 1879 515 1923 πάντα
526 1878 587 1930 αὐτὸς
599 1877 611 1923 δ
621 1883 688 1931 κτίσας
699 1880 724 1924 οὗ
736 1881 828 1934 βούλεται
836 1898 922 1937 προςκυ·

139 1955 229 2004 νεῖσθαι,
244 1947 294 1995 άλλά
304 1950 337 1993 καὶ
349 1950 435 1993 αἰτιᾶται
446 1946 493 2000 τοδς
503 1953 666 2006 προςκυνοῦντας
679 1948 715 2007 την
725 1951 799 2004 κτίσιν,
814 1948 848 1994 διά
857 1947 922 2006 νόμον

140 2020 252 2076 διδάσκων,
269 2020 300 2065 Οὐ
311 2019 402 2077 ποιήσεις
412 2024 488 2080 σεαυτῷ
496 2024 537 2064 πᾶν
548 2017 648 2076 άμοίωμα,
662 2024 697 2067 καὶ
706 2020 851 2079 προςκυνησεις
860 2021 922 2083 αὐτῷ,

140 2091 219 2148 μητεέν
235 2097 262 2151 τῷ
277 2091 367 2150 οὗρανῷ,
388 2090 437 2145 μήτε
448 2093 482 2135 ἐπὶ
496 2096 532 2146 της
543 2096 590 2148 γῆς,
610 2090 658 2145 μήτε
674 2092 696 2135 έν
706 2097 748 2142 τοῖς
762 2090 828 2135 ίίδασι.
858 2093 924 2136 Καίδ

140 2160 251 2210 άπάστολάς
262 2176 322 2214 φησι,
342 2159 474 2216 Ἐλάτρευσαν
484 2165 508 2218 τῇ
520 2163 581 2203 κτίσει
591 2158 646 2215 παρά
655 2159 690 2202 τῶν
705 2163 808 2213 κτίσαντα,
826 2161 861 2203 καί
872 2162 923 2215 ἐμω-

140 2229 250 2285 ράνθησαν,
289 2232 339 2278 Πῶς
359 2230 429 2270 τοίνυν
448 2228 494 2283 περὶ
514 2226 594 2269 πάντων
613 2227 686 2269 κελεύει
707 2226 734 2282 μὴ
754 2234 922 2283 προςκυνεῖσθαι,·

140 2293 205 2353 2Ἆρα
221 2291 258 2338 οὖν
272 2296 485 2351 προςωποληψίαέστλ
500 2293 556 2348 παρά
565 2300 618 2352 θεῷ,
642 2293 681 2348 Μη
691 2295 772 2349 γένοιτο.
799 2296 836 2337 Ἐν
846 2300 875 2353 τῷ
884 2294 922 2351 γάρ

139 2363 175 2407 τδν
186 2365 220 2406 ἕνα
232 2368 388 2419 προςκυνεῖσθαι
398 2364 458 2412 έδειξε
470 2361 596 2405 παντάπασιν
611 2360 670 2405 άλλον
681 2360 729 2404 ῶντα
740 2361 796 2416 παρά
809 2361 846 2418 τὴν
860 2366 924 2407 κτίσιν

139 2432 175 2477 τδν
186 2430 371 2490 προςκυνοάμευον,
390 2431 425 2474 καὶ
437 2428 497 2487 άλλην
512 2429 550 2487 την
559 2431 736 2489 προςκυνουμένην
747 2434 810 2476 κτίσιν
824 2431 879 2492 παρά
889 2431 924 2477 τὸν

141 2501 278 2561 προςκυνητδν
292 2500 373 2561 κίρκον,
395 2500 441 2547 υίδν
458 2506 494 2547 τοῦ
509 2507 561 2546 θεοῦ
576 2503 598 2547 ἐκ
614 2500 690 2560 πατρδς
706 2505 853 2561 γεγεννημένον.
883 2503 924 2549 Διά

140 2574 178 2632 γάρ
189 2572 212 2617 τά
224 2576 244 2625 ἒξ
255 2571 317 2617 τιάτοῦ
332 2577 462 2631 γεγεννῆσθαι
479 2571 551 2627 ὅμοιον
567 2570 621 2631 αὐτῷ
636 2574 671 2616 καὶ
685 2571 727 2616 κατ’
740 2573 803 2617 αὐτῶν
812 2573 868 2627 υίδν,
890 2574 924 2618 διά

140 2648 201 2687 τοῦτο
215 2641 252 2699 γάρ
264 2643 298 2684 καὶ
308 2641 445 2698 προςκυνητδν
459 2640 515 2697 παρά
525 2646 580 2683 πᾶσι.
610 2640 642 2683 Δι’
653 2640 716 2684 αάτοῶ
727 2643 807 2696 έποίησε
815 2640 840 2685 τά
850 2641 923 2696 πάντα,

140 2713 174 2754 καί
191 2712 253 2766 χωρὶς
267 2710 331 2752 αὐτοῦ
346 2711 421 2766 ἐγένετο
437 2707 485 2751 οάδέ
501 2710 528 2751 έν.
561 2706 595 2750 Ἑν
612 2707 664 2767 αὐτῷ
679 2708 727 2765 γάρ,
750 2714 778 2766 τῷ
793 2708 842 2768 άγίηι
860 2711 924 2754 αὐτοῦ

141 2777 238 2832 τινεάματι
246 2782 274 2835 τῶ
284 2779 304 2827 ἐξ
315 2777 377 2820 αὐτοῦ
387 2777 536 2832 έκπορευθέντι,
552 2778 587 2818 καὶ
595 2782 632 2819 τοῦ
641 2779 689 2819 υἱοῦ
697 2776 828 2831 λαμβάνοντι,
843 2780 924 2833 ἐποίησε

140 2845 165 2889 τά
176 2845 241 2889 πάντα
252 2846 287 2888 καὶ
297 2842 405 2900 έστερέωσε.
438 2849 471 2903 Τῷ
482 2843 519 2900 γάρ
529 2843 580 2903 λόγῳ
591 2847 663 2901 κυρίου
676 2847 697 2888 οἱ
706 2844 790 2900 οάρανολ
803 2845 924 2903 ἐστερεώθη-

141 2930 189 2970 σαν,
211 2916 283 2976 καὶτῷ
294 2913 392 2971 πνεύματι
406 2918 442 2959 τοῦ
457 2913 554 2970 στόματος
566 2915 629 2959 αὐτοῦ
642 2919 696 2959 πάσα
707 2912 721 2971 ἡ
731 2913 816 2971 δάναμις
833 2916 923 2961 3αὐτῶν.

166 3036 260 3068 ΟιεΝΙίλ.
274 3056 296 3062 -
319 3036 332 3069 I.
351 3031 450 3079 δριγνώμων
467 3036 525 3068 habent
570 3035 587 3068 2.
600 3027 633 3078 ἆρα
644 3037 699 3077 scripti
711 3036 752 3067 libri.
776 3030 863 3079 άραιιλιλί.

141 3083 182 3115 libri.
195 3084 281 3116 Carnarius
292 3080 370 3126 cognitor
380 3084 430 3115 vertit.
569 3080 584 3114 3,
598 3078 654 3116 οὔτῶν
669 3082 716 3114 codd.
729 3091 766 3114 mss.
781 3085 848 3124 uterque.
871 3084 924 3116 Etiam
