1988 3392
235 233 328 268 rnunnn
339 233 383 268 uro.
391 235 421 269 nr.
433 234 488 269 uon.
497 235 511 269 r.
522 233 591 267 nien.
599 231 682 265 dxxiv.
810 220 852 263 169

67 314 175 372 qnondam,
194 321 213 356 et
226 328 261 371 pro
274 313 370 356 tenuitate
383 322 450 356 nostra
462 314 562 357 declarata
574 312 664 355 breviter
679 310 744 352 denuo
756 310 794 352 hoe
807 309 852 352 loeo

67 390 159 440 repetere
177 383 284 425 notuimus.
314 381 375 424 Nune
389 384 413 424 ad
430 384 490 425 vitam
506 391 593 425 nostram
606 380 735 423 asserendam
747 393 770 421 ao
783 393 853 420 eorro·

68 452 176 495 horandum
192 451 231 494 adin
243 449 338 507 quaedam
357 451 469 493 testimonia
485 453 516 508 pie
531 453 623 509 proierre
635 456 657 491 et
667 439 693 491 eri
706 455 760 491 reeta
775 449 854 491 ratione

67 521 161 576 religiose
174 521 198 562 de
210 520 313 561 divinitate
325 520 400 562 sentire
413 532 525 576 pergemus.
555 520 636 562 Etenim
653 518 742 574 pturibus
758 518 854 559 haetenus

68 588 227 642 auetoritatibus
236 587 299 645 padam
314 587 360 630 iilud
380 595 411 631 est
426 589 510 643 iactum,
532 588 654 644 unigenitum
666 601 714 636 eum·
727 593 783 642 patre
795 585 853 628 simui

69 658 163 700 universa
174 657 252 711 moliri,
274 664 295 699 et
306 658 395 713 aequalia
408 658 503 714 perticere
517 658 536 699 in
549 658 640 700 omnibns
651 671 674 698 au
685 655 764 711 largiri,
787 662 854 710 utpote

69 726 101 782 qni
116 725 141 768 ab
151 726 196 783 ipso
211 726 316 782 procedat,
340 740 376 767 nee
387 739 397 766 a
409 732 490 783 paterna
502 725 575 768 virtute
591 739 614 768 ae
628 724 731 767 divinitate
745 724 853 780 discrepet,

68 797 103 839 sed
119 795 207 838 eiusdem
226 797 309 838 situum
327 789 383 851 patre
400 794 530 837 substantiae.
560 793 633 850 Neque
649 808 698 836 vero
716 794 772 836 sotus
792 793 853 844 titius,

68 864 103 907 sed
121 870 142 913 et
157 863 238 921 spiritus
250 870 331 906 sanetus
347 863 367 905 in
379 863 449 918 agendi
465 863 623 905 eommunionem
640 877 684 904 enm
698 870 754 919 patre
773 862 853 918 filioque

58 932 124 980 ,verrit
136 939 155 975 et
166 933 256 990 aequatio
270 938 369 990 praestat,
386 946 422 988 pro
435 946 459 974 eo
471 946 494 974 ae
505 932 553 975 tibet
564 932 712 974 eommnnieans
723 932 851 987 detergimus,

69 1001 139 1059 qnippe
156 1017 199 1045 eum
216 1003 292 1058 etipse
310 1015 358 1043 vere
374 1016 401 1043 ex
413 1002 451 1043 deo
462 1001 500 1053 sit,
522 1015 560 1043 nee
576 1000 653 1042 alienus
669 1009 749 1058 apatre
765 1001 852 1056 titioque,

68 1072 103 1115 sed
114 1072 192 1129 utrique
206 1071 388 1114 consubstantialis.
419 1069 484 1123 Haec,
500 1070 589 1127 inquam,
606 1070 680 1112 nemini
693 1085 732 1112 uma
745 1078 814 1128 aperte
826 1077 855 1112 tot

69 1140 158 1183 adductis
170 1139 290 1183 testimoniis
299 1140 430 1193 ostendimus,
446 1155 470 1182 au
481 1140 574 1195 deinceps
585 1140 722 1182 ostendemus.
752 1139 794 1182 lam
805 1153 855 1181 vero

69 1218 150 1267 propter
165 1209 229 1252 sanuti
245 1209 326 1266 spiritus
342 1209 469 1251 adversarios
488 1218 507 1251 et
528 1209 620 1251 inimicos
641 1209 735 1250 nonnuiia
755 1208 855 1251 uberioris

69 1278 209 1336 explicationis
220 1277 285 1334 gratia
301 1278 372 1335 partim
383 1278 414 1334 pia
425 1278 520 1333 quaedam
535 1287 652 1334 argumenta
665 1292 692 1320 ex
708 1285 762 1320 reeta
775 1277 854 1320 ratione

70 1349 197 1405 deprompta,
214 1347 284 1404 purtim
297 1347 385 1389 eiusdem
396 1347 508 1403 scripturae
520 1348 633 1389 testimonia
646 1347 783 1404 superioribus
795 1347 856 1389 adde·

69 1431 126 1471 mus3
149 1417 199 1458 adeo
216 1424 238 1457 nt
254 1416 275 1457 in
290 1415 382 1457 omnibus
399 1430 467 1457 verum
486 1430 509 1457 ae
527 1415 641 1472 religiosum
656 1417 680 1458 de
697 1416 767 1472 spiritu
785 1422 855 1457 saneto

70 1486 140 1541 dogma
152 1498 266 1541 sequamur.
298 1482 378 1526 Etenim
390 1485 461 1525 nnious
472 1498 496 1525 ae
507 1483 614 1541 singularis
629 1491 660 1526 est
671 1484 752 1541 spiritns
764 1484 797 1526 iile
810 1498 856 1526 sau-

70 1562 126 1607 etus,
150 1553 183 1610 qni
199 1553 223 1596 ab
239 1553 330 1596 omnibns
346 1553 450 1605 adoratur,
473 1553 497 1595 ab
509 1554 601 1596 omnibus
614 1553 856 1611 creaturis'operibusqne

45 1640 48 1644 ’
70 1624 202 1666 desideratur.
235 1621 274 1678 Qui
286 1637 331 1663 eum
343 1622 395 1664 nullo
405 1622 511 1679 adaequari
524 1630 601 1679 potest,
622 1623 756 1679 norrangeio‚
777 1623 857 1665 noual-

71 1699 115 1735 tero
126 1692 208 1749 spiritu,
225 1693 259 1733 sed
273 1705 356 1733 unusne
369 1690 476 1747 singularis
489 1699 528 1734 est.
558 1690 611 1734 Nam
625 1707 669 1734 eum
681 1691 737 1734 multi
747 1692 788 1734 sint
798 1692 856 1748 spiri-

71 1769 116 1814 tus,
133 1760 224 1802 omnibus
236 1760 275 1802 iste
289 1761 381 1816 superior
394 1768 436 1811 est,
458 1767 526 1817 utpote
536 1761 569 1817 qui
579 1774 680 1817 sempera
691 1769 746 1818 patre
759 1761 797 1812 sit,
819 1774 857 1802 neo

71 1829 147 1872 abaiiis
157 1843 208 1886 quae
219 1842 230 1870 e
240 1829 302 1870 nihilo
313 1830 409 1885 producta
424 1837 470 1871 suut
485 1829 568 1872 existat.
598 1828 670 1872 Plures
686 1838 745 1882 sunt,
766 1829 856 1885 inquam,

13 1955 14 1958 Ἴ
70 1898 164 1956 spiritus,
184 1897 219 1940 sed
235 1912 287 1940 unus
303 1905 334 1939 est
350 1896 443 1954 spiritus,
464 1904 559 1950 sanotns3
580 1899 744 1954 quemadmodum
760 1913 811 1941 uuus
826 1904 858 1939 est

72 1969 133 2018 deus,
154 1972 174 2008 et
189 1980 240 2008 unns
256 1966 287 2007 dei
304 1966 355 2008 titios
372 1966 494 2021 unigenitus.
526 1964 561 2008 Sie
580 1974 600 2009 et
611 1952 693 2009 sanetus
708 1968 739 2009 dei
752 1968 858 2024 spiritusa

72 2037 110 2078 deo
126 2042 169 2088 est,
191 2042 212 2077 et
227 2035 246 2076 in
262 2035 307 2076 deo.
339 2031 407 2090 itaque
425 2041 445 2075 et
460 2034 573 2090 unigenitus
589 2035 640 2077 fitius
651 2036 858 2093 irioompremnsititis

73 2111 115 2157 est,
135 2110 154 2145 et
169 2103 251 2160 spiritus
266 2102 480 2159 incomprehensibilis.
512 2100 552 2158 Qui
564 2110 584 2144 et
600 2105 660 2145 adeo
672 2105 774 2161 procedit,
795 2118 832 2146 nee
846 2119 858 2146 a

72 2181 128 2231 patre
139 2180 160 2215 et
169 2173 209 2214 utto
220 2171 297 2214 atienus
307 2179 345 2213 est.
376 2169 449 2227 Neque
467 2185 516 2214 vern
532 2186 576 2214 oum
591 2178 647 2229 patre
661 2180 681 2214 et
692 2173 731 2214 fitia
744 2172 799 2215 velut
811 2187 858 2228 qna-

73 2243 117 2284 dnm
125 2240 243 2284 eoniusione
252 2241 358 2293 eoadesuit3
368 2241 404 2282 sed
412 2240 491 2282 trinitas
500 2240 589 2283 eiusdem
598 2255 677 2297 semper
685 2249 717 2283 est
725 2241 857 2294 substantiae,

74 2326 114 2353 uon
125 2310 208 2353 alterius
219 2309 355 2352 adivinitate:
369 2323 433 2365 oeque
446 2309 540 2351 divinitas
552 2310 614 2352 altera
626 2317 679 2352 esta
691 2310 810 2363 substantia,
823 2310 859 2352 sed

73 2381 115 2438 ipsa
127 2393 163 2435 per
173 2392 219 2421 sese
229 2379 334 2432 divinitas,
356 2386 377 2420 et
389 2392 416 2420 ex
428 2379 497 2420 eadem
509 2379 612 2421 divinitate
625 2379 677 2422 filins
687 2394 711 2420 ae
722 2379 804 2435 spiritus
813 2393 860 2420 san-

74 2457 118 2491 otns
134 2448 211 2490 existit.
243 2449 310 2504 itaque
329 2447 411 2503 spiritus
427 2446 509 2503 spiritus
526 2455 606 2489 sanetus
625 2455 667 2500 est,
689 2448 777 2490 attilius
793 2448 858 2490 titius:

75 2519 161 2571 Spiritus
172 2531 217 2557 aero
233 2519 436 2571 apopompeum,
457 2523 498 2557 eto
503 2518 551 2570 filio
560 2519 666 2570 recipiens,
688 2519 860 2572 nedez'prosendo
884 2525 938 2590 {2³¹3}ss

72 2593 209 2641 perscrutans,
233 2591 254 2626 et
268 2599 319 2640 quae
332 2586 357 2640 ad
371 2585 433 2626 titium
450 2592 541 2641 spectant
554 2586 627 2627 mundo
643 2586 749 2637 nuntians,
771 2586 861 2627 sanetisi-
905 2582 910 2597 '
936 2579 941 2588 ’

74 2669 134 2707 eatis,
157 2661 177 2696 et
193 2661 274 2697 sanctos
290 2668 326 2710 per
342 2653 451 2695 trinitatem
462 2654 557 2696 efficiens.
589 2652 629 2708 Qui
643 2662 663 2696 et
675 2655 806 2711 appretiatione
820 2662 860 2696 ter·

75 2724 114 2767 tius
126 2731 169 2775 est,
192 2723 284 2780 quoniam
296 2722 374 2763 trinitas
386 2729 417 2763 est
429 2730 497 2779 poter,
519 2730 539 2764 et
550 2722 617 2775 lidius,
638 2730 658 2765 et
674 2724 756 2779 spiritns
770 2730 859 2765 sanetus.

74 2796 219 2842 nicaenam,
236 2792 312 2848 inquit,
335 2792 629 2849 baptizateinnomznepotrdr‚
652 2801 672 2833 et
677 2794 730 2846 filii,
751 2795 862 2846 ‹stupendus-
877 2801 935 2866 appropia.

902 2859 907 2875 ‚
934 2859 939 2868 .

74 2910 120 2942 uertit
130 2906 152 2940 de
161 2906 198 2941 aliis
213 2918 233 2940 ex
249 2905 301 2940 nihilo
312 2905 362 2939 saetis
373 2905 455 2950 existens)
478 2910 535 2950 quein
546 2908 593 2941 codd.
606 2918 643 2942 mss.
661 2910 738 2942 Pedanius
748 2908 797 2941 edidit
811 2917 861 2942 euru-

75 2955 263 2988 etPetootumseeutus.
286 2954 330 2986 Libri
341 2949 456 2996 hutentpeue‘·
479 2954 537 2999 λαιφῇ.
681 2992 682 2995 ¹

76 3010 129 3044 pereo.
502 3002 518 3034 9.
531 2996 567 3034 ἀλλ’
579 3001 614 3033 eod.
625 3001 692 3042 Rhedr'p.

99 3045 115 3080 i.
128 3046 173 3078 Libri
184 3046 241 3078 natent
252 3042 271 3079 τὸ
285 3043 320 3088 μέν.
503 3045 529 3079 10.
542 3047 593 3082 ποιῶν
609 3048 655 3080 codd.
668 3056 706 3080 nass.
723 3049 788 3088 uterque
806 3048 821 3079 et
835 3046 860 3079 ed.

98 3091 115 3127 a
126 3092 152 3126 dtu
161 3093 237 3133 seriptum
248 3094 270 3125 est
280 3092 309 3125 tuoe
317 3091 411 3129 edentulum
421 3091 456 3124 ebt·
477 3090 529 3133 prino.
