1988 3392
355 242 429 277 rnnnx
440 242 526 277 annun.
791 230 832 272 775

74 325 162 361 hominem
172 315 244 358 assernit
252 322 294 357 ibid.
303 343 326 349 -
347 323 431 357 refutatur

74 382 191 430 probaturque
200 381 270 415 verbum
278 392 329 414 carne
337 379 390 413 luisse
398 392 429 413 ve·

31 470 34 477 .
75 441 134 475 stitum
146 441 186 473 465.

54 499 137 536 Thermae
150 496 256 531 Gadarenses
269 497 307 529 131.

53 558 159 593 Tlrermuten
171 553 262 589 Pharaonis
272 553 336 594 filium,
349 565 378 587 cur
387 552 431 587 adc-

75 621 114 650 rent
125 612 206 660 Aegyptii
217 614 268 646 1055.

54 674 138 710 Thracum
153 683 216 706 nomen
227 684 236 705 a
246 671 303 705 Thera
318 669 362 714 apud
373 668 432 703 turrim

76 730 129 765 Babel
141 735 182 764 nato
195 731 212 762 8.

54 787 140 834 Thyatiris
145 785 225 821 haeretici
233 784 348 830 cataphryges
354 784 433 828 frequen-

76 852 104 879 tes
115 843 186 878 luerunt
196 845 236 877 455.

477 343 499 350 -
512 322 574 356 eteius
584 320 630 355 nulla
639 326 665 354 est
673 318 706 353 alia
717 330 775 353 caussa
782 330 833 363 prae-

476 387 504 413 ter
516 379 588 424 seipsam
597 380 637 410 975.
649 397 671 402 -
694 387 751 421 neque
760 375 795 409 ulla
803 387 834 409 ac—

478 437 553 471 cessione
568 447 610 482 opos
625 434 677 469 hahet
692 436 732 470 916,
744 453 766 460 -
791 432 834 467 circa

477 494 583 529 divinitatem
593 493 652 527 inanes
661 498 700 526 sunt
707 491 795 526 hominum
803 503 834 525 co-

478 553 568 598 gitationes
579 554 619 586 919.
630 570 653 578 -
676 550 712 585 sola
723 551 790 585 trinitas
805 562 834 585 sc-

477 610 531 656 ipsam
543 610 631 656 cognoscit
642 611 681 643 980.
693 611 762 643 981-
779 620 799 644 ea
809 615 834 643 est

478 669 515 703 sola
525 668 600 703 increata
612 671 650 701 984.

456 726 542 761 Tubarum
549 738 588 760 usus
595 726 612 759 in
622 726 675 760 veteri
682 731 786 760 testamento
793 724 834 770 qnid

479 782 576 828 designaret
586 785 627 817 454.

456 841 514 876 Turris
527 834 579 875 babel
591 844 607 874 6.

54 902 104 938 Tibia
112 901 195 947 serpentis
204 900 257 934 habet
263 897 338 944 effigiem
346 909 376 943 per
384 908 433 943 quem
456 898 532 943 Tyranni
548 910 568 932 ac
583 910 631 943 reges
647 910 679 943 pro
694 897 727 931 diis
739 897 780 931 culti
794 897 835 931 inde

77 961 113 994 Eva
125 958 197 1004 decepta
209 964 235 992 est
246 960 273 990 29.

54 1015 150 1052 Tibicinum
161 1021 218 1060 gestus
233 1013 301 1060 quando
316 1013 358 1047 tibia
372 1017 434 1046 canunt

75 1073 170 1107 vdiabolicus
182 1078 208 1105 est
221 1074 248 1105 ¹19.

479 955 550 991 deorum
561 956 615 990 cultus
628 959 643 989 8.

636 1060 659 1092 V.

56 1129 164 1166 Traditinnes
175 1128 260 1163 seniorum
271 1127 358 1174 quomodo
370 1138 435 1161 vocen-
457 1127 614 1162 Valentinianorum
622 1127 695 1162 haeresis
705 1140 749 1173 qnae
759 1136 785 1162 est
796 1135 837 1174 post

77 1194 106 1221 tur
116 1199 126 1221 a
138 1185 209 1229 ludaeis,
222 1194 241 1220 et
248 1192 320 1232 quatuor
327 1185 393 1219 illarum
403 1196 434 1229 ge·

78 1256 119 1290 nera
130 1246 170 1278 224.

55 1302 163 1337 Traditiones
173 1301 289 1344 necessariae,
306 1299 345 1346 quia
360 1311 381 1333 ex
391 1298 435 1333 scri—

481 1184 624 1219 Christianismnrn
645 1184 734 1220 undecima
756 1189 795 1220 163.
814 1206 836 1212 -

480 1242 532 1276 iidem
549 1254 568 1276 se
580 1242 671 1277 Gnosticos
682 1249 745 1277 rorant
761 1243 802 1277 ibid.
814 1262 837 1270 -

481 1300 549 1346 quando
561 1299 645 1344 prodierit
656 1311 715 1334 eorum
726 1307 791 1335 auctor.

79 1359 132 1405 pturis
144 1359 180 1405 peti
192 1359 249 1393 omnia
260 1370 295 1392 non
311 1363 383 1402 possunt
395 1359 434 1389 511.
458 1357 543 1391 Valentini
550 1357 657 1403 Enthymesis
664 1358 700 1391 sive
708 1358 790 1403 cogitatio
798 1358 837 1403 qui-

57 1416 164 1451 Traditiones
171 1428 206 1450 non
213 1415 286 1461 scriptae
297 1421 367 1448 amatre
377 1413 434 1447 eccle·

79 1474 104 1507 sia
114 1473 184 1506 relictae
195 1475 235 1506 912.

57 1529 165 1565 Traditiones
178 1529 280 1564 Iudaeorum
292 1528 360 1574 quaudo
371 1539 434 1573 coepe-

79 1586 114 1621 rint
125 1589 165 1620 392.

57 1643 130 1677 Trinitas
144 1642 212 1688 eiusque
223 1642 266 1676 fides
281 1654 331 1687 quarn
344 1647 393 1676 tenet
405 1652 435 1675 ec-

81 1698 131 1732 clesia
142 1701 183 1732 483.

58 1754 146 1788 Trinitatis
158 1755 232 1800 cognitio
244 1767 265 1788 ex
276 1754 355 1799 symbolo
368 1756 407 1787 891.

58 1811 132 1845 Trinitas
141 1812 191 1845 variis
200 1811 304 1856 temporibus
315 1809 382 1844 diverse
390 1821 435 1843 nun-

80 1868 122 1902 tiata
134 1870 174 1901 899.

58 1924 146 1960 Trinitatis
162 1925 247 1971 triumque
263 1935 375 1971 personarum
389 1922 437 1958 varia

80 1983 149 2017 nomina
161 1985 201 2017 895.

58 2038 132 2074 Trinitas
143 2052 210 2086 semper
220 2038 318 2085 praedicata
330 2040 357 2072 18.

59 2095 132 2132 Trinitas
142 2104 220 2133 accurate
231 2097 334 2143 ascriptum
345 2107 392 2131 sacra
403 2096 436 2130 de-

82 2155 165 2198 claratur,
183 2168 225 2203 quae
240 2155 262 2190 de
278 2154 347 2201 singulis
360 2153 436 2201 personis

83 2212 163 2249 distinete
174 2214 249 2260 loquitur
261 2216 300 2248 612.

59 2270 133 2306 Trinitas
144 2272 161 2306 in
173 2272 259 2307 creatione
275 2271 348 2306 hominis
358 2282 436 2317 ,reprae-

81 2332 199 2364 scutata-⁹183.

60 2384 148 2420 Trinitatis
159 2398 202 2432 quae
212 2387 234 2422 sit
243 2387 297 2427 ratio,
315 2392 333 2420 et
342 2398 376 2432 quo
386 2392 438 2431 pecto

83 2453 124 2476 unus
138 2443 160 2477 sit
175 2444 216 2478 deus
232 2444 249 2478 in
264 2443 341 2478 trinitate
358 2446 398 2477 514.
414 2462 437 2470 —

82 2500 154 2545 qualiter
163 2501 229 2535 dicatur
238 2508 287 2546 pater
297 2500 338 2536 ibid.
350 2520 372 2528 -·
394 2512 437 2546 quac

82 2557 104 2590 sit
119 2558 150 2591 filii
160 2558 250 2602 productio
265 2560 304 2591 515.
317 2577 338 2584 -
362 2557 438 2604 quaesit

83 2613 151 2658 spiritus
162 2615 217 2650 sancti
229 2615 319 2661 productio
328 2615 370 2649 ibid.
382 2635 404 2641 -
427 2627 437 2648 a

83 2676 131 2714 patre
142 2671 211 2718 filioque
223 2672 301 2717 procedit
311 2671 353 2707 ibid.

61 2724 134 2761 Trinitas
146 2740 207 2774 expers
218 2729 300 2776 passionis
310 2731 349 2762 968.
362 2747 385 2754 —
407 2727 438 2761 sed

83 2784 153 2819 verbum
161 2785 179 2819 in
188 2797 238 2820 oerne
246 2798 314 2831 passum
323 2793 349 2820 est
358 2786 395 2819 sine
404 2785 438 2818 ulla

83 2839 176 2875 divinitatis
192 2843 271 2886 passione
285 2843 327 2877 ibid.
346 2862 367 2868 -
396 2853 438 2887 quae

84 2897 139 2931 omnia
154 2897 237 2932 humanae
252 2900 313 2933 mentis
330 2907 397 2945 captum
408 2911 438 2933 su-

83 2961 144 2996 perant
157 2956 195 2987 969.
208 2975 229 2981 -
253 2957 339 3001 quomodo
354 2969 375 2990 ex
389 2963 438 3001 patre

83 3009 148 3060 genitus
158 3010 223 3045 dicatur
233 3012 276 3046 iilius
286 3015 355 3047 91).-
377 3013 396 3047 in
404 3013 439 3047 tri-

84 3062 138 3100 nitate
148 3067 193 3102 solus
204 3068 245 3103 deus
256 3077 282 3104 est
292 3070 388 3106 adorandus
399 3072 437 3104 914.

480 1414 511 1448 bus
526 1414 611 1459 figmentis
625 1416 646 1449 ab
661 1427 681 1449 eo
693 1416 787 1459 explicetur
798 1419 837 1449 182.

481 1478 499 1504 ct
514 1474 554 1505 189.
565 1490 588 1497 -
616 1471 741 1517 Enthymeseos
753 1472 839 1517 lacrymae

481 1534 580 1574 ceteraeque
591 1528 686 1562 huiusmodi
699 1540 754 1574 nugae
764 1533 803 1563 183.
816 1548 839 1557 —

482 1584 576 1629 disquisitio
591 1585 703 1630 lacrymarum
714 1586 749 1619 eius
761 1594 779 1620 et
795 1598 839 1632 qua-

458 1639 461 1643 ’
481 1641 502 1674 lis
510 1641 572 1675 humor
581 1642 603 1675 ab
613 1641 646 1675 illis
656 1641 698 1675 fluat
708 1645 747 1676 184.
759 1663 783 1670 -
804 1643 839 1677 tri-

482 1697 522 1742 plici
535 1710 555 1731 ex
569 1697 640 1731 materia
651 1704 694 1742 quot
707 1711 764 1733 rerum
777 1711 840 1745 genera

482 1753 566 1798 producta
582 1754 650 1787 finxerit
664 1756 704 1788 185.
716 1775 738 1782 -
761 1756 808 1790 fictio
818 1757 840 1790 dc

482 1815 548 1854 septem
560 1810 636 1854 sphaeris
652 1811 753 1845 coelestibus
765 1815 804 1846 186.
817 1831 838 1838 -

482 1865 568 1900 diabolum
580 1867 644 1901 mundi
660 1867 703 1901 facit
713 1866 840 1904 moderatorem

483 1934 521 1957 cum
530 1923 594 1968 angelis
605 1924 691 1970 nequitiae
700 1928 739 1959 18⁷.
748 1946 769 1952 -
785 1925 838 1961 homo

483 1987 501 2014 ut
512 1980 584 2025 qualiter
599 1981 621 2014 ab
632 1992 654 2014 eo
665 1982 744 2016 conditus
760 1983 840 2017 credatur

483 2037 524 2071 ibid.
533 2057 553 2064 -
571 2038 630 2084 quibus
641 2050 662 2073 er
673 2040 749 2085 partibus
759 2048 777 2074 et
787 2040 839 2075 initiis

483 2101 550 2131 constet
561 2099 601 2133 188.
608 2116 630 2124 -
637 2124 639 2127 ,
646 2097 723 2132 animalis
731 2098 789 2140 homo,
802 2099 839 2145 spi-

483 2153 536 2188 ritalis
546 2161 564 2188 et
573 2155 644 2190 carnalis
653 2155 699 2201 apud
708 2167 748 2190 eum
758 2165 777 2191 ut
786 2156 839 2192 diffe-

482 2220 510 2246 rat
520 2215 559 2246 189.
571 2233 593 2240 -
616 2213 773 2249 Valentinianorum
788 2215 839 2261 flagi-

483 2270 508 2304 tia
522 2270 563 2305 ibid.
577 2291 598 2297 -
621 2271 711 2305 vanissima
725 2272 783 2318 opinio
795 2273 839 2307 circa

483 2327 570 2362 mulierum
584 2340 660 2363 amorem
676 2331 715 2363 190.
732 2349 755 2356 -
782 2329 839 2375 ignem

482 2385 564 2420 mnndum
569 2389 751 2431 consumpturum191.
758 2407 781 2414 —
795 2400 839 2433 qua-

482 2448 522 2477 tuor
536 2455 557 2477 en
566 2443 630 2477 naturis
640 2443 743 2478 salvatorem
753 2446 839 2491 composi-

484 2507 518 2533 tum
530 2507 606 2534 asserunt
611 2500 681 2534 ibid-
697 2503 783 2546 quomodo
793 2505 839 2538 vati-

483 2557 527 2591 cinia
541 2557 662 2603 prophetarum
677 2557 756 2594 dividant
765 2563 805 2595 192.
816 2580 840 2588 -

482 2614 515 2648 tria
525 2614 611 2647 hominum
622 2626 684 2659 genera
700 2617 792 2651 secundnm
802 2619 839 2652 Va-

482 2671 586 2705 lentinianos
594 2670 635 2705 ibid.
641 2690 662 2697 -
674 2679 717 2717 quot
724 2673 766 2707 item
772 2673 839 2709 anima-

483 2740 520 2762 rum
529 2727 592 2773 species
602 2727 667 2773 fingant
676 2731 716 2763 193.
727 2749 748 2756 -
771 2731 839 2766 reluta—

483 2785 508 2819 tin
518 2784 616 2829 dogmatum
625 2785 710 2819 Valentini
719 2786 760 2821 ibid.
769 2807 789 2814 -·
800 2790 839 2823 Va-

483 2841 543 2875 lentini
560 2845 627 2876 Aeones
645 2842 715 2887 triginta
731 2844 840 2879 tricenarium

484 2910 570 2932 nnmerum
583 2910 666 2932 annornm
680 2899 725 2933 vitae
737 2900 799 2934 Christi
810 2902 838 2936 in-

483 2956 542 2990 dicant
552 2967 573 2988 ex
586 2955 620 2988 eius
635 2962 692 2989 mente
709 2959 749 2990 176.
761 2977 783 2984 -
806 2959 840 2992 alia

483 3012 506 3046 de
514 3012 563 3057 nugis
579 3011 655 3045 eiusdem
670 3013 755 3047 sententia
765 3017 805 3048 111.
817 3033 840 3042 -

484 3070 540 3104 Horus
555 3068 591 3104 sive
601 3068 690 3103 Terminus
707 3077 725 3105 et
734 3071 839 3106 Horotheter
