1988 3392
195 251 288 285 tamtum
299 251 342 284 LIB.
351 251 381 284 tit.
391 252 448 285 TOM.
455 252 477 284 Π.
488 250 568 284 EXPOS.
580 248 624 282 rto.
637 246 735 281 carnot.
812 235 853 277 523

68 333 99 376 uis
111 338 215 389 expertem
231 338 250 372 et
262 346 355 388 passum,
372 332 403 386 qui
415 331 503 387 sepultus
515 331 552 382 sit,
569 328 717 379 resurrexerit,
734 341 777 368 carm
789 324 854 382 gloria

69 401 145 444 coetum
165 400 316 452 conscenderit,
339 407 446 441 venturum
457 399 543 440 indidem
553 398 641 441 iudicare
654 396 713 438 vivos
725 402 745 436 ct
754 402 853 446 mortuos,

69 471 128 526 idque
144 468 194 510 adeo
210 482 271 520 vere,
293 468 321 509 uti
338 468 432 509 diximus.
463 471 522 508 Caius
535 471 644 521 regniaco
659 466 763 517 eratfim's.

124 536 179 580 Nam
190 544 210 579 et
221 537 258 578 hoc
269 543 337 588 saneta
348 535 391 591 ipsa
404 543 467 577 mater
480 536 576 587 eeclesia,
597 535 648 591 quod
663 546 712 575 vere
724 531 761 574 sihi
774 533 852 589 praedi·
880 574 932 607 XVII

69 613 133 648 catum
155 618 244 661 vereque
260 606 373 654 mandatum
392 611 435 656 est,
459 603 533 657 eredit,
557 604 673 645 moriturum
693 614 852 657 unumquemque

69 681 159 717 nostrum
172 688 196 715 ao
206 681 364 715 resurrecturum
375 688 418 714 cum
431 674 468 714 hoe
479 673 523 729 ipso
535 686 627 728 corpore,
644 687 688 713 cum
700 672 769 712 eadem
781 669 855 722 anima,

69 758 113 786 oum
125 749 167 784 toto
181 742 218 783 hoc
228 742 362 783 instrumento
372 742 469 798 denique,
491 749 514 782 ut
523 742 602 796 quilibet
616 743 689 781 meritis
701 743 741 780 sur's
754 747 854 780 coercente·
862 748 960 786 auocato.

69 826 104 854 aaa
112 800 200 866 praemia
211 814 313 864 peraequat.
345 809 397 853 Nam
409 811 461 866 qnod
474 819 597 851 mortuorum
609 810 674 850 tutura
685 807 807 850 resurreetio
819 808 853 860 sit,

46 879 50 889 '
70 888 128 936 atque
141 886 223 921 aeterna
236 879 336 921 damnatio
353 879 479 934 coelesteque
495 893 576 935 reguum
588 885 608 919 et
619 878 716 919 iustorum
730 877 786 933 quies
798 891 821 918 ac
832 877 854 918 tt-

70 949 142 991 delium
162 947 274 1000 hereditas,
298 947 447 1002 communisque
460 961 504 988 cum
516 945 593 1002 angelis
604 945 676 987 chorus
688 945 712 986 iis
726 946 854 999 constitutus,

71 1017 104 1074 qui
115 1017 186 1070 fidem,
203 1016 351 1065 castimoniam,
369 1030 437 1071 spem,
454 1029 476 1056 ac
489 1015 562 1056 domini
576 1021 681 1070 praecepta
694 1014 805 1067 servarint,
821 1029 857 1056 ve-

70 1086 171 1128 rissimum
189 1092 232 1137 cst3
253 1085 313 1140 idque
331 1091 353 1125 et
362 1084 498 1140 praedicatum
514 1090 534 1125 et
547 1082 658 1124 certissime
673 1082 819 1138 comprobatum
838 1091 858 1125 et

70 1154 180 1206 creditum,
201 1156 290 1207 quonium
301 1155 324 1193 lai
333 1160 437 1205 resurgent
451 1155 471 1192 io
483 1155 540 1192 uilem
553 1159 661 1199 aeranem,
684 1157 706 1192 ει
716 1150 737 1191 in
750 1152 855 1207 evangelio
871 1155 925 1220 ¹5:³³3?

71 1223 225 1280 scriptumest.
260 1219 313 1263 Nam
331 1234 467 1277 quaecumque
481 1221 513 1263 vel
531 1220 644 1276 apostolus,
668 1218 700 1261 vel
717 1232 774 1261 sacra
792 1222 857 1267 omnis
887 1213 892 1229 '
918 1212 922 1220 ’

70 1292 168 1347 scriptura
187 1297 283 1342 testatur,
306 1304 355 1332 vera
370 1297 428 1342 snut,
450 1289 498 1331 licet
516 1289 606 1331 infideles
620 1303 643 1330 ao
662 1301 765 1343 perperam
782 1288 856 1332 intelli·

71 1366 142 1416 gentes
154 1358 213 1401 aliter
223 1358 347 1400 existiment.
378 1357 444 1401 Nohis
456 1371 505 1400 vero
516 1371 541 1400 ea
554 1358 631 1399 demum
644 1357 693 1399 fides
704 1364 748 1409 est,
764 1356 782 1399 is
794 1358 858 1402 honor

14 1471 16 1473 ,
71 1442 94 1469 εε
106 1427 203 1483 dignitas,
220 1427 270 1469 haec
282 1434 313 1469 est
323 1434 392 1469 nostra
405 1434 468 1467 mater
479 1427 575 1477 eeclesia,
598 1440 648 1482 quae
661 1440 697 1481 per
710 1426 767 1467 fidem
779 1437 856 1481 servat,

72 1510 107 1552 spe
119 1496 273 1547 corroboratur,
290 1492 367 1537 Christi
379 1495 473 1546 caritate,
490 1508 579 1536 necnon
592 1502 611 1536 et
624 1493 721 1536 eiusmodi
733 1496 858 1551 professione

71 1579 94 1606 ao
108 1564 210 1621 mysteriis
226 1564 358 1621 baptismique
377 1565 398 1605 vi
411 1578 434 1604 ac
448 1563 566 1619 purgatione
582 1563 690 1619 perficitur.
721 1566 806 1614 nantes,
827 1565 858 1607 iu·
880 1566 939 1630 {tif}-

71 1633 125 1689 quit,
148 1635 245 1686 baptizate
259 1636 279 1674 a'n
291 1635 366 1673 nomilia
374 1635 438 1686 putris
451 1640 471 1672 et
475 1634 521 1686 filo*
529 1640 548 1672 et
559 1635 640 1686 spalatus
650 1635 723 1681 saneti,
746 1632 858 1678 innomine
900 1624 904 1638 ²
932 1623 935 1631 Ι

72 1702 152 1744 divinae
164 1701 271 1754 trinitatis,
295 1701 351 1743 ouius
363 1701 469 1757 appellatio
482 1700 583 1743 diversum
593 1699 641 1742 nihil
653 1701 750 1743 eontinet.
782 1700 805 1744 Si
817 1704 859 1759 qui-

72 1770 115 1812 dem
128 1784 219 1812 unus-ac
233 1769 341 1827 singularis
354 1769 433 1811 deusin
446 1770 506 1825 lege,
527 1768 641 1826 prophetis,
663 1769 786 1824 evangeliis,
807 1773 858 1828 apud

73 1839 186 1895 apostolos,
207 1839 227 1882 in
244 1847 313 1881 vetere
329 1853 421 1895 novoque
440 1845 560 1881 testamento
577 1838 701 1895 praedicatus
717 1853 740 1881 ao
757 1842 859 1885 nuntiatus

72 1917 116 1962 est,
132 1916 189 1966 pater
200 1916 220 1950 et
230 1908 281 1951 lilius
292 1915 313 1950 et
326 1908 408 1964 spiritus
419 1916 508 1950 sanutus.
539 1907 612 1964 Neque
627 1921 677 1949 vero
689 1909 792 1950 confusum
804 1911 860 1966 quid-

72 1978 115 2019 dam
128 1977 172 2034 ipsa
182 1977 277 2020 divinitas
289 1985 332 2030 est,
355 1978 390 2018 sed
407 1978 495 2033 perfecta
513 1991 585 2019 revera
601 1977 680 2019 trinitas
691 1983 735 2029 est,
759 1980 859 2033 perfectus

72 2053 140 2103 pater,
163 2047 263 2103 perfectus
281 2045 345 2098 tilius,
367 2046 468 2102 perfectus
487 2046 568 2102 spiritus
586 2054 679 2098 sanctos,
701 2060 740 2088 una
758 2047 858 2101 divinitas,

73 2129 124 2157 unus
140 2116 201 2168 dens,
224 2115 255 2157 oui
270 2115 346 2172 gloria,
363 2114 427 2156 honor
440 2122 460 2156 ει
474 2115 578 2171 imperium
590 2114 612 2156 in
627 2115 707 2157 saecula
723 2117 858 2170 saeculorum,

74 2184 149 2226 Amen.
827 2222 829 2226 ,

130 2253 234 2295 Eiusmodi
252 2252 350 2295 catholiea
364 2253 412 2295 tides
430 2252 520 2294 navitae
535 2259 616 2295 nostrae
630 2267 679 2311 opus
693 2260 739 2312 est,
752 2253 790 2295 hoc
802 2255 856 2297 veri·
893 2273 934 2317 cap.

73 2322 119 2364 tatis
130 2323 281 2375 munimentum,
298 2322 346 2364 haec
358 2330 389 2363 est
401 2319 476 2364 Christi
486 2321 545 2377 virgo
556 2329 576 2364 ει
586 2323 682 2365 innocens
693 2323 790 2375 columba,
808 2324 858 2366 haec
880 2319 945 2353 XVffl·

73 2390 125 2442 vita,
147 2405 194 2448 spes
210 2399 230 2433 ει
245 2391 388 2433 firmamentum
404 2390 558 2432 immortalitatis
575 2398 614 2433 est.
650 2390 727 2433 Verum
743 2391 762 2433 id
780 2394 860 2436 avobis

74 2460 177 2512 omnibus,
199 2460 231 2515 qui
247 2459 296 2502 haec
309 2468 378 2502 nostra
389 2460 459 2502 lecturi
470 2460 532 2511 estis,
554 2473 676 2516 magnoqere
687 2474 758 2518 precor
769 2469 791 2503 ut
804 2477 860 2504 men-

74 2528 99 2570 tis
115 2543 172 2572 meae
185 2529 276 2571 tenuitati
290 2528 460 2584 imbecillitatiqne
471 2530 585 2571 condonare
595 2529 674 2581 velitis;
690 2544 741 2585 qnae
753 2530 777 2571 ob
788 2531 860 2586 ingens

74 2595 120 2638 illud
133 2598 245 2640 haereseon
261 2597 317 2639 tirus
333 2599 387 2640 velut
404 2605 505 2655 stuporem
522 2597 618 2654 quendam
630 2611 654 2639 ac
667 2598 752 2640 taedium
767 2606 787 2640 et
799 2600 861 2642 mole-

74 2665 131 2707 stiam
141 2666 255 2724 respuentis
265 2680 289 2707 ac
300 2667 416 2708 nauseantis
427 2667 491 2709 instar
503 2666 615 2718 contraxit,
637 2666 656 2708 id
668 2667 747 2723 inquam
760 2669 860 2711 condone-

74 2733 98 2775 tis
110 2736 182 2787 velim,
197 2736 214 2777 si
225 2737 276 2777 forte
288 2735 379 2793 acerbius
389 2736 410 2776 in
421 2736 531 2793 quempiam
540 2736 614 2777 invecti
626 2750 706 2787 sumus,
723 2743 744 2778 ut
755 2737 860 2779 nonnullos

74 2805 210 2857 execrandos,
227 2810 261 2846 aut
274 2803 416 2857 circulatores,
432 2812 466 2846 aut
478 2805 606 2857 aberrantes,
629 2812 663 2848 aut
673 2806 793 2862 impostores
804 2807 861 2848 dixe-

74 2917 144 2952 eiosdem
155 2929 192 2953 aum
202 2922 230 2953 itio
240 2920 316 2954 Parisino
328 2922 415 2960 prosapiae
426 2929 459 2953 asse
481 2922 539 2962 empti,
550 2921 592 2962 quod
603 2930 650 2962 penes
659 2931 685 2955 me
695 2925 727 2963 est,
739 2923 791 2954 littera
800 2923 822 2954 tu.
832 2932 862 2955 ao-

74 2965 119 2996 muttt
129 2967 159 2998 loci
168 2966 253 3008 testantur)
260 2967 328 2999 habeant
335 2961 456 3010 decooperu-
478 2969 511 2999 turi
520 2968 562 3007 solet,
575 2961 729 3013 α’πεσικχαίεοετος.
753 2969 773 2999 Et
782 2969 805 2999 ita
815 2969 861 3002 aaut

74 3017 112 3051 τος,
129 3020 147 3043 eo
158 3014 209 3044 sotum
225 3013 315 3045 discrimine
330 3012 373 3052 quod
383 3013 459 3045 librarios
481 3010 528 3045 dubie
538 3013 651 3046 restituendum
663 3017 691 3046 εει.

74 3055 108 3106 eod,
123 3057 156 3089 len.
178 3059 241 3098 scripsit
262 3053 410 3102 εἷπὲσιγχάεεετες.
437 3060 457 3090 m
503 3058 519 3091 2.
530 3058 630 3102 ναυτιῶντες
639 3060 802 3094 austremonius.
812 3064 861 3103 repet

75 3099 110 3132 edat.
124 3104 176 3141 princ.
194 3104 251 3144 tepitur
267 3099 421 3148 ἇπεσεγχάεεετες,
439 3106 457 3136 io
479 3105 538 3138 uitiosa.

75 3144 107 3179 atio
124 3148 174 3190 libro,
191 3151 219 3192 qui
232 3151 250 3183 ia
261 3159 314 3193 marp.
326 3150 414 3184 Setottiani
431 3159 460 3184 εε-
