1988 3392
358 230 578 264 anaoeerracnrosrs.
819 220 859 260 551

77 309 184 353 cuiusmodi
195 315 242 354 sunt
257 308 374 348 dalmaticae
388 322 411 349 ac
422 310 511 360 colobia,
534 317 554 349 et
565 309 635 350 latiora
649 308 745 361 quaedam
757 306 861 361 phylacte-

77 378 117 428 ria,
140 375 177 415 boc
191 382 222 416 est
234 382 349 430 segmenta,
369 375 497 431 fimbriaeque
515 389 627 432 purpureae
644 388 668 416 ac
687 375 824 428 malogranata
837 373 862 413 ad

77 445 160 488 vestium
177 458 223 484 oras
242 458 341 499 appensa,
365 458 415 498 quae
432 445 564 501 temporariae
581 445 634 486 illius
652 442 787 484 continentiae
803 441 863 497 signa

77 512 223 575 praeferebant.
256 512 316 555 lidem
332 520 433 571 postremo
448 529 534 571 geneses
550 530 573 557 aa
589 517 649 557 latum
665 512 825 555 introducebant.

134 652 258 696 Sadducaeis
275 655 298 696 ab
313 654 442 697 exactissima
453 655 527 696 institia
542 669 614 696 nomen
627 662 665 696 est.
698 652 738 708 Qui
750 667 761 693 e
773 650 862 694 Samari-

78 734 166 774 tanorum
179 737 254 778 genere
266 738 276 764 a
287 725 392 765 sacerdote
405 725 489 779 quodam
501 722 567 766 Sadoc
579 731 643 765 ortum
654 723 774 763 hahuerunt.
805 720 863 762 Mor-

78 781 154 835 luorum
168 792 336 833 resurrectionem
353 794 457 845 damnant3
481 793 572 847 angelum
587 807 610 833 ac
622 791 712 847 spiritum
727 789 816 832 funditus
827 803 863 831 ne-

77 869 134 918 gant,
151 868 219 901 cetera
234 859 352 902 ludaeorum
369 860 452 902 similes.

133 927 320 983 Hemerobaplistae
338 929 386 969 nihil
398 929 422 969 ab
436 927 516 969 ludaeis
537 935 675 983 praeterquam
689 927 726 967 hoe
737 941 777 967 uno
788 926 863 966 disere-

78 1002 160 1050 parunt,
177 996 228 1049 quod
241 997 339 1035 neminem
354 1004 447 1035 aeternae
459 996 511 1036 vitae
523 1002 633 1049 compotem
645 1008 690 1034 esse
703 1008 762 1048 posse
773 993 863 1033 dicerent

78 1062 115 1103 nisi
131 1062 218 1116 quotidie
233 1063 319 1102 lavaret.

135 1126 217 1182 Osseni,
235 1143 317 1185 quornm
330 1144 402 1171 nomen
414 1128 685 1185 procacissimossignificat.
717 1126 757 1182 Qui
768 1140 796 1168 ex
805 1140 863 1183 prae·

79 1198 214 1256 scriptolegis
225 1199 291 1241 omnia
304 1199 413 1252 iaciebant,
435 1199 470 1241 sed
484 1198 532 1241 alias
543 1205 648 1256 praeterea
660 1197 769 1254 scripturas
782 1195 863 1238 adhibe-

77 1270 135 1322 bant,
152 1277 172 1311 et
188 1284 214 1311 ex
230 1269 374 1326 posterioribus
390 1268 491 1327 prophetis
507 1269 613 1326 plerosque
628 1268 754 1310 reiiciebant.

132 1338 261 1381 Nassaracos
282 1347 409 1381 contmnaoes
430 1339 558 1395 interpretari
581 1339 659 1395 possis,
683 1338 715 1394 qni
738 1337 804 1379 carnis
825 1351 863 1379 usu

78 1423 158 1465 prorsus
168 1408 297 1451 interdicunt.
329 1408 361 1450 Ab
373 1408 464 1450 animatis
476 1409 589 1459 abstinent,
614 1407 735 1464 patriarchas
749 1408 862 1463 omnesqui

77 1478 96 1518 in
115 1475 252 1518 Pentateucho
271 1478 294 1518 ad
313 1476 392 1533 llloysis
409 1484 428 1517 et
445 1475 490 1517 lesu
508 1477 542 1517 lilii
554 1475 613 1517 Nave
628 1484 717 1531 tempora
735 1477 863 1517 continentur

78 1546 191 1587 adsciscunt
203 1553 223 1586 et
237 1546 262 1587 iis
278 1546 333 1586 iidem
352 1545 457 1596 adhibent,
480 1545 589 1586 cuiusmodi
602 1552 659 1594 suut,
680 1543 782 1594 Abraam,
806 1542 863 1586 lsaac

78 1612 180 1665 etlaoob,
202 1614 266 1668 iisque
282 1613 396 1669 superiores
416 1627 498 1663 omnes⁷
521 1627 558 1653 nee
576 1627 614 1653 uon
632 1620 652 1652 et
665 1610 750 1667 ddoyses
763 1613 862 1668 ipsecum

78 1681 160 1721 Aarone
178 1689 237 1735 atque
251 1680 305 1722 lesu.
338 1679 432 1722 Ceterum
451 1681 536 1734 quinque
553 1681 586 1721 illa
603 1681 703 1721 volumina
720 1679 799 1736 Moysis
817 1695 862 1722 esse

78 1762 116 1788 non
133 1755 215 1802 putant,
232 1755 252 1788 et
267 1749 305 1788 alia
322 1749 346 1788 ab
362 1749 386 1788 iis
402 1749 481 1788 diversa
498 1761 558 1802 penes
574 1739 596 1788 se
612 1761 657 1788 esse
672 1748 771 1788 iactitant.

136 1883 244 1924 Herodiani
257 1898 300 1924 cum
315 1882 400 1924 ludaeos
409 1883 429 1923 in
444 1883 534 1924 omnibus
545 1897 590 1924 sese
600 1890 738 1939 praestarent,
759 1881 863 1924 Herodem

78 1950 179 1996 Christum
191 1968 237 1996 esse
246 1953 405 2013 profitebanturp
425 1952 482 2009 eique
495 1950 570 1995 Christi
585 1952 700 2009 dignitatem
712 1967 735 1994 ao
747 1967 820 1995 nomen
832 1954 862 1995 al-

78 2024 185 2080 fingebam.
212 2038 214 2041 ’

134 2093 213 2135 Primus
231 2095 268 2135 isle
281 2102 345 2135 tomus
361 2102 403 2144 est,
426 2093 458 2148 qui
475 2093 569 2134 haereses
581 2091 624 2133 XX
637 2093 739 2144 continet,
762 2100 781 2133 et
793 2094 814 2134 in
828 2108 862 2134 eo-

78 2162 121 2203 dem
138 2164 161 2203 de
173 2163 310 2204 incarnatione
325 2161 399 2204 Christi
417 2176 440 2202 ac
453 2162 543 2203 veritalis
562 2161 686 2216 prol'essione
704 2168 806 2217 postremo
818 2163 862 2203 loco

78 2232 190 2274 disseritur.

139 2367 241 2409 Hactenus
259 2367 326 2422 itaque
338 2365 383 2407 XX
401 2367 477 2407 illarum
494 2367 605 2407 haereseon
622 2380 671 2420 quae
687 2363 788 2406 Christum
807 2374 863 2407 ante·

78 2444 182 2476 cesse-runt
197 2436 305 2476 corrlntalio
325 2450 347 2475 ae
363 2434 407 2474 lidei
424 2442 443 2474 et
458 2434 600 2474 incarnationis
617 2432 693 2475 Christi
714 2434 815 2475 declarata
830 2449 863 2475 ra-

79 2501 106 2542 tio
123 2510 160 2544 est.

137 2569 177 2613 Sed
189 2571 295 2626 evestigio
309 2568 384 2612 Christi
398 2569 443 2612 lesu
455 2570 527 2611 domini
537 2570 600 2609 nostri
612 2570 709 2611 adreptus
720 2583 764 2610 curn
777 2583 800 2610 eo
812 2570 864 2625 quod

80 2649 196 2699 susceperat
208 2655 292 2698 corpore
306 2648 425 2683 consecutus
438 2649 481 2693 est,
498 2639 530 2697 qui
542 2648 562 2681 et
574 2637 614 2682 Vll
629 2640 672 2682 illas
685 2640 779 2682 haereses
791 2639 864 2683 Hiero-

79 2712 160 2769 solymis
177 2712 270 2762 offendit,
293 2719 313 2752 et
326 2713 405 2753 easdem
423 2727 459 2753 sua
473 2711 493 2753 vi
505 2711 609 2766 dissiparit
624 2719 644 2752 et
660 2711 756 2753 extinxit.
789 2710 864 2767 Quam-

80 2780 146 2822 obrem
158 2782 247 2837 reliquae
259 2794 328 2821 omnes
340 2781 434 2822 haereses
447 2782 533 2822 adventu
543 2780 576 2821 illo
588 2781 711 2835 posteriores
724 2783 816 2833 luerunt,
833 2782 863 2822 ni·

102 2939 128 2973 71.
141 2939 193 2984 νόμος
204 2942 249 2973 codd.
264 2950 301 2972 mss.
313 2943 327 2972 et
339 2940 376 2971 edit.
387 2941 437 2979 prino.
483 2944 535 2973 tatem.

102 2984 128 3017 72.
142 2988 160 3017 V.
172 2988 234 3019 Pancr.
245 2996 284 3027 pap.
292 2985 313 3019 a?
322 2995 356 3025 sqq.
368 2986 418 3027 (Pet.)
505 2984 532 3019 7³2.
546 2983 575 3025 δὲ,
592 2987 634 3026 qnod
648 2996 679 3018 aaa
691 2987 746 3025 tepidare
757 2987 775 3017 in
786 2987 864 3028 Panemo,

102 3029 129 3062 73.
142 3029 195 3073 πρὸς,
214 3033 256 3072 pared
267 3033 310 3063 obest
321 3040 331 3061 α
341 3032 413 3071 Peraea,
430 3033 461 3063 de-
483 3033 616 3063 caciatsaolactt
626 3032 692 3070 Fetcn.‚'
708 3034 771 3072 praeter
781 3033 864 3064 necessita-

79 3074 142 3107 tendnm
153 3078 232 3108 iudicavit
242 3079 308 3116 Patara,
323 3078 386 3117 praeter
394 3079 461 3109 necessi·
483 3080 519 3109 tem.
