1988 3392
156 207 199 249 568
441 211 524 246 οιαοτι
535 210 652 245 Εειοιιιιιιι

156 296 208 339 νέον.
238 295 279 337 Καὶ
294 293 320 350 δῇ
336 298 360 353 τῇ
377 294 518 352 42Κυϊντίλη,
538 289 552 347 ἢ
563 291 597 335 καί
611 292 719 350 Πρισκίλλη
737 289 825 347 Χριστάν
839 290 902 334 ἐκεῖσε
918 289 940 333 έν

160 362 257 424 Πεποῦζη
274 361 444 417 ιἰποκεκαλῦφθαι
454 364 475 406 έν
487 362 531 422 ἰδέμ
547 359 642 417 άληθείας
657 366 800 419 μυθολογοῦσι.
829 362 940 419 Κέχρηνται

160 435 182 479 δέ
196 433 290 486 αίςαῦτως
304 436 379 494 παλαιῇ
392 434 427 476 καὶ
441 437 501 493 καινῇ
515 430 617 492 διαθῇκη,
637 431 688 476 κατά
701 430 737 476 τάν
751 434 804 476 ίδιον
818 436 868 475 νοῦν
883 447 940 486 μεια-

158 509 270 555 ποιοῦντες.
372 503 374 506 ’

221 573 462 629 Τεσσαρεςκαιδεκατῑται,
486 572 507 613 οί
526 573 573 624 μίαν
594 568 672 626 ἡμέραν
692 574 728 613 τοῦ
747 571 804 621 έτους
823 568 846 613 τά
869 569 941 624 Πάσχα

161 646 187 672 4³
195 643 323 690 ἐκτελοῦντες.
350 639 386 681 Ἐν
396 637 458 698 άποίηι
471 637 489 682 δ’
499 638 525 682 άν
534 637 599 697 ἡμέρᾳ
615 639 698 693 ἐμπέσοι
711 643 747 694 τῇς
757 639 840 695 σελήνης
850 637 864 695 ἦ
874 652 942 681 τεσσα-

162 708 313 768 ρεςκαιδεκάτη,
333 707 378 763 ῇτοι
392 709 413 752 ἓν
423 707 529 767 σαββάτῳ,
551 706 565 762 ἢ
575 709 596 751 ἒν
608 713 704 767 κυριακῇ,
720 710 797 764 έκείνην
808 725 829 751 τε
837 707 942 764 νηστεῦον-

161 797 192 831 τες
206 780 241 822 καὶ
255 778 297 833 ἅμα
311 774 466 835 άγρυπνοῦυτες.

211 846 304 904 ’Ἁλογοι,
325 849 346 890 οἱ
357 844 461 901 ἀφ’ῇμῦν
475 847 592 901 κληθέντες,
612 847 633 889 οἱ
643 845 666 889 τῦ
677 846 791 904 εὐαγγέλιον
802 844 897 890 Ἰωάννου
907 848 942 890 καί

160 917 195 961 τάν
207 919 228 961 έν
238 915 293 974 αὐτῷ
308 915 388 959 άνωθεν
401 915 443 958 ῦπά
459 915 535 972 πατρὸς
548 913 611 957 44άεὶ
627 914 678 958 θεάν
691 917 751 972 λόγον
766 914 942 972 παρεμβάλλοντες,

130 996 131 999 ’
160 985 183 1030 τά
199 984 251 1028 κατά
266 984 361 1041 Ἰωάννην
377 984 491 1042 εὐαγγέλιον
509 982 536 1039 μη
555 985 666 1040 δεχόμενοι,
689 984 739 1039 μηδέ
753 983 790 1040 την
803 983 943 1040 Ἀποκάλυψιν

162 1052 262 1098 45αῦτοῦ.

217 1121 347 1178 Ἀδαμιανοί,
368 1120 455 1176 46παρά
466 1123 488 1164 δέ
500 1135 552 1165 τισιν
562 1120 627 1176 Ἀδάμ
639 1126 712 1174 ζῦντος
726 1122 855 1177 καλοῦμενοι,
871 1123 944 1179 Ιγλεῦης

161 1191 175 1247 ἢ
187 1191 284 1247 άληθείας
298 1195 372 1244 μᾶλλον
383 1189 406 1233 τά
423 1191 487 1247 δόγμα
503 1191 584 1245 ἔχοντες.
614 1194 635 1232 Γ
631 1192 691 1245 υμνοὶ
702 1190 740 1247 γάρ
752 1189 779 1241 τίς
790 1193 812 1235 ἐκ
824 1191 899 1247 μητρῦς
910 1191 943 1235 άν-

162 1264 207 1318 δρες
218 1261 282 1303 τεκαὶ
293 1265 384 1315 γυναῖκες
395 1260 429 1301 έπὶ
441 1258 463 1301 τῦ
474 1257 523 1301 αῦτδ
534 1257 665 1315 συνάγονται,
684 1260 719 1301 καὶ
732 1259 797 1309 οῦτως
806 1259 842 1311 τάς
854 1259 944 1316 άναγνιά-

160 1344 212 1382 σεις,
232 1330 267 1371 καὶ
280 1326 316 1377 τάς
331 1325 399 1382 εῦχάς,
422 1327 457 1368 καὶ
468 1331 510 1369 πᾶν
522 1324 590 1369 άτιοῦν
607 1328 728 1379 ἐπιτελοῦσι,
749 1331 813 1382 δῆθεν
827 1328 944 1383 μονάζοντες

79 1418 113 1448 pag.
123 1410 153 1440 145.
162 1399 197 1441 καὶ
207 1396 371 1453 ἑγκρατενάμενοι
384 1394 450 1447 ι’ίντες,
465 1396 499 1437 καὶ
510 1393 576 1451 γάμον
586 1393 615 1449 μὴ
625 1394 738 1451 δεχόμενοι,
752 1395 789 1451 τῇν
799 1394 866 1440 αῦτοῖν
876 1399 943 1452 ε’κκλη-

162 1469 207 1508 σίαν
221 1463 345 1521 παράδεισον
359 1461 473 1519 ἡγούμενοι.

219 1538 327 1588 Σαμψαῖοι
340 1534 376 1575 καὶ
389 1530 507 1585 Ἑλκεσαῖοτ,
529 1532 558 1575 έτι
569 1534 628 1588 δεῦρο
643 1530 679 1586 τῇν
686 1532 785 1589 Ἀραβίαν
798 1538 944 1588 κατοικοῦντες,

162 1601 296 1659 καθύπερθεν
310 1606 346 1656 τῇς
359 1598 489 1656 47Ἐρυθράς
506 1598 609 1655 θαλάσσης
620 1602 713 1656 κειμένην
724 1601 800 1657 χάραν,
820 1604 891 1654 οἵτινες
903 1601 945 1648 άπδ

163 1670 277 1715 Ἑλκεσαίου
295 1669 349 1720 τινάς
365 1668 539 1725 ψευδοπροφήτου
554 1668 689 1725 ἠπατημένοι,
711 1665 737 1713 οῦ
753 1672 782 1714 ἔτι
797 1674 857 1728 δεῦρο
872 1674 894 1717 έκ
909 1672 947 1717 τοῦ

162 1743 234 1801 γένους
244 1738 319 1797 ῦπῇργε
332 1737 437 1796 Μαρθοῦς
445 1740 479 1782 καί
490 1741 603 1796 Μαρθίνη,
618 1746 712 1797 γυναῖκες
723 1738 760 1784 δῦο
771 1741 946 1798 προςκυνοῦμεναι

163 1810 203 1855 ῦπά
217 1816 253 1867 τῇς
263 1811 357 1868 αἱρέσεως
373 1807 400 1860 ῦς
412 1814 480 1862 θεῖαι,
503 1812 646 1866 παραπλησίως
661 1815 703 1861 τοῖς
713 1807 837 1866 Ἐβιωναίοις
850 1813 916 1857 πάντα
927 1815 946 1857 έ·

163 1899 235 1939 χοντες.

222 1950 362 2001 Θεοδοτιανοὶ,
384 1947 424 1991 άπά
441 1952 476 1991 τοῦ
491 1945 592 1992 Θεοδότου
603 1952 640 1992 τοῦ
651 1948 749 2003 σκῦτεως,
770 1955 806 1994 τοῦ
820 1949 861 1995 &aa
871 1956 946 2004 Βυζαν·

164 2023 213 2065 τίου.
246 2014 312 2069 Οῦτος
328 2020 349 2061 έν
362 2020 443 2076 παιδείᾳ
457 2015 558 2078 Ἑλληνικῇ
572 2019 653 2075 γέγονεν
662 2017 734 2076 άκρος,
756 2018 946 2075 άμαδὲάλλοιςῦν

164 2092 185 2134 ἒν
197 2088 281 2146 ἡμέραις
292 2092 327 2131 τοῦ
339 2087 414 2130 48τότε
426 2089 524 2143 διωγμοῦ,
539 2086 602 2142 μόνος
614 2088 714 2141 έκπεσοάν,
733 2090 769 2131 καὶ
780 2091 862 2133 ἐκείνων
872 2108 946 2147 μαρτυ-

164 2158 277 2216 ρησάντων,
298 2155 331 2200 διά
343 2156 365 2200 τά
378 2155 509 2208 ὀνειδίζεσθαι
525 2154 620 2211 ἐπενόησε
635 2159 698 2212 λέγειν
714 2157 775 2211 ψιλῦν
790 2156 901 2214 άνθρωπον
911 2158 947 2203 τάν

165 2226 264 2283 Χριστὸν,
287 2227 353 2268 49ίνα
365 2224 393 2279 μὴ
404 2223 445 2268 ῦπά
458 2226 545 2281 ἔγκλημα
559 2224 638 2284 γένηται
652 2224 703 2269 θεάν
714 2224 860 2282 άρνησάμευος,
881 2227 946 2279 οῦτως

164 2298 258 2347 ἐδίδαξεν.
403 2295 405 2299 ’

223 2362 440 2417 50Μελγμσεδειιιανοὶ,
461 2363 482 2405 οἱ
492 2360 529 2405 τάν
540 2365 662 2418 Μελχισεδὲκ
676 2367 810 2421 γεραίροντες,
829 2364 874 2408 τινά
886 2365 946 2409 δῦνα-

164 2450 198 2489 μιν
214 2431 275 2476 αῦτδν
292 2430 414 2484 φάσκοντες,
434 2432 467 2474 καί
485 2429 513 2485 μή
528 2428 641 2488 άνθρωπον
656 2432 727 2486 ψιλῦν,
749 2435 784 2477 καὶ
798 2435 827 2484 εἰς
838 2433 860 2477 τά
873 2434 946 2478 τοῦτον

167 2500 232 2556 ῦνομα
246 2499 312 2543 πάντα
327 2499 409 2557 άνάγειν
423 2497 568 2554 τετολμηκῦτες.

224 2571 428 2625 51Βαρδησιανισταί.
465 2570 607 2623 Βαρδησιανῇς
623 2564 683 2619 οὗτος
698 2571 720 2612 έκ
736 2573 773 2624 τῆς
788 2574 946 2626 Μεσοποταμίας
964 2619 966 2621 ,

166 2635 257 2694 οίρμῦιτο,
277 2635 301 2679 τά
311 2641 381 2691 πρῶτα
395 2636 431 2691 μέν
443 2640 479 2690 τῆς
491 2636 590 2690 άληθινῇς
600 2640 685 2687 πίστεως
699 2636 797 2692 ῦιτάρχων
808 2639 842 2681 καὶ
852 2641 873 2682 έν
883 2643 946 2698 σοφίᾳ

165 2706 293 2759 διαπρέπων,
314 2706 404 2755 ἐκκλίνας
416 2704 438 2747 δέ
447 2709 484 2758 τῇς
495 2703 591 2757 ἀληθείας
600 2708 742 2761 παραπλησίως
754 2704 878 2765 Οῦαλεντίνφ
892 2709 947 2765 έδογ-

166 2773 245 2828 μάτισε,
259 2774 320 2829 χωρὶς
335 2776 392 2817 ένίων
407 2768 435 2816 οἷν
450 2773 565 2828 διαφέρεται
579 2772 632 2829 πρῦς
648 2773 783 2817 Οῦαλεντῖνον.

224 2845 340 2896 Νοητιανοί.
376 2840 456 2896 Νοητῦς
476 2836 535 2890 οῦτος
554 2841 596 2885 άπδ
612 2841 708 2899 Σμύρνης
726 2840 802 2898 ῦπῆρχε
822 2848 858 2898 τῇς
872 2842 946 2896 Ἀσίας.

189 2932 217 2970 42.
229 2937 292 2977 Βιρωιε
304 2934 401 2980 Κυῖιτίλλη.
592 2933 619 2970 46.
631 2934 677 2979 παρά
688 2948 732 2976 τινος
744 2938 766 2970 Io.
776 2938 897 2972 Damascenus..
912 2935 945 2974 ἀπό

141 3013 144 3018 .
189 2980 217 3016 43.
229 2983 315 3021 ποιοῦντες
326 2983 361 3015 cod.
374 2983 439 3024 Βλιαλίμ.
569 2993 613 3021 τινος
624 2986 681 3025 λιμιλιιν
690 2985 707 3016 in
719 2986 805 3017 summario
817 2986 890 3018 Ρααανιλ.

189 3025 217 3062 44.
231 3027 270 3064 δεδι
282 3026 310 3064 άελ
321 3029 355 3061 τοδ-
368 3030 434 3071 λίλιιδλρ.
591 3027 619 3064 47.
631 3030 694 3074 νεκρᾶς
702 3027 793 3073 θαλάσσης
802 3032 880 3073 λιμιλιιιλιι
892 3034 947 3067 Pana-

190 3072 217 3109 45.
229 3071 281 3112 αῦτοῦ
294 3078 337 3112 abest
348 3085 359 3108 ο
369 3077 403 3110 sola
415 3077 452 3112 edit>
466 3077 521 3112 Ραλαυ,
568 3078 592 3111 rio
603 3080 618 3109 ιι
629 3078 674 3118 apud
684 3079 759 3111 λοιιωιιω
769 3079 844 3112 Damaso,
