1988 3392
230 231 324 266 Ponatur
335 231 378 265 utu.
387 231 417 264 lll.
428 230 484 265 Tou.
493 231 506 264 l.
519 229 586 264 HAER.
596 229 678 263 LXXIV.
805 219 846 262 173

61 318 126 355 autem
139 325 166 354 ex
179 311 266 368 pluribus
279 326 341 370 patrea
354 311 450 367 quaedam
462 326 497 368 pro
510 310 562 353 virili
575 309 704 365 colligemus
726 322 751 351 ne
763 307 847 350 catholi-

61 395 105 424 cum
122 380 169 423 illud
185 382 209 423 rle
227 381 298 438 spiritu
308 387 378 423 sancto
394 381 463 435 dogma
480 381 523 423 sine
536 380 581 422 ullis
593 380 729 421 confirmatum
739 379 848 422 anctorita-

61 450 114 492 titus
130 451 167 492 ltoe
182 450 227 492 loco
243 458 399 506 praetereamus.
431 442 590 505 lnprinris‘enim
603 455 660 508 pater
669 448 712 504 ipse
724 448 748 489 tle
761 448 848 489 attractu

61 517 95 561 lilii
106 518 136 561 sic
146 518 243 575 loquitur:
263 522 346 568 Ponam,
363 517 439 574 ineptit,
454 521 542 572 rprrttnm
555 533 615 559 meum
626 520 646 558 r'n
658 520 710 571 upso,
727 525 747 558 et
755 520 846 558 tudertum
855 517 898 547 5⁶³5·
903 517 926 556 4²,
932 518 945 548 ¹·

59 590 150 642 gentihus
165 589 268 629 nuntiabit.
301 585 379 642 Quibus
395 586 462 629 verbis
479 587 569 643 spiritum
581 602 638 629 suunt
652 594 743 628 sanctum
757 586 847 628 litlelilrns

61 657 153 699 onrttiluns
172 657 196 698 atl
214 656 341 698 obtinendam
359 656 443 698 salntem
462 670 532 697 verum
548 670 572 697 ac
588 670 705 710 germanum
725 656 783 697 teum
801 668 848 696 esse

61 725 170 782 praedicat.
202 724 286 768 Accedit
298 726 322 767 ut
335 725 372 767 ltoc
385 724 519 767 testimouium
535 725 631 780 unigeniti
646 725 709 781 ipsius
725 722 846 766 auctoritas:

62 796 159 848 Spiritus,
183 793 258 849 inquit,
280 796 469 847 domr'rn'superrne,
490 796 631 846 propterquod
644 795 752 843 uurr'trne5
774 792 945 849 ῳιοίΙ-Εὲὃίῧῌ·

62 862 100 904 lius
121 862 259 903 incarnatione
280 869 300 903 et
320 861 390 917 spiritu
409 869 480 903 sartcto
499 861 587 902 stabilita
607 862 632 903 tle
651 861 741 903 fidelihus
760 861 849 903 nuntiata

62 929 166 987 ipsiusmet
178 927 254 972 Christi
268 929 407 972 testificatione
420 936 477 971 certo
487 928 534 971 illud
549 942 674 982 asseramus,
691 930 775 971 alienum
790 930 850 972 atleo

63 1013 187 1055 nequaquam
204 1012 249 1040 esse
264 998 354 1055 spiritum
376 1005 475 1040 sanctum.
506 996 594 1039 Rursum
615 999 639 1039 te
659 998 729 1054 spiritu
749 997 848 1049 dominus,

63 1070 161 1122 Spiritus,
182 1066 257 1122 iuquit,
270 1070 430 1120 putrisrnetest‚
447 1068 678 1120 quu'loan'turiuoobrs.
708 1065 850 1108 Praetereunt
873 1072 931 1137 llll·

63 1137 88 1178 ab
97 1136 140 1193 ipsa
152 1136 255 1179 divinitate
267 1150 306 1177 non
318 1135 464 1177 excludendum
478 1149 523 1177 esse
536 1133 626 1191 spiritum
639 1136 765 1188 ostenderet,
787 1134 850 1177 vultui
876 1111 899 1145 1'
923 1130 927 1138 ’

63 1204 199 1261 apostolorum
210 1204 295 1257 afflavit,
311 1213 332 1246 et
342 1204 404 1256 dixit,
420 1206 510 1257 Aeeptte
520 1208 609 1257 spiritum
618 1212 712 1244 sonetum.
745 1204 776 1244 aa
790 1204 848 1256 haec,
875 1212 928 1275 {pepp

63 1281 85 1316 ut
95 1274 197 1330 aequalem
208 1287 231 1314 ae
241 1272 430 1315 consubstantialem
441 1286 477 1314 sno
489 1272 590 1328 patrisque
601 1272 679 1328 spiritui
690 1278 760 1314 saneto
771 1286 794 1314 se
804 1286 850 1314 esse
894 1268 899 1283 ¹
926 1267 931 1275 ¹

64 1348 196 1392 monstraret,
212 1343 327 1394 Sicularum
338 1357 378 1390 me,
395 1342 470 1396 inquit,
487 1344 576 1382 uenturo
587 1356 628 1382 meo
638 1348 724 1390 seruate,
741 1349 762 1381 et
770 1356 806 1394 ego
816 1356 849 1381 ro·
872 1348 926 1392 tunna.

61 1397 113 1464 gulo
126 1418 212 1464 putrem,
234 1417 255 1450 et
269 1412 328 1450 oleum
341 1412 462 1451 Paracletum
477 1411 532 1450 dubit
546 1410 604 1450 robus.
639 1407 702 1463 Quasi
720 1416 741 1451 et
757 1409 849 1452 dominus
876 1385 928 1422 tnta.

63 1480 106 1536 ipse
118 1478 234 1521 Paracletus
251 1477 289 1530 sit,
311 1485 331 1519 et
343 1479 425 1534 spiritus
441 1485 522 1520 sanctus
534 1479 604 1520 eonem
615 1479 673 1519 morlo
683 1477 709 1519 sit
722 1476 849 1520 Paracletus.

65 1546 158 1604 Apostoli
176 1559 239 1597 sero,
261 1553 283 1587 ut
300 1547 429 1588 ostenderent
444 1547 534 1603 spiritum
553 1554 643 1588 sanctum
659 1560 699 1588 non
711 1560 757 1588 esse
770 1560 851 1588 servum

64 1616 99 1658 sed
112 1616 179 1657 eadem
193 1613 296 1656 divinitate
308 1615 430 1671 praeditum,
447 1615 500 1657 illius
512 1614 649 1658 auctoritatem
665 1629 689 1657 ac
701 1615 808 1671 potentiam
821 1615 851 1657 his

66 1684 133 1727 verbis
144 1684 269 1740 significant:
285 1686 312 1724 Et
327 1686 467 1737 druritspz'rr'tus
478 1692 569 1733 sanetus,
590 1686 698 1737 Segregote
714 1686 763 1724 metri
776 1688 852 1724 Boruo-
864 1696 898 1724 nct-
904 1695 927 1731 1³,
933 1696 946 1724 a.

65 1754 107 1793 bom
117 1761 138 1794 et
148 1755 227 1794 Sontnm
239 1755 317 1806 inopus
329 1755 355 1792 nd
365 1754 416 1805 quot
426 1767 457 1793 eos
469 1755 544 1802 uocaui,
562 1758 602 1794 etc.
635 1751 688 1793 Tum
704 1753 807 1809 apostolus
818 1766 852 1794 ea-

66 1822 110 1863 dent
126 1821 200 1863 diserte
214 1822 314 1863 declarat:
331 1824 423 1862 Itomr'uur
434 1836 489 1870 uero,
504 1821 580 1876 inquit,
592 1824 676 1879 vspiritns
686 1829 726 1861 est:
743 1822 778 1862 ubi
787 1829 956 1869 antemuranum.

66 1893 147 1944 spiritns
163 1892 236 1930 doment
249 1897 289 1939 est,
311 1891 352 1930 illie
367 1890 458 1940 lr'bertus‚·
480 1890 539 1930 item:
564 1892 698 1943 tortemplum
711 1893 810 1939 detesto,
832 1898 957 1939 et1.cor.e,1r.

65 1961 147 2012 rpr'ru'tur
162 1961 235 1999 donatiui
247 1960 323 1998 lnbrtut
341 1961 360 1999 tu
376 1959 435 1997 robus.
467 1956 508 1998 lam
521 1971 571 1999 vero
582 1972 627 2000 cnm
640 1959 733 2014 templum
744 1959 776 2000 tei
789 1958 814 2000 ob
827 1958 852 2000 il·

66 2027 105 2068 lnm
122 2027 185 2068 sancti
201 2026 282 2082 spiritns
299 2025 439 2066 habitationem
454 2038 561 2077 vocemur,
583 2026 627 2081 quis
642 2027 734 2082 spiritum
747 2025 853 2083 repudiare

67 2095 146 2146 anteat,
163 2102 204 2137 eta
215 2094 246 2136 dei
258 2094 367 2136 substantia
379 2094 472 2145 relicere,
489 2108 532 2136 cnm
545 2091 620 2136 diserte
633 2094 670 2137 lroe
682 2096 785 2151 apostolus
796 2109 852 2138 asse·

66 2170 110 2216 rat,
134 2165 229 2218 Templum
246 2178 281 2204 uos
293 2165 387 2212 assedet,
405 2171 487 2216 propter
497 2166 586 2217 speratum
596 2166 650 2204 ellum
664 2172 764 2213 raretum,
786 2164 851 2220 quiin

67 2232 132 2289 tignis
148 2232 235 2275 habitat?
263 2230 372 2274 Praeterea
391 2246 476 2288 quonam
492 2239 550 2289 pacto
565 2232 642 2275 alienus
655 2247 667 2274 a
679 2233 717 2275 deo
729 2240 795 2290 potest
806 2246 852 2276 esse

67 2302 148 2359 spiritns
160 2302 193 2343 ille
203 2301 236 2357 qui
248 2303 383 2356 deiprosuudo
393 2307 508 2342 serutatur?
537 2300 583 2343 Nec
596 2309 627 2343 est
636 2303 688 2357 quotl
699 2302 747 2344 ittut
758 2302 848 2355 obiicias,
870 2316 885 2344 1.
894 2315 931 2344 car.

67 2369 152 2412 scrutari
164 2369 198 2411 illa
210 2370 301 2425 quidem,
318 2384 355 2411 nee
366 2370 411 2411 dum
423 2376 488 2411 tamen
501 2383 632 2425 cognoscere,
648 2378 670 2412 ut
681 2370 769 2413 nonnulli
780 2377 850 2413 contn-
877 2349 900 2386 ¹²'
909 2350 931 2379 ¹⁰¹

68 2438 149 2482 meliose
165 2438 232 2480 iacere
248 2453 291 2480 cnm
304 2452 340 2481 sna
352 2437 440 2495 pernicie
452 2438 495 2481 ansi
506 2446 560 2481 sunt.
591 2437 647 2481 Nihil
663 2439 715 2481 euim
732 2447 788 2482 vetat
805 2440 852 2496 quin

67 2508 119 2549 idem
130 2508 154 2550 dc
164 2514 219 2564 patre
230 2507 307 2559 dicant,
324 2508 347 2550 tle
358 2523 397 2563 qno
410 2508 505 2565 scriptum
517 2515 555 2558 est,
570 2511 664 2550 Serutoru'
672 2511 726 2550 ittam
737 2512 809 2551 ueutm's
821 2521 958 2560 re-rrovnut't.

68 2592 139 2620 cessus.
171 2575 239 2633 Quare
252 2577 272 2619 si
286 2584 390 2634 propterea
402 2578 453 2634 quot
469 2578 493 2619 ad
506 2578 607 2621 scrutandi
620 2578 703 2621 verbum
719 2579 854 2634 cognoscendi

69 2647 121 2690 aliut
138 2662 177 2690 non
193 2653 224 2689 est
239 2646 365 2697 adiunctum,
388 2647 485 2689 eiusmodi
499 2647 590 2704 quiddam
605 2648 665 2705 impie
678 2649 702 2690 tle
714 2648 785 2705 spiritu
797 2640 854 2705 potes

69 2716 135 2760 animo
146 2716 263 2774 concipere,
274 2730 325 2758 non
339 2716 405 2759 miurus
423 2716 442 2759 in
458 2724 532 2773 patrem
545 2715 617 2773 impius
632 2717 661 2760 sis
673 2725 763 2774 oportet,
780 2719 804 2761 tle
815 2734 853 2775 quo

70 2787 151 2830 eandem
170 2786 249 2842 cogeris
264 2786 355 2843 prolerre
371 2787 499 2829 sententiam.
530 2784 609 2844 Quippe
620 2802 664 2829 eum
676 2788 754 2831 ventris
766 2788 810 2830 illos
821 2802 854 2830 re·
898 2816 900 2818 »

69 2869 139 2899 cessus
153 2856 275 2913 perscrutari
291 2862 346 2912 pater
355 2855 438 2907 licitur,
461 2856 515 2899 nulla
533 2857 553 2897 tlt
565 2857 686 2912 cognitionis
697 2857 780 2899 mentio.
810 2855 854 2899 Ne·

70 2919 108 2982 q²ne
121 2938 170 2968 vero
183 2939 266 2968 necesse
279 2924 316 2967 luit
326 2924 378 2967 istud
388 2924 473 2977 attere,
495 2939 538 2967 cum
553 2924 584 2967 dei
595 2924 702 2983 anticipata
717 2926 748 2968 illa
767 2924 854 2982 cognitio

70 2994 174 3052 perspicue
191 2994 324 3051 significetur,
346 3000 404 3036 etex
419 2993 463 3051 ipso
475 2994 576 3037 scrutanti
587 2995 684 3038 vocabulo
698 2995 792 3051 >pertenta
808 3009 855 3037 seu-

93 3076 108 3109 ὁ.
120 3076 154 3117 τῆς
164 3074 229 3115 κοιλίας
240 3076 274 3109 cot.
287 3076 353 3117 Raecio.
471 3077 525 3109 torum
536 3078 617 3109 librorum.

92 3120 110 3156 6.
122 3118 142 3156 τὸ
153 3122 199 3155 codd.
210 3132 248 3156 mss.
268 3121 294 3167 τῷ
309 3124 366 3156 uitium
378 3124 400 3155 est
415 3123 449 3155 ett-
495 3124 511 3159 7.
523 3120 627 3167 παρεκφέρει
638 3123 684 3156 codd.
697 3131 735 3157 mss.
