1988 3392
442 235 524 269 SANGTI
537 235 652 270 EPIPHANII

58 476 142 515 1¹³g·¹⁰⁷³¹
204 476 317 542 Σύντομος
335 475 420 542 άληόῆς
436 477 501 543 λόγος
518 480 567 545 περὶ
584 480 683 538 Πίστεως
701 482 826 544 Καθολικῆς
843 482 883 530 καὶ

380 558 543 622 Ἀτοστολικῆς
558 558 704 622 Ἐκκλησίας.

62 676 108 721 Κεφ,
120 674 142 712 u'.
213 658 243 702 Τά
261 660 297 714 μὲν
312 662 409 715 πολυειδῆ
428 662 462 703 καί
479 658 596 717 πολύτροπα
613 660 648 702 καί
665 662 776 715 πολυσχεδῆ
795 665 835 703 τῶν
852 665 938 704 σκολιῶν

156 728 309 786 1βουλευμάτων
319 733 359 772 τῶν
368 730 461 773 ἐναντίων
472 728 601 783 διαλαβόντες
608 733 697 784 προπετῆ
709 728 827 786 διδάγματα,
841 730 876 772 καί
886 728 938 787 πρός

153 796 206 850 εἶδος
216 800 251 842 καὶ
261 801 319 856 γένος
331 797 434 852 διελόντες,
450 800 532 854 φροῦδα
541 799 575 841 καὶ
586 799 637 841 ἕωλα
647 798 731 854 δυνάμει
741 803 793 843 θεοῦ
803 799 937 855 διηλὲνξαμεν,

153 867 189 911 τόν
201 884 221 911 τε
238 865 323 925 άπειρον
333 866 368 910 τόν
384 866 425 911 άτιό
443 867 527 922 ἑκάστης
541 868 636 925 αἱρέσεως
648 869 780 922 βλασφημιῶν
790 870 824 911 καί
837 869 937 925 αἰσχρολο-

152 942 202 994 χιῶν
214 938 249 980 καί
260 935 386 992 άηδεστάτων
397 937 465 980 αῦτοῖν
477 939 590 994 μυστηρίων
603 935 696 980 κλύδωνα
714 936 865 992 διανηξάμενοι,
885 935 938 991 μάλα

153 1005 210 1061 μόλις
225 1011 265 1049 τοῖν
282 1005 399 1062 ζητημάτων
411 1005 477 1060 πάντη
492 1003 660 1059 ίέπιλυσάμενοι,
680 1007 715 1049 καί
725 1004 762 1061 τῆν
772 1005 850 1049 τούτων
862 1012 938 1060 μοχθη-

152 1078 199 1132 ρίαν
215 1073 385 1132 ῦπερβεβηκότες,
405 1082 448 1126 τοῖς
463 1080 498 1129 τῆς
510 1074 607 1129 ἀληθείας
622 1078 723 1131 χαληνίοις
740 1074 885 1130 ἕπλησιάσαμεν
899 1092 938 1130 χω·
991 1115 993 1118 ,

153 1147 215 1202 ρίοις,
230 1143 297 1187 πάντα
307 1145 343 1200 μὲν
353 1142 417 1187 τάττων
428 1142 566 1194 δνςθάλαττον
577 1142 747 1201 διαπεράσαντες,“
754 1145 788 1187 καί
800 1148 866 1187 πάσαν
878 1143 938 1199 ζάλην

153 1214 188 1255 καλ
199 1212 302 1270 άφρισμόν
312 1214 346 1256 καὶ
358 1212 454 1267 ναμάτων
470 1211 581 1268 3κύρτασιν
591 1209 774 1268 ύπομεμενηκότες,
790 1212 851 1257 σάλον
862 1213 895 1265 δὲ,
911 1210 939 1264 σός

152 1284 223 1334 εἰπεῖν,
238 1283 272 1324 καὶ
284 1284 368 1339 λ’λιχγας,
383 1280 447 1338 βράχη
457 1298 478 1324 τε
489 1278 514 1323 οῦ
526 1279 551 1323 τά
563 1279 655 1336 τυχόντα,
670 1283 704 1324 καὶ
715 1281 853 1338 θηριοβόλους
863 1280 938 1332 τόπους

152 1350 287 1405 θεασάμενοι,
307 1353 328 1394 ἒν
340 1352 399 1408 πείρᾳ
413 1367 433 1392 τε
444 1349 520 1393 τούτων
532 1348 566 1392 διά
577 1353 617 1391 τῶν
626 1349 692 1406 λόγων
701 1352 836 1407 γεγενημένοι,
858 1349 893 1393 τόν
902 1355 939 1405 τῆς

153 1418 234 1474 εἰρῆνης
249 1419 319 1473 λιμένα
334 1419 380 1461 νυνὶ
395 1417 494 1473 θεώμενοι
499 1452 505 1470 ,
527 1420 555 1468 είς
570 1417 594 1461 δν
604 1423 688 1475 κατάραι
699 1418 830 1471 σπεύδοντες,
846 1416 871 1461 δι’
880 1417 938 1474 εῦχῆς

152 1486 211 1530 πάλιν
226 1486 261 1529 τόν
273 1487 345 1543 κύριον
356 1485 460 1541 άξιοῦμεν·
481 1485 520 1540 ῆδη
533 1487 569 1541 μὲν
583 1487 659 1536 παντός
674 1487 742 1542 φόβου
753 1489 787 1529 καί
798 1486 892 1544 θορύβου
903 1489 938 1531 καὶ

152 1554 276 1604 ναυτιάσεως
287 1553 464 1608 4ῦιτολωφῶντες,
485 1555 523 1605 ἕξει
535 1555 557 1597 δὲ
570 1557 661 1613 καλλίστη
675 1555 726 1604 5τάς
739 1553 796 1598 ὁάπό
810 1560 845 1610 τῆς
858 1559 938 1611 στερεάς
970 1590 971 1593 ¹

154 1623 235 1680 7αῦρας
247 1622 389 1677 ε’μπνεύμενοι,
405 1624 439 1665 καί
451 1622 569 1675 άσφαλείας,
590 1623 672 1664 καὶτοῦ
684 1640 704 1665 τε
716 1623 786 1666 εῦδίον
799 1624 883 1679 λιμένος,
899 1625 938 1667 ἔνι-

153 1691 259 1746 σχυόμενοι
269 1695 298 1748 τῷ
308 1690 405 1745 πνεύματι
416 1689 456 1745 ῆδη
466 1691 591 1746 χεγῆθαμεν,
607 1690 669 1732 πολλά
680 1692 727 1745 μὲν,
750 1693 768 1733 εἰ
776 1694 808 1734 δεῖ
818 1690 898 1746 τάληθῆ
907 1692 937 1734 λε’-

152 1776 199 1815 χειν,
215 1758 309 1815 μοχθηρά
320 1760 353 1802 ἐπὶ
363 1758 443 1809 τούτοις
447 1751 485 1801 ’καὶ
495 1757 564 1815 ῦβρεις
573 1756 597 1801 οῦ
606 1757 642 1808 τάς
651 1759 748 1814 τυχούσας
757 1758 887 1812 ύποστάντες,
902 1761 936 1803 καὶ

151 1833 189 1884 γῆν
201 1828 236 1870 καί
248 1827 360 1879 θάλατταν,
380 1826 408 1877 τάς
424 1830 496 1878 εἰπεῖν,
516 1827 644 1878 πεξεῦσνντές
659 1844 679 1869 τε
694 1828 728 1869 καί
743 1827 937 1884 ποντοπορῆσαντες,

152 1901 189 1950 τῆς
201 1896 236 1950 μὲν
246 1902 284 1953 γῆς
295 1895 320 1938 τά
331 1901 403 1952 τραχῆ,
417 1897 452 1938 καί
464 1900 499 1949 τῆς
510 1894 586 1949 ἐρήμου
599 1893 635 1944 τάς
646 1898 762 1952 δνςχωρίας,
777 1898 812 1939 καί
823 1901 863 1939 τῶν
872 1913 938 1951 προει-

152 1966 244 2021 ρημένων
254 1970 344 2021 πελαγῶν
354 1963 403 2014 τούς
413 1965 533 2016 κινδύνους,
549 1961 602 2018 όμοῦ
613 1980 634 2006 τε
645 1951 705 2007 πόλιν
719 1962 816 2021 δρῶντες,
831 1963 862 2009 ἐπ’
873 1964 936 2019 αύτῆν

152 2032 279 2088 σπεύσωμεν,
295 2033 332 2089 τῆν
343 2031 401 2090 άχίαν
415 2031 552 2090 Ἱερουσαλῆμ,
572 2033 606 2075 καὶ
620 2031 656 2087 τῆν
667 2034 771 2090 παρθένον
783 2038 882 2092 Χριστοῦ,
903 2034 936 2076 καί

153 2101 243 2158 νύμφην,
259 2102 340 2158 ἀσφαλῆ
352 2120 372 2145 τε
382 2102 448 2158 βάσιν,
464 2103 498 2144 καὶ
509 2103 589 2159 πέτραν,
606 2100 680 2157 σεμνῆν
690 2120 711 2146 τε
721 2104 797 2161 μητέρα
806 2102 870 2159 ῆμῶν,
888 2107 937 2166 Χρι-

152 2171 307 2257 Qu,
327 2171 459 2230 εὐκαιρότατα
471 2173 505 2214 καί
522 2171 580 2215 αὐτοὶ
594 2172 693 2228 λέγοντες,
713 2177 776 2216 Δεῦτε
790 2173 897 2229 άναβιῦμεν
909 2174 938 2224 εἰς

152 2260 175 2285 το
188 2240 236 2300 όρος
248 2245 327 2300 κυρίου,
343 2243 377 2285 καί
388 2244 415 2292 εἰς
424 2241 459 2286 τόν
470 2239 525 2285 οἶκον
535 2246 570 2285 τοῦ
579 2245 631 2285 θεοῦ
638 2240 718 2298 Ἰάκωβ,
733 2243 767 2285 καί
778 2241 882 2301 άναχχελεῖ
889 2240 938 2299 ἡμῖν

152 2311 189 2367 τῆν
204 2310 253 2356 ὁδόν
268 2312 342 2365 αὐτοῦ,
357 2313 392 2355 καὶ
406 2310 431 2354 τά
445 2313 494 2366 ἑξῆς.

62 2454 108 2499 Κεφ.
121 2453 143 2500 β’.
206 2449 255 2507 ’Ἁχε
271 2454 340 2494 τοίνυν
356 2452 377 2493 οἱ
387 2452 572 2514 Χριστρῦνηαῖδεᾈς,
592 2451 637 2513 vio}
643 2455 678 2510 τῆς
694 2448 816 2510 άχίαςθεοῦ
827 2454 937 2506 ἐκκλησίας,

62 2507 97 2538 pag.
105 2500 145 2529 1⁰³9.
155 2522 176 2563 οἱ
184 2519 231 2562 τόδε
245 2518 267 2562 τό
280 2508 437 2576 σύνταχμῦΜῦαῦν
451 2508 575 2576 όχδοῆιίῦντα
590 2510 782 2577 αἱρέσεωνῆμέρως
790 2519 937 2577 ἀῦτόδιερχό-

155 2605 221 2643 μενοι,
241 2590 276 2631 καί
287 2588 324 2631 σόν
336 2590 380 2648 ἐμοὶ
390 2588 425 2631 τόν
435 2592 526 2631 τοιοῦτον
541 2586 602 2645 όγκον
616 2593 656 2630 τῶν
667 2591 818 2646 προειρημένων
829 2595 938 2646 μοχθηρῶν

155 2659 289 2700 διδασκαλιῶν
305 2657 456 2713 διανηξάμενοι,
477 2656 638 2709 διαπεζεύσαντές
653 2675 673 2700 τε
687 2657 724 2713 τῆν
739 2658 838 2714 τοσαύτην
855 2660 937 2714 ἔρημον,

154 2724 245 2783 φοβεράν
261 2743 291 2780 τε,
312 2728 347 2770 καὶ
361 2729 382 2770 ἐν
397 2730 454 2781 δίψει
468 2727 647 2783 κατατεταγμένην,
669 2726 833 2782 ἒπικαλεσοίμεθα
847 2726 883 2772 τόν
897 2733 938 2772 τῶν

178 2911 217 2944 (λιν,
226 2913 238 2944 Ι.
250 2930 272 2937 -
286 2913 300 2946 λ,
319 2910 428 2957 βουλεύματα
438 2913 510 2946 αοελίεκ.
520 2916 534 2945 ιλ
580 2913 597 2947 3.
609 2911 690 2956 κύρταοιν
706 2914 752 2946 codd.
762 2923 799 2946 mss.
814 2917 828 2947 ετ
839 2914 875 2947 edit.
886 2916 937 2956 μείου.

154 2958 179 2989 ed.
190 2960 241 2998 μνίου.
264 2959 535 3000 Ικοοά.1ἰλταλι“ρ.αοιλεικιηανυε
557 2956 642 3002 κόρτωσιν
653 2961 751 2992 τάλλΡτίαν.
768 2961 938 2993 Similiterhaeuum-

154 3006 220 3036 τιείιλνίλ
231 3001 340 3048 βουλεύματα.
349 3014 369 3036 εν
379 3002 503 3049 βουλευμάτων.
557 3006 609 3038 iunxit
620 3006 663 3037 λαττ.
674 3003 703 3045 όί),
715 3003 742 3038 79.
766 3000 818 3049 άχρεοί
828 3016 847 3040 τε
856 3001 937 3049 κυμάτων

177 3050 193 3081 2¹.
207 3051 293 3084 ‹loz-narius
308 3052 388 3082 transtulit
404 3051 430 3083 vix
446 3049 534 3082 uuudema
557 3047 671 3093 κνρτοόματα,
688 3047 785 3094 οίφρισμοῦς
800 3050 820 3087 δὲ
831 3053 895 3096 (repone
909 3052 936 3095 ts}

155 3094 280 3139 quaestiouibus
293 3096 398 3140 undiquaque
411 3095 493 3129 extricati.
557 3096 587 3132 καί
600 3094 662 3135 σάλους
674 3095 743 3136 δεινούς.
