1988 3392
258 242 351 276 rinnau
362 242 405 275 nin.
415 243 444 276 ιιι.
455 243 509 277 ron.
519 244 533 277 ι.
545 241 612 276 unna.
623 241 706 276 nxxrr.
833 232 875 275 253

149 320 232 366 Coninl.
241 321 271 366 X.
303 321 367 365 instat
382 323 477 380 oppositis
494 324 604 366 rationibus
618 330 639 364 et
653 322 776 378 argumentis
795 321 874 374 Atilius,

91 392 200 435 dialecticis
215 392 298 435 vocibus
314 393 399 434 bartiano
412 392 494 448 ingenio
509 393 610 435 fabricatis
629 390 798 447 comprehendere
818 392 875 433 deum
929 412 932 416 ’

91 461 181 516 cupiens,
198 476 221 503 ac
231 461 363 503 certissimam
374 461 473 504 evidentis
482 462 527 503 lidei
539 476 593 517 spem
605 461 713 503 dictionum
725 474 804 502 suarum
815 475 875 516 argu-

91 531 124 572 tiis
142 531 234 572 mutilare
252 531 383 572 contendens.
414 528 483 586 ltaque
501 531 600 572 dissimilis
618 530 736 572 vocabulum
753 529 876 571 dissimiliter

92 598 208 650 committit,
230 605 250 640 et
262 599 359 641 dictiones
370 599 419 641 alias
434 600 478 641 aliis
491 600 514 639 ad
530 600 657 641 evertendum
669 599 753 651 inserit,
776 606 798 639 ut
807 612 832 640 ea
844 612 876 639 ra-

91 667 146 710 tione
157 668 259 719 conficiat,
282 668 342 709 filium
354 669 415 724 patris
428 681 474 709 esse
486 668 612 719 dissimilcm;
635 669 687 723 quod
698 668 740 709 lieri
753 667 807 709 nullo
818 668 876 707 modo

91 742 165 792 potest.
197 733 265 790 Quare
281 737 323 777 suis
341 736 383 791 ipsc
400 736 521 792 syllogismis
539 750 562 778 ac
577 736 688 777 rationibus
705 737 803 792 capietur.
841 732 876 776 Sic

91 804 144 846 enim
163 804 260 860 disputat:
282 802 306 846 si
324 805 413 859 perlecta
428 804 454 845 sit
469 804 537 859 genita
554 804 646 855 soboles,
667 805 736 846 eadem
751 804 772 845 iu
785 803 876 858 ingenito

92 872 143 922 erit,
165 886 204 912 nou
221 885 248 912 ex
264 871 289 911 iis
305 885 355 925 quae
372 885 416 911 eum
432 872 456 912 ab
467 871 557 925 ingenito
571 872 688 925 gigneretur
699 872 792 912 obtinuit.
822 869 876 911 Nam

92 939 159 994 genita
170 945 241 980 natura
255 938 275 979 in
287 938 376 993 ingenita
387 938 498 979 substantia
510 952 555 979 esse
567 952 608 979 uon
619 945 697 993 potest3
719 946 774 980 esset
784 938 837 980 enim
849 939 876 980 si-

92 1005 208 1057 mulidem,
231 1012 377 1048 elnonesset.
407 1004 461 1047 Nam
476 1005 628 1061 quodgeuitum
645 1012 686 1058 est,
708 1005 818 1062 ingenitum
837 1021 877 1048 nou

93 1082 135 1127 est,
156 1074 358 1130 etquodiugeuitum
371 1081 414 1126 est,
437 1074 525 1129 genitum
539 1089 578 1116 uon
591 1073 635 1115 luit.
667 1073 745 1131 Quippe
760 1074 876 1116 dissimilem

93 1143 176 1199 aliquam
187 1143 225 1185 dec
236 1150 312 1200 partem
324 1142 411 1185 tribuere
422 1143 521 1185 maledicti
531 1143 552 1185 in
562 1157 606 1184 eum
616 1157 639 1184 ac
649 1144 781 1186 contumeliae
790 1143 877 1199 speciem

93 1213 189 1270 praefert.
222 1211 256 1256 Ex
273 1212 343 1270 quibus
361 1213 411 1256 falsa
427 1212 480 1261 illius
498 1227 522 1255 oc
539 1212 647 1255 mendaciis
664 1214 739 1256 referta
751 1212 878 1255 convincitur

94 1283 169 1337 oratio,
190 1282 249 1340 idque
263 1284 368 1341 perspicue
385 1290 474 1336 constat,
496 1282 611 1326 dissimilem
628 1284 689 1341 patris
704 1298 750 1326 esse
764 1283 824 1326 lilium
838 1299 878 1338 nou

94 1367 167 1411 posse,
183 1367 247 1410 neque
266 1354 367 1411 perlectae
383 1353 481 1397 divinitati
498 1354 550 1396 illius
567 1353 699 1410 inaequalem.
731 1353 811 1396 Etenim
827 1368 878 1410 quae

95 1423 175 1465 omnino
187 1423 242 1466 velut
256 1430 337 1466 coactus
348 1423 458 1480 eloquitur,
481 1438 504 1465 ea
516 1424 628 1466 sententiae
641 1438 690 1466 suae
703 1424 803 1466 contraria
814 1424 878 1466 disse-

94 1493 132 1545 rit,
153 1493 197 1534 dum
215 1493 293 1534 assidue
310 1493 397 1549 genitum
417 1500 436 1534 et
454 1493 563 1548 ingenitum
579 1493 636 1535 nobis
653 1493 747 1535 obtrudit.
782 1492 841 1536 Unde
858 1501 878 1536 et

95 1562 146 1617 quod
158 1562 181 1603 ad
193 1568 280 1603 creatum
291 1562 441 1618 increatnmque
451 1569 540 1618 spectat,
559 1562 607 1604 illud
620 1577 659 1604 una
671 1563 749 1604 discere
761 1562 830 1615 debet,
851 1564 879 1605 al-

94 1637 159 1672 terum
175 1644 219 1672 cum
233 1630 296 1673 altero
312 1630 385 1673 nullam
399 1631 500 1686 dignitatis
516 1631 675 1673 communionem
687 1631 772 1685 babere3
795 1632 878 1687 quaein

96 1712 121 1741 eo
132 1698 196 1756 posita
209 1706 240 1741 est
250 1706 272 1741 ut
285 1706 346 1741 totum
358 1700 384 1741 sit
394 1700 511 1742 adoratione
523 1701 690 1758 prosequendum.
721 1698 745 1742 Si
760 1700 812 1742 enim
827 1702 878 1757 quod

96 1768 191 1810 dissimile
207 1775 238 1810 est
249 1782 293 1810 cum
306 1782 330 1809 eo
342 1769 398 1811 cuius
411 1770 506 1811 dissimile
518 1779 548 1811 est
561 1770 691 1825 adaequatum
702 1770 781 1826 penitus
792 1768 819 1811 sit
832 1770 880 1811 ado-

95 1837 187 1888 randum‚
199 1851 251 1878 uuus
259 1836 284 1878 ab
295 1837 395 1880 universis
406 1837 454 1879 nibil
467 1852 493 1880 ex
501 1838 535 1880 illa
547 1838 638 1880 oratione
648 1838 800 1894 discrepaverit.
825 1837 878 1880 Tum

96 1905 148 1946 euim
160 1905 294 1946 coiiditiouum
310 1905 344 1947 illa
359 1905 497 1947 dissimilitudo
511 1907 532 1947 in
545 1921 582 1948 suo
598 1906 667 1949 ordine
684 1921 708 1948 ac
720 1906 815 1962 dignitate
831 1921 880 1948 con-

96 1973 206 2022 tineriyuon
220 1972 304 2029 poterit3
321 1975 399 2015 tametsi
408 1988 468 2015 unum
478 1975 526 2016 illud
539 1976 623 2025 ceteris,
646 1989 696 2030 quae
709 1975 811 2017 dissimilia
824 1983 878 2028 suut,

96 2041 201 2097 splendore
215 2055 238 2082 ac
251 2041 314 2096 gloria
327 2042 446 2083 antecellere
459 2042 547 2095 dicatur,
570 2042 595 2083 ob
614 2057 683 2084 eorum
701 2043 879 2085 dissimilitudinem

96 2122 147 2164 quae
162 2123 206 2150 eum
223 2123 262 2150 uno
274 2109 385 2151 consociari
404 2109 552 2165 compararique
566 2124 606 2151 non
621 2118 712 2165 possunt.
744 2109 879 2165 Quamobrem

97 2190 122 2218 eo
135 2177 213 2218 tandem
227 2191 260 2218 res
271 2178 347 2219 recidet
357 2184 379 2218 ut
390 2178 433 2229 sol,
450 2179 507 2226 luna,
524 2179 601 2229 sidera,
617 2185 684 2230 terra,
705 2186 763 2233 atque
778 2179 803 2220 iis
819 2180 879 2220 etiam

97 2244 194 2286 inferiora
204 2258 294 2300 quaeque
306 2246 407 2287 adoranda
418 2245 534 2298 videantur,
551 2259 615 2301 neque
626 2246 645 2287 id
656 2245 690 2287 itui
702 2260 746 2288 cum
756 2260 796 2288 uno
808 2247 880 2303 spiritu

97 2313 218 2370 praecipium
234 2327 257 2355 ac
274 2314 374 2371 peculiare
387 2315 424 2368 sit,
447 2328 497 2370 quae
513 2322 544 2356 est
558 2328 597 2356 uua
611 2313 702 2366 trinitas,
724 2315 817 2357 diviuitas
831 2330 879 2368 uua,

97 2390 118 2425 et
132 2382 261 2438 singulariter
275 2384 384 2427 adoranda.
422 2383 549 2441 Quapropter
566 2384 583 2426 si
602 2383 639 2426 boc
656 2385 714 2426 modo
732 2384 827 2440 colligere
841 2385 881 2427 ista

97 2453 151 2507 licet,
168 2467 212 2495 eum
222 2452 251 2495 rei
261 2453 347 2497 veritate
358 2460 512 2496 consentaneum
525 2452 564 2495 erit
574 2454 625 2510 quod
635 2452 713 2496 dicitur.
736 2452 817 2511 Neque
828 2454 881 2497 enim

97 2537 158 2567 uuum
168 2523 250 2566 verbum
260 2523 381 2580 reliquorum
391 2523 455 2566 simile
466 2531 505 2577 est,
522 2537 586 2581 neque
598 2523 648 2566 filius
660 2538 711 2566 unus
724 2523 768 2566 aliis
780 2524 880 2578 omnibus,

98 2595 132 2652 qui
143 2609 179 2653 per
190 2593 304 2651 allegoriam
321 2594 350 2636 sic
364 2595 499 2652 appellantur,
521 2594 617 2652 aequalis.
648 2593 701 2637 Nam
713 2594 766 2636 inter
781 2595 831 2637 alios
845 2595 881 2637 mi-

99 2666 152 2708 nime
164 2672 269 2716 censetur,
290 2664 325 2706 sed
337 2678 372 2720 per
383 2679 427 2707 eum
438 2664 472 2707 isti
485 2665 582 2722 procreati
595 2671 649 2706 sant.
681 2662 711 2707 lta
726 2665 777 2721 quod
789 2665 881 2722 impossi-

99 2735 218 2777 bilerinitio
238 2733 340 2791 proposuit
358 2733 443 2787 Aetius,
467 2735 558 2790 quodque
573 2734 705 2776 contumeliae
724 2734 745 2776 in
764 2735 834 2787 deum,
858 2749 881 2776 ac

97 2800 199 2847 'maledicti
219 2804 305 2860 speciem
325 2802 422 2856 babebat,
444 2804 469 2845 ob
485 2804 538 2845 illam
558 2818 615 2860 quam
632 2803 737 2845 affinxerat
752 2804 789 2845 deo
805 2811 881 2860 partem

100 2876 161 2930 (quae
172 2872 250 2929 quidem
261 2888 302 2915 uon
312 2871 444 2925 differentiae,
455 2873 490 2915 sed
502 2871 626 2929 aequalitatis
634 2887 680 2929 pars
689 2880 733 2925 est;
750 2873 800 2915 adeo
810 2880 880 2914 utnon

101 2944 128 2986 sit
139 2942 235 2999 particula
248 2942 352 2994 diviuitas,
374 2955 425 2997 quae
437 2942 583 2999 perfectissima
595 2956 675 2999 semper
685 2950 717 2985 est
727 2943 748 2984 iu
761 2942 823 2984 tribus
835 2955 881 2997 per-

101 3012 158 3055 fectis
170 3011 293 3064 consistens,
310 3025 349 3053 nna
361 3010 473 3066 divinitas),
485 3011 535 3065 boc,
550 3013 638 3067 inquam,
654 3011 727 3068 ipsum,
744 3011 795 3067 quod
807 3011 831 3052 de
841 3011 882 3053 dis-

101 3081 160 3126 simili
169 3081 249 3135 iniecit‚
266 3081 290 3123 ad
303 3081 408 3124 veritatem
419 3080 528 3123 catholicae
541 3080 586 3123 bdei
597 3080 764 3122 corroborandam
776 3080 882 3138 plurimum
