1988 3392
154 212 196 255 274
442 218 525 253 ειαοτι
537 217 654 252 omnmo

154 299 188 342 καί
204 294 248 341 οὐδ’
262 296 325 347 αῦτδς
339 303 398 341 τοῦτο
412 298 491 348 λέξειας.
521 294 560 351 Μὴ
577 297 705 351 ἐνδεχομένου
722 296 744 338 δὲ
755 300 791 340 τοῦ
806 297 869 341 αὐτόν
886 297 937 344 εἶναι

155 367 236 421 ίίμοιον,
253 365 320 420 ἢίσον
328 372 371 415 τοῖς
380 367 399 415 ἐξ
411 365 475 408 αὐτοῦ
485 366 506 415 ἐξ
516 364 554 408 οῦκ
565 362 629 406 όντων
638 362 751 421 γεγονόσιν,
766 363 885 409 ἀνένδεκτόν
897 369 937 411 ἔστι

155 431 180 477 τά
188 433 250 488 ῦμοια
262 433 325 477 αὐτόν
334 432 415 488 πάσχειν
426 438 469 482 τοῖς
479 432 582 487 ἀνομοίοις
593 431 659 490 αὐτῷ,
675 429 706 482 οἷς
715 430 738 475 τό
748 429 798 475 εἶναι
808 432 859 475 αῦτεί
869 436 890 484 ἐξ
901 435 937 477 αῦ·

154 506 191 545 τοῦ
201 504 221 553 ἔξ
232 502 271 545 οὐκ
285 501 358 552 όντων,
379 502 414 544 καί
425 500 491 543 πάντα
505 500 529 543 τά
543 502 565 543 έν
575 500 655 552 αὐτοῖς,
677 498 708 550 οἷς
719 502 823 554 συμβαίνει
836 499 887 543 κατά
897 503 938 545 στέ-

155 584 214 625 ρησιν
225 568 275 613 εἶναι
287 568 309 612 τό
322 570 418 612 ἐναντίον.
451 567 480 611 Τά
494 569 530 622 μέν
541 566 579 624 γάρ
590 569 642 611 ἐστιν
654 565 747 623 9ὁρῶνται
757 569 795 612 οῦκ
805 569 839 623 ἀφ’
852 570 937 613 ἕαυτῦν·

155 637 203 682 οῦτε
214 637 251 694 γάρ
261 639 296 680 καὶ
305 637 327 680 τό
337 635 387 681 εἶναι
398 636 433 691 ἀφ’
447 639 523 680 έαυιοῖν
534 635 650 692 ἐσχήκασιν,
670 635 719 679 ἀλλά
729 635 780 680 κατά
790 635 872 692 δοτικὴν
881 637 939 695 χάριν

155 712 192 750 τοῦ
205 707 355 761 δεδομημένου,
379 707 401 749 έν
416 703 447 755 οἷς
462 708 565 761 συμβαίνει
577 703 600 748 τό
613 703 683 754 πάθος
695 704 747 748 κατά
761 707 852 763 στέρησιν
864 710 904 749 νῦν
914 707 939 749 ’έν

156 775 225 825 αὐτοῖς
236 772 369 831 ὑπαρξάντων
383 773 434 817 κατά
444 772 480 829 τὴν
495 773 552 817 δόσιν
566 778 602 817 τοῦ
615 774 766 829 δεδωρημένου,
785 778 823 818 τοῦ
834 775 937 827 ἀπαθοῦς,

155 845 190 888 καὶ
202 843 240 888 οῦκ
251 845 274 887 έν
283 861 338 894 τινος
352 844 431 899 έχοντος
442 841 465 887 τό
478 840 539 896 εἶναι,
561 842 610 886 οῦδὲ
623 844 736 898 δυναμένου
751 847 888 902 στερίσκεσθαι
897 850 939 895 τοῖς

156 916 176 967 ἕξ
191 913 230 958 οὔκ
245 912 308 958 ’όντων
323 911 440 972 ῦπάρξασιν.
470 914 500 957 Εἰ
515 907 552 958 οἷν
565 912 603 957 οῦκ
616 914 660 964 ίσος
671 914 746 966 ἐκεῖνος
758 911 770 958 6
781 912 836 968 υἱός,
856 911 938 970 ἢδπα-

155 982 203 1041 τηρ,
218 982 233 1039 ἢ
244 982 266 1027 τό
279 980 338 1041 άγιον
347 988 426 1039 πνεῦμα
438 982 527 1036 τούτοις,
542 981 600 1034 ἀλλος
611 984 633 1026 δέ
645 984 698 1026 ε’στιν
707 980 720 1027 6
729 981 773 1035 υίδς
782 982 838 1041 παρά
848 982 939 1037 τούτους,

157 1053 182 1097 οῦ
194 1057 218 1113 τῇ
230 1055 264 1113 ’ίσιχ
276 1053 376 1113 ἀνομασίμ
387 1051 554 1108 κικλησκόμενος,
575 1054 674 1110 ἐξαίρετον
686 1053 751 1097 δὲκαὶ
762 1052 883 1111 ἀσύγκριτον
894 1051 938 1097 ίίνο·

157 1141 185 1177 μα
196 1124 255 1177 έχων,
272 1121 402 1179 αὐτοαγαθόν
414 1121 455 1166 ἀπό
466 1126 503 1165 τοῦ
515 1121 645 1180 αῦτοαγαθοῦ
655 1120 723 1175 όντος,
738 1125 768 1173 τίς
777 1119 825 1177 ἀνὴ
835 1121 940 1177 συμπλοκὴ

157 1190 209 1247 πρός
223 1189 245 1234 τό
257 1190 373 1247 στερητικδν
385 1189 498 1246 10έχοῦσης
512 1191 628 1242 ἀντίθετον,
660 1195 681 1222 1¹
691 1189 788 1248 Περιττός
799 1188 837 1248 γάρ
848 1188 860 1234 6
870 1195 907 1233 τοῦ
917 1189 940 1233 τό

158 1257 272 1316 στερητικὸν
289 1261 433 1316 εἰςενέγκαντος
448 1257 497 1314 ἡμῖν
506 1259 585 1302 Ἀετίου
601 1258 660 1316 λόγος
675 1263 711 1302 τοῦ
722 1259 833 1317 ἀγεννήτου
844 1263 897 1302 θεοῦ
906 1260 939 1302 καὶ

156 1332 252 1385 γεννητοῦ
264 1330 320 1379 υίοῦ,
336 1328 361 1372 οὐ
373 1327 424 1371 κατά
434 1329 525 1384 στέρησιν
536 1327 573 1382 την
582 1331 622 1370 τῶν
632 1326 744 1381 κτισμάτων
754 1329 833 1382 έχοντος
842 1326 865 1369 τό
875 1325 940 1383 ῦποίρ-

156 1413 192 1451 χου
203 1396 290 1450 ἀξίωμα,
306 1394 355 1439 ἀλλά
368 1395 418 1439 κατά
429 1395 452 1439 τό
465 1394 583 1450 αὐτομάτως
592 1396 627 1438 καί
638 1394 753 1446 ἰδιαζόντως
764 1395 811 1438 καθ’
823 1393 883 1439 ἑαυτό
891 1409 941 1448 συμ-

157 1465 234 1520 πρέπον
245 1470 270 1523 τῇ
280 1465 353 1507 ἑαυτοῦ
364 1465 424 1523 οῦσίμ
440 1480 461 1507 τε
475 1465 510 1507 καί
523 1462 610 1518 θεότητι.
638 1461 674 1514 Ὡς
688 1464 721 1507 ἐπὶ
733 1468 769 1506 τοῦ
785 1462 894 1520 ἀόργητος,
915 1463 941 1506 οῦ

157 1531 191 1575 διά
200 1530 222 1574 τό
234 1533 358 1588 ὀργίζεσθαι,
380 1531 428 1576 ἀλλά
443 1530 477 1575 διά
492 1530 514 1575 τό
527 1530 687 1588 αῦτοαόργητον,
707 1533 742 1574 καὶ
755 1532 778 1576 τό
789 1532 896 1589 ἀγέννητος
907 1531 941 1574 διά

157 1598 180 1642 τό
195 1600 392 1656 ηαῦτοαγένυητον,
411 1598 449 1643 κάν
460 1616 481 1642 τε
491 1597 503 1641 6
513 1598 558 1649 υίδς
573 1598 667 1655 γεννητὸς
679 1601 709 1653 ε’ίη
721 1598 762 1642 ἀπό
774 1605 810 1643 τοῦ
823 1598 940 1657 ἀγεννήτου·

157 1672 193 1721 τῆς
209 1667 259 1710 κατά
275 1669 366 1724 στέρησιν
382 1669 451 1719 λέξεως
467 1670 554 1721 ματαίως
568 1668 660 1722 κειμένης
677 1667 710 1710 ἐπὶ
724 1671 751 1726 τῷ
766 1668 878 1727 ἀσυγκρίτῳ
889 1666 942 1724 πρός

157 1735 205 1786 τοῦς
217 1735 297 1787 ἀλλους,
318 1735 370 1779 κατά
382 1735 416 1779 τόν
426 1740 477 1779 νοῦν
487 1735 559 1778 τοῦτου
574 1740 610 1779 τοῦ
621 1733 775 1790 ῦποβάλίοντος.
807 1733 942 1792 Οῦτεγοίρτά

157 1802 205 1847 ἀλλα
215 1809 244 1862 τῷ
255 1805 390 1864 γεγεννημένῳ
404 1804 499 1857 ἰσάζεται,
522 1802 567 1847 οῦτε
577 1801 590 1847 ό
601 1801 707 1861 ἀγέννητος
722 1810 764 1855 τοῖς
773 1806 908 1860 κεκτισμένοις
918 1803 941 1848 τό

75 1881 150 1921 ooo-9⁵²·
160 1870 268 1928 δμοοῦσιον
278 1876 418 1930 μεταδίδωσιν·
434 1874 473 1918 οῦκ
488 1872 591 1917 ἀδυνάτου
605 1877 642 1916 τοῦ
656 1876 744 1935 δυνατοῦ
758 1875 941 1932 κατηγορουμένου,

159 1942 207 1987 ἀλλά
226 1947 267 1987 τῶν
285 1942 391 1987 ἀδυνάτων
410 1943 461 2001 πρός
478 1942 500 1987 τό
520 1940 605 1987 δυνατόν
624 1941 651 1999 μή
669 1944 847 2000 ἒπειιτεινομένοιν,
858 1943 904 1989 διά
918 1943 941 1989 τό

159 2015 259 2071 ἐξαίρετον
272 2018 310 2057 τοῦ
323 2011 368 2065 έυός
383 2017 445 2067 θεοῦ,
460 2015 494 2057 καί
506 2017 543 2058 τοῦ
554 2015 574 2065 ἐξ
585 2011 649 2057 αὐτοῦ
659 2019 780 2071 μονογενοῦς
789 2016 837 2059 υἱοῦ
841 2049 847 2069 ,
865 2012 903 2059 σῦν
913 2018 942 2075 τῷ

159 2081 210 2143 ἀγίμ
224 2081 328 2138 πνεῦματι.

218 2415 295 2469 Κεφάλ.
304 2416 383 2458 Ἀετίου
391 2413 414 2458 κ’.
430 2416 489 2458 Είαῖ
497 2415 596 2471 στερήσεις
609 2419 664 2459 1τῶν
672 2416 730 2467 ἕξεσιν
742 2415 809 2459 αὐτῶν
819 2417 869 2459 εἰσιν
880 2416 941 2470 ἀφαι-

161 2484 230 2541 ρέσεις,
245 2483 267 2528 τό
278 2485 311 2527 ἐπί
322 2488 373 2526 θεοῦ
383 2483 491 2540 ἀγέννητον
503 2482 547 2537 ἤτοι
557 2485 647 2539 στέρησίς
658 2485 710 2527 ἐστιν
723 2484 806 2535 2ἕξεως,
821 2483 836 2539 ἢ
847 2485 887 2536 ἕξις
899 2499 940 2528 στε-

161 2551 242 2609 ρήσεως.
268 2550 320 2595 Ἀλλ’
332 2554 350 2595 εἰ
359 2552 394 2606 μέν
404 2553 494 2608 στέρησίς
506 2552 558 2594 ἔστιν
568 2552 633 2605 ἕξεως,
648 2557 692 2602 πῶς
702 2550 727 2595 ἀν
737 2550 760 2595 τό
770 2551 798 2607 μή
807 2551 881 2608 προςδν
896 2550 941 2604 3τίς

161 2618 237 2675 προςόν
250 2625 279 2678 τῷ
293 2624 336 2678 θεῷ
352 2617 562 2676 συναριθμηθήσεταις
592 2622 621 2663 Ei
635 2621 657 2663 δέ
674 2621 713 2671 έξις
730 2622 770 2664 ε’στί
785 2618 807 2663 τό
826 2620 940 2677 ἀγέννητον,

162 2686 240 2743 ἀνάγκη
254 2685 518 2744 προῦποθέσθαιγεννητήυ
530 2686 611 2740 οῦσίαν,
632 2686 655 2731 ἵν’
672 2687 737 2739 οῦτστς
750 2689 790 2740 έξιν
801 2691 941 2744 προςίαβοῦσα

161 2754 269 2812 ἀγέννητος
285 2755 410 2810 ὀνομάζηται.
439 2757 469 2797 Et
480 2755 502 2797 δέ
512 2759 526 2812 ,14
533 2753 616 2811 γεννητη
629 2755 740 2813 ἀγεννήτου
756 2756 827 2807 οὐσίας
843 2757 939 2813 μετέσχεν,

183 2835 199 2870 9.
213 2831 254 2871 &m
269 2839 358 2878 ειιεμῐυαιυε
372 2842 394 2872 εει
405 2839 487 2873 Ρτίανίυε.
509 2838 540 2871 Ro·
561 2837 614 2871 ritca
626 2837 733 2882 complicatio
745 2836 818 2884 ομιττεδ
828 2837 941 2883 privationem

160 2884 201 2915 omo
217 2887 254 2915 υειι.
271 2884 346 2916 librorum
360 2886 456 2925 scripturum
469 2886 541 2923 respecto
563 2884 642 2928 opposite
652 2896 671 2916 se
681 2883 746 2918 habet?

161 2929 228 2969 eoemph·
244 2929 263 2961 de
277 2938 324 2962 coeco
338 2932 397 2972 sumpti
409 2939 439 2972 ηυο
452 2931 502 2971 poulo
513 2938 540 2962 so·
587 2930 612 2964 11.
631 2928 716 2974 Περιττδς
734 2930 837 2964 emendarunt
854 2932 941 2965 Carnarius

159 2976 214 3015 μιτὶαε
224 2984 263 3008 usos
273 2978 312 3007 erac.
564 2975 630 3018 (vertens
645 2975 712 3009 Corruit
729 2975 773 3009 enim
788 2975 832 3010 Aetii
845 2981 909 3021 sermo)
926 2980 941 3011 τί

186 3021 211 3053 10.
226 3022 340 3064 συνείρευάυοι
354 3022 416 3055 viderur
432 3017 541 3068 ἔχονοίσίας
563 3022 643 3057 Ριιουίαε.
665 3023 710 3057 Libri
720 3022 777 3057 mono
787 3021 833 3068 Περί
843 3034 867 3060 τε.

162 3062 251 3104 ἀντίθετον.
270 3070 356 3103 Cornorius
362 3070 407 3103 vertit
413 3079 494 3115 quaenam
504 3067 541 3102 fue·
