1988 3392
265 221 359 255 rancun
371 222 414 256 nro.
423 224 454 257 ur.
465 223 522 257 rom.
530 224 544 257 r.
555 222 623 256 nunu.
632 223 716 257 cxxvi.
841 218 884 259 309

96 316 137 344 non
148 315 159 342 e
171 301 244 354 nihilo,
267 302 302 343 sed
315 303 422 357 excoqui
434 311 465 344 εει
476 304 621 345 conuenienter
631 304 738 359 productus
752 303 881 359 intelligitur3

96 369 145 411 adeo
165 375 186 410 ut
204 383 268 426 neque
285 370 390 422 collatata,
413 383 478 426 neque
495 378 596 414 contracta
613 372 640 414 sit
654 372 773 415 substantia.
804 371 881 415 Verum

96 437 128 492 qui
139 436 221 492 spiritus
237 445 268 479 εει
285 445 342 494 pater
357 438 447 494 spiritum
460 439 541 494 perinde
559 440 619 481 filium
635 441 705 496 genuit
721 447 781 495 atque
792 454 804 482 ε
814 442 882 497 scipso

95 512 185 547 sanctum
197 506 286 564 spiritum
297 506 370 549 emisit.
400 504 473 563 Neque
482 521 536 551 uero
548 515 582 550 aut
593 510 721 566 semetipsum
733 510 826 566 ignorat,
848 518 882 553 aut

95 581 216 616 contractam
233 575 373 617 collatatamve
391 590 447 618 suam
467 576 523 618 novit
540 577 685 630 substantiam,
708 578 752 619 sive
769 578 882 634 aliquase-

95 643 161 686 ctione
171 643 280 686 concisam.
311 643 368 687 llaec
385 645 437 687 enim
455 645 522 687 omnia
537 646 611 688 dedeo
628 647 716 703 cogitare
728 647 788 689 nimis
804 654 836 689 est
846 647 882 689 ab·

95 714 189 765 surdum,
212 720 233 754 ut
243 713 289 769 quid
306 714 332 754 sit
347 714 428 771 spiritns
443 721 524 773 sanctus
537 715 586 756 deus
598 715 641 770 ipsc
654 716 739 757 nesciat.
770 715 803 757 Ac
816 729 881 772 neque

94 781 195 837 ingenitus
206 797 250 824 eum
262 783 351 838 ingenito
362 783 402 824 tilio
414 783 590 825 consubstantialis
604 798 644 825 nou
657 792 701 837 εει,
723 799 788 840 neque
800 785 881 841 genitus

94 850 137 908 ipse
148 865 272 893 communem
282 866 325 893 cum
335 858 391 908 patre
402 851 541 894 aeternitatem
553 866 593 893 nou
604 852 700 894 continet.
731 852 812 896 Etenim
824 860 882 911 pater

94 920 167 973 lilium,
189 921 240 962 tilius
257 928 331 978 patrem
349 921 461 977 cognoscit.
493 920 584 962 Trinitas
601 936 661 977 porro
676 922 719 978 ipsa
731 922 774 964 sine
786 924 826 965 ullo
840 924 880 966 fine

93 997 161 1031 manet
173 990 275 1042 increata,
299 991 410 1047 occiditque
424 1005 533 1046 nunquam.
569 988 633 1032 Filius
650 1005 699 1033 vero
711 1006 723 1034 a
735 999 792 1048 patre
807 1006 880 1035 revera

94 1074 117 1102 ac
127 1073 207 1116 semper
218 1055 319 1102 existente
330 1059 351 1102 in
363 1059 443 1116 propria
456 1060 585 1116 perlectaquc
597 1067 668 1103 natura
682 1061 762 1116 genitus
776 1068 815 1103 εει.
839 1059 879 1120 μ,01)

93 1129 112 1170 id
123 1128 251 1185 semetipsum
263 1129 331 1181 novit;
351 1142 416 1185 neque
433 1136 467 1171 aut
478 1128 529 1170 lilius
542 1129 651 1184 ingenitam
664 1130 726 1186 patris
738 1129 878 1184 substantiam,

84 1206 127 1240 aut
142 1197 243 1252 ingenitus
261 1197 306 1249 lilii,
331 1211 388 1254 quem
407 1197 513 1254 produxit,
535 1196 631 1253 ignorare
648 1205 723 1255 potest.
754 1197 832 1254 Dignus
848 1207 880 1242 est

93 1267 145 1308 enirn
157 1266 208 1308 lilius
217 1266 259 1323 ipse
272 1266 304 1308 cni
314 1266 343 1308 sic
354 1266 442 1322 loquenti
454 1266 503 1308 fides
514 1266 644 1308 adhibeatur:
666 1270 726 1308 Nemo
739 1271 793 1308 novit
799 1276 875 1322 patrem
898 1282 958 1311 maun.

93 1337 211 1389 nc'sc'fllc'ns,
227 1343 247 1375 ει
255 1337 322 1389 filium
337 1338 377 1376 εἰεί
386 1343 451 1388 poter.
904 1318 956 1353 Μ·

150 1401 178 1445 ll.
210 1401 344 1458 Quamobrem
363 1403 538 1445 circumscribatur
551 1417 563 1445 a
576 1403 813 1457 temerarioilluAe'tio,
834 1412 879 1446 tan·
952 1458 954 1460 q

93 1486 150 1529 quam
163 1487 175 1513 a
186 1471 264 1524 iudice,
280 1473 408 1528 pronuntiata
421 1472 533 1524 sententia,
555 1487 595 1513 nou
607 1472 690 1513 eundem
702 1472 726 1513 de
737 1473 804 1529 seipso
818 1488 878 1530 posse

93 1540 173 1597 genitae
184 1548 267 1583 naturae
284 1540 342 1582 simul
356 1547 376 1582 ει
386 1540 487 1596 ingenitae
499 1539 609 1582 informare
621 1539 733 1582 scientiam.
763 1539 845 1583 Etenim
854 1542 879 1583 il-

91 1611 129 1652 lius
145 1610 226 1651 decreto
241 1610 369 1665 iampridem
385 1609 437 1651 urrici
455 1609 486 1650 dei
499 1609 533 1650 lilii
546 1609 656 1651 auctoritas
671 1608 812 1665 praescripsit,
833 1625 878 1652 cum

92 1694 114 1721 sc
132 1687 207 1736 patrem
224 1692 297 1730 nosse,
321 1692 358 1719 nec
374 1677 433 1719 alium
453 1685 570 1734 praeterea,
594 1677 677 1719 definiit.
714 1675 792 1732 Quibus
809 1678 877 1722 verbis

92 1747 151 1789 etiam
162 1747 251 1804 spiritum
266 1754 356 1789 sanctum
373 1747 432 1788 simul
448 1747 568 1788 existentem
584 1746 702 1802 complexus
717 1754 760 1799 εει,
784 1749 878 1803 quemad-

78 1817 168 1859 modum
179 1815 218 1858 alio
229 1815 250 1857 iu
260 1816 304 1857 loco
316 1815 378 1868 dixit,
395 1818 481 1869 Spiritus
487 1819 552 1869 patris
561 1816 636 1856 docebit
643 1830 683 1855 cos.
715 1813 774 1869 Quod
786 1815 803 1857 si
814 1817 876 1871 patris

90 1885 124 1927 ille
136 1884 218 1942 spiritus
229 1892 271 1936 εει,
292 1898 317 1925 ne
327 1884 391 1940 ipsum
406 1883 484 1939 quidem
496 1891 571 1941 patrem
587 1884 674 1940 ignorat.
706 1881 757 1926 Cum
771 1892 836 1926 autern
847 1885 876 1927 di-

90 1954 133 2005 xit,
154 1956 215 1994 Nemo
226 1957 280 1994 nocc't
286 1961 361 2007 patrem
374 1954 487 2006 nr'sifilr'cs,
510 1953 638 2009 semetipsum
650 1953 726 2009 pariter
736 1960 756 1994 et
766 1959 842 2009 patrem
853 1967 877 1995 ae

90 2023 180 2079 spiritum
192 2029 281 2063 sanctum
292 2028 404 2063 ceterorum
414 2035 464 2076 quac
474 2021 499 2062 ab
510 2028 593 2062 aeterno
604 2036 644 2062 non
655 2029 712 2081 sunt,
726 2022 761 2064 sed
772 2032 878 2079 procreata

90 2092 148 2144 suut,
171 2090 305 2132 conditionem
320 2089 435 2131 excessisse
452 2084 557 2144 signifieat.
589 2088 724 2144 Quamobrem
742 2104 786 2131 cum
801 2091 826 2132 ab
842 2106 877 2133 ae-

91 2167 149 2201 terno
162 2166 237 2216 patrem
255 2158 305 2200 lilius
317 2158 446 2213 cognoverit,
469 2158 541 2199 frustra
554 2157 612 2200 nobis
623 2156 696 2200 Aetius
712 2159 823 2213 nugacibus
834 2160 876 2202 suis

91 2228 158 2280 verbis
174 2228 271 2284 obrepere
289 2234 384 2279 conatur3
407 2241 451 2268 cum
469 2225 652 2268 manifestissimum
667 2226 693 2268 sit
708 2227 773 2283 ipsum
789 2227 876 2270 bominis

92 2310 148 2338 more
160 2296 262 2351 cogitare,
279 2310 302 2337 ac
312 2295 420 2348 carnaliter
430 2294 544 2350 inquirere,
561 2302 581 2336 et
593 2295 698 2336 animalem
714 2309 772 2347 εεεε,
795 2303 877 2351 propter

92 2379 137 2406 eum
154 2364 186 2420 qui
200 2372 240 2405 tam
255 2379 277 2406 se
293 2379 351 2420 qurum
365 2371 441 2419 patrem
458 2364 572 2418 cognoscit,
595 2378 632 2405 una
647 2378 691 2405 cum
704 2364 778 2420 'spiritu
797 2372 875 2406 sancto.

91 2431 217 2489 Quapropter
230 2433 279 2474 deus
291 2433 315 2474 ab
329 2432 382 2473 omni
394 2445 465 2473 caussa
477 2431 608 2475 vindicandus
624 2439 667 2484 εει,
689 2446 729 2474 non
740 2433 800 2474 modo
810 2440 875 2489 pater,

91 2502 125 2542 sed
143 2508 163 2542 et
177 2500 229 2542 lilius
245 2515 268 2541 ac
284 2501 365 2556 spiritns
378 2507 468 2542 sauctus.
499 2498 602 2556 Siquidem
618 2500 692 2556 patris,
713 2500 748 2542 lilii
759 2514 783 2542 ac
794 2501 876 2558 spiritus

83 2569 155 2624 sancti
166 2569 271 2621 diviuitas,
289 2570 339 2624 quod
352 2583 411 2611 nemo
422 2584 461 2611 nou
477 2569 594 2621 confitetur,
616 2583 688 2612 caussa
703 2577 734 2612 εει
749 2570 804 2612 omni
818 2585 876 2627 prae·

91 2640 184 2682 stantior.

148 2707 203 2749 Aetli
215 2704 280 2763 Caput
290 2707 381 2747 XXXlll.
412 2704 434 2748 Si
444 2706 554 2761 ingenitum
566 2719 657 2747 caussam
667 2707 740 2749 nullam
750 2707 830 2764 penitus
839 2707 875 2749 ba-

90 2776 132 2828 bet,
149 2776 228 2831 sintque
238 2775 327 2831 ingenita
337 2774 447 2830 complura,
463 2774 579 2816 immutabili
590 2788 661 2817 caussa
673 2776 801 2818 constabunt.
831 2775 875 2818 Ne-

91 2858 129 2899 que
143 2844 194 2885 enim
212 2844 267 2885 velut
283 2842 376 2884 attributa
392 2843 502 2885 communis
519 2844 620 2885 cuiusdam
635 2857 659 2885 ac
671 2844 777 2900 peculiaris
791 2851 875 2886 naturae

91 2911 205 2953 conditione
220 2911 358 2967 particepsque
373 2912 424 2951 lacta
440 2911 503 2952 altera
519 2912 585 2952 molita
600 2918 643 2963 est,
660 2913 724 2953 altera
739 2913 843 2974 producta.

113 2990 130 3025 9.
142 2987 195 3026 αὐτοῦ
207 2993 241 3025 cad.
252 2993 319 3033 Rbedr'p.
520 2991 536 3025 1.
548 2988 621 3035 Verbaal
633 2989 663 3036 μὲν
670 3012 692 3021 ··-
700 2991 764 3037 ἐγίνετο
775 2995 829 3027 επιιε
839 2994 874 3037 cod.

115 3037 141 3071 10.
153 3034 173 3070 τὸ
185 3047 215 3070 om.
227 3039 262 3070 cod.
274 3038 340 3079 eneam.
493 3039 560 3080 nacon.
715 3041 716 3046 ’

115 3082 142 3115 11.
153 3079 173 3117 τὸ
186 3077 233 3126 ἅγιον
244 3082 312 3127 πνεῦμα
322 3084 358 3117 cod.
370 3083 435 3125 ttbcdtq.
545 3081 547 3087 ‘
