1988 3392
247 247 342 284 raanan
353 248 396 283 Llll.
404 249 435 284 ΠΙ.
446 248 502 286 ΤΟΜ,
511 250 525 284 Ι.
536 247 605 283 ΗΔΕΗ.
614 247 697 282 LXXIII.
837 240 866 283 97

79 335 172 383 memorio,
193 332 294 374 Producat
309 338 374 382 tura,
391 338 430 374 etc.
461 330 523 386 Item,
546 333 648 374 Faciamus
663 331 762 372 tammam.
794 327 865 387 ltaque
874 326 955 393 ffffll,

79 401 142 446 lilium
158 408 215 459 pater
230 401 345 459 alloquitur.
378 398 444 444 Porro
455 401 483 444 illi
496 401 534 460 ipsi
549 414 655 445 sermones
674 399 745 458 quihus
759 400 785 443 ad
801 400 863 443 lilium
892 398 946 464 ¹3²3:

79 470 210 530 pateretitur
223 471 258 514 lilii
271 486 311 514 non
328 478 382 514 sunt.
414 470 443 513 At
453 470 518 525 lilius,
539 486 596 529 quem
607 478 664 530 pater
674 469 793 527 alloquitur,
812 470 866 513 inter
908 456 914 472 '

80 548 158 585 ceteras
169 540 324 600 appellationes,
340 543 409 592 Panas,
427 544 481 591 Vita,
498 544 631 592 Resurrectio,
648 555 672 584 ac
685 540 771 597 denique
784 542 865 582 Verbum

81 610 140 654 etiam
158 610 241 664 dicitur,
263 624 288 653 eo
303 611 356 668 quod
373 611 404 653 dei
420 609 447 653 sit
464 610 572 654 voluntatis
584 611 692 668 interpres.
725 608 826 665 Quocirca
841 623 867 652 ne

80 669 176 723 haeretiei
186 675 298 723 rudioribus
309 680 434 738 imponentes
447 680 509 723 lilium
520 680 572 723 idem
581 695 627 724 esse
638 695 682 723 cnm
694 678 725 722 his
737 677 805 722 verbis
817 692 868 736 qnae

61 799 62 802 Ἴ
81 756 138 807 pater
153 749 231 792 locutus
245 756 277 792 est
293 752 413 802 censerent,
429 749 454 792 ad
465 749 497 792 dei
509 749 542 792 lilii
555 750 695 792 declarandum
705 748 730 791 al>
741 748 798 792 hisce
807 762 868 791 voca-

81 818 133 861 bulis
148 831 198 875 quae
213 818 291 861 locutus
306 825 337 861 est
352 825 409 875 pater
425 818 532 861 discrimen
549 818 610 861 liliam
625 818 756 862 substantiam
771 816 869 875 appellari

82 893 175 944 oportere
186 887 331 941 decreverunt,
347 894 406 943 atque
417 887 446 929 ita
459 886 565 930 discrimen
576 887 625 930 illud
636 887 795 940 constituerunt,
817 893 869 929 utet

83 956 169 999 deussit
180 956 283 1008 existens,
307 963 328 998 et
343 955 405 998 verba
415 955 449 998 illa
462 970 512 1012 quae
525 956 660 1013 pronuntiavit
672 957 721 998 dens
733 955 827 999 extitisse
838 956 868 998 di·

82 1032 164 1078 cantur,
184 1025 219 1068 sed
235 1038 358 1081 nequaqnam
376 1024 511 1078 substantiae,
534 1039 604 1068 verum
620 1024 762 1082 pronuntiandi
779 1024 869 1068 actiones

83 1109 129 1139 esse
145 1101 278 1138 censeantur:
300 1100 321 1136 at
337 1094 391 1137 filins
408 1108 452 1137 cnm
467 1094 550 1137 verbum
564 1094 602 1148 sit,
619 1108 659 1136 non
669 1094 722 1137 actio
732 1094 828 1151 quaedam
840 1094 870 1137 lo-

83 1163 169 1222 quendi,
185 1163 233 1216 sed,
249 1169 317 1220 utpote
335 1162 401 1221 lilius,
423 1163 534 1206 substantia
549 1162 582 1206 sit.
613 1161 666 1206 Nam
685 1163 702 1205 si
716 1170 774 1220 pater
784 1177 830 1206 esse
841 1164 871 1206 di-

83 1241 152 1286 oatur,
173 1238 194 1275 et
210 1245 255 1275 esse
271 1231 354 1289 perinde
368 1232 432 1287 lilius3
453 1246 499 1275 esse
513 1247 564 1275 vero
579 1239 671 1289 tanquam
683 1246 695 1274 a
708 1232 746 1274 deo
756 1232 837 1291 proprie
847 1246 871 1275 ae

83 1315 178 1360 germane
188 1308 211 1344 ut
222 1301 249 1343 sit
261 1301 373 1359 accipiens,
395 1301 479 1345 verbnm
493 1300 547 1345 lilius
559 1315 617 1354 esse,
640 1316 680 1344 uon
697 1308 719 1345 ut
733 1308 801 1344 cetera
819 1314 870 1359 qnae

84 1371 146 1414 adeo
156 1370 283 1429 pronuntiata
294 1378 353 1424 sunt,
373 1370 499 1427 intelligitur.
530 1370 587 1414 llaec
602 1370 687 1413 enimin
700 1384 726 1414 eo
738 1370 770 1428 qni
783 1370 872 1427 loquitur

84 1453 131 1483 esse
145 1440 193 1483 illud
209 1454 266 1482 sunm
281 1440 367 1483 habent:
388 1439 437 1482 illud
450 1453 500 1482 vero
515 1439 536 1482 in
552 1454 576 1482 eo
586 1453 632 1482 esse
645 1453 703 1482 snum
713 1440 800 1497 positum
812 1439 872 1482 habet

84 1508 136 1566 qnod
147 1522 159 1551 a
169 1515 225 1566 patre
235 1507 314 1566 genitus
325 1509 360 1563 sit,
376 1515 397 1551 et
407 1509 472 1551 eidem
484 1509 584 1552 auscultet
593 1523 616 1552 ae
627 1507 735 1551 ministret.
766 1507 825 1551 Hanc
834 1508 872 1566 igi-

84 1577 248 1635 tur'lrypostasiu
264 1584 331 1635 patres
346 1577 478 1621 substantiam
493 1584 600 1621 vocarunt.
653 1591 655 1597 ¹

145 1645 273 1704 Quapropter
281 1646 344 1689 lilium
352 1646 403 1704 patri
413 1646 497 1690 similem
508 1647 529 1689 in
539 1646 630 1689 omnibns
640 1646 778 1703 intelligimus,
794 1653 815 1689 et
824 1646 872 1688 tme-
879 1654 921 1700 Gap.
929 1653 978 1689 Xttt.

86 1715 128 1759 resi
142 1715 183 1768 illi,
204 1729 255 1773 quae
271 1715 369 1758 adversus
386 1715 493 1758 ecelesiam
510 1730 574 1773 nuper
584 1722 616 1758 est
629 1715 730 1768 excitata,
750 1714 872 1758 resistimus.

87 1782 146 1841 Quae
161 1784 240 1841 quidem
257 1784 348 1827 haeresis
358 1785 460 1828 voluntate
473 1791 494 1827 et
505 1786 584 1828 actione
599 1784 642 1828 sola
659 1784 722 1841 patris
738 1783 800 1826 lilium
819 1783 875 1826 simi-

86 1853 125 1895 lem
138 1867 184 1896 esse
195 1853 322 1910 pronuntiat,
343 1854 431 1896 essentia
445 1867 494 1896 voro
506 1855 587 1897 eosdem
598 1854 652 1896 inter
663 1867 686 1896 se
698 1866 745 1895 esse
757 1852 873 1895 dissimiles.

87 1920 146 1964 Adeo
159 1929 181 1965 nt
197 1936 226 1965 ex
237 1923 348 1965 recentium
362 1922 432 1965 horum
443 1921 589 1966 haereticorum
604 1923 685 1965 decreto
701 1920 739 1963 lilii
748 1921 842 1964 voluntas
854 1927 874 1963 ct

88 1990 140 2034 actio
150 1991 249 2034 voluntati
266 1991 292 2033 sit
309 1990 370 2047 patris
383 1989 497 2046 actionique
512 1992 595 2043 similis,
615 1991 669 2033 iilius
681 1997 749 2033 tamen
759 1990 802 2048 ipse
814 1990 875 2047 patris

88 2058 115 2102 sit
126 2058 235 2102 dissimilis.
265 2057 376 2116 Propterea
391 2073 441 2102 vero
455 2059 491 2101 lilii
500 2060 623 2102 voluntatem
636 2067 657 2101 et
667 2059 767 2101 actionem
779 2066 876 2116 paternae

88 2127 196 2171 voluntatis
207 2134 228 2170 et
240 2127 326 2170 actionis
336 2127 420 2170 similem
432 2141 478 2170 esse
488 2128 570 2181 volunt,
591 2127 654 2170 lilium
668 2126 732 2184 ipsum
748 2128 811 2184 patris
829 2140 875 2169 esse

88 2196 173 2239 similem
190 2204 276 2253 negant3
298 2196 350 2253 quod
361 2196 424 2238 lilium
435 2210 447 2239 a
458 2204 515 2253 patre
528 2196 608 2239 minime
624 2194 725 2253 genitum,
746 2195 782 2237 sed
795 2202 875 2238 creetu-

89 2278 132 2307 ram
148 2264 246 2307 duntaxat
262 2278 309 2307 esse
324 2264 362 2307 sibi
374 2265 523 2321 persuaserint,
546 2272 606 2321 atque
621 2265 642 2307 in
658 2279 683 2308 eo
699 2281 712 2309 a
726 2264 800 2309 creatis
815 2263 876 2306 rebus

90 2332 164 2375 distare
176 2331 250 2375 ceteris
261 2333 313 2389 qnod
325 2340 345 2375 et
355 2333 490 2389 magnitudine
502 2332 619 2386 antecellit,
636 2340 656 2376 et
664 2340 711 2376 ante
722 2332 789 2376 omnia
800 2331 876 2385 extitit,

90 2407 111 2443 et
119 2400 190 2442 eodem
199 2401 253 2443 velut
263 2401 381 2443 administro
392 2401 513 2458 reliquorum
523 2402 548 2444 ad
557 2401 708 2459 productionem
717 2416 767 2444 nsns
776 2408 808 2444 est
819 2401 877 2442 dens.

91 2466 269 2525 Quandoquidem,
285 2468 340 2511 aiunt
352 2469 460 2523 haeretici,
482 2477 550 2513 cetera
567 2471 616 2513 deus
631 2484 668 2528 per
679 2469 743 2512 lilium
755 2469 878 2528 procreavit,

90 2536 197 2593 ipsummet
208 2550 258 2579 vero
271 2537 333 2580 lilium
350 2552 390 2580 uon
407 2538 489 2580 alterius
504 2538 632 2591 interventu,
655 2538 691 2580 sed
701 2551 738 2595 per
750 2538 880 2593 semetipsum

92 2603 191 2657 condidit,
212 2605 348 2660 magnitudine
368 2613 389 2648 et
404 2606 479 2649 virtute
499 2607 573 2650 ceteris
587 2613 730 2664 praestantem.
761 2604 815 2649 Hinc
831 2618 880 2647 eun-

92 2672 138 2717 dem
153 2673 277 2731 unigenitum
292 2673 354 2717 lilium
369 2675 483 2733 appellavit.

105 2860 107 2863 .
150 2821 196 2867 Nos
205 2831 282 2878 autem,
297 2824 362 2881 quiin
374 2824 473 2868 ecelesiae
485 2825 594 2868 catholicae
606 2832 662 2883 parte
674 2838 815 2878 numeramur,
836 2838 880 2868 eum
889 2833 986 2880 capnt.

95 2906 107 2937 e
118 2892 222 2952 scripturis
233 2893 296 2938 saeris
309 2893 355 2938 fidei
368 2893 513 2951 professionem
524 2894 661 2950 hauserimus,
678 2894 708 2939 sic
720 2894 830 2939 hahemus:
846 2908 883 2951 pa-

95 3031 138 3067 tiam
148 3044 190 3067 vero
203 3031 301 3068 dissimilem
312 3044 349 3068 esse
359 3031 475 3079 unumpate)
497 3038 540 3077 eras
554 3036 649 3069 coronatam
665 3029 706 3071 ἄλλο
720 3043 741 3068 ex
751 3035 828 3069 comtum
844 3031 883 3070 ἀνό-

96 3082 111 3113 et
123 3080 199 3114 remotus
213 3082 290 3123 suspicati
304 3084 341 3115 sunt
356 3076 400 3116 κατὰ
414 3078 434 3116 δὲ
445 3079 477 3126 τὴν
500 3093 558 3126 potor,
570 3083 593 3114 itu
604 3084 621 3115 nt
631 3082 711 3116 scribatur
722 3077 767 3118 narei
778 3077 799 3118 δὲ
810 3077 830 3116 ri
842 3075 884 3116 ἄλλο

96 3121 156 3161 cietur
165 3121 248 3171 ἀνόμοιον.
266 3127 369 3161 Protuttlius
377 3128 444 3169 {adosse
451 3137 477 3161 rc·
500 3125 577 3172 ἀνόμοιον
589 3130 624 3161 coa.

132 3180 193 3220 corpus
200 3180 293 3214 Haereoeot.
301 3181 321 3213 ll.
329 3184 344 3214 3.
733 3189 746 3229 7
