<?xml version="1.0" encoding="UTF-8"?>
<!DOCTYPE html PUBLIC "-//W3C//DTD XHTML 1.0 Transitional//EN"
    "http://www.w3.org/TR/xhtml1/DTD/xhtml1-transitional.dtd">
<html xmlns="http://www.w3.org/1999/xhtml" xml:lang="en" lang="en">
 <head>
  <title>
</title>
<meta http-equiv="Content-Type" content="text/html;charset=utf-8" />
  <meta name='ocr-system' content='tesseract 3.04.00' />
  <meta name='ocr-capabilities' content='ocr_page ocr_carea ocr_par ocr_line ocrx_word'/>
</head>
<body>
  <div class='ocr_page' id='page_1' title='image "./MN41650ucmf_1/MN41650ucmf_1_0485.png"; bbox 0 0 1988 3392; ppageno 0'>
   <div class='ocr_carea' id='block_1_1' title="bbox 231 224 852 270">
    <p class='ocr_par' dir='ltr' id='par_1_1' title="bbox 231 224 852 270">
     <span class='ocr_line' id='line_1_1' title="bbox 231 224 852 270; baseline -0.008 0"><span class='ocrx_word' id='word_1_1' title='bbox 231 235 326 270; x_wconf 80' lang='lat' dir='ltr'><strong>rnunun</strong></span> <span class='ocrx_word' id='word_1_2' title='bbox 336 235 380 268; x_wconf 79' lang='lat' dir='ltr'><strong>cra.</strong></span> <span class='ocrx_word' id='word_1_3' title='bbox 392 236 422 269; x_wconf 88' lang='lat' dir='ltr'><strong>nr.</strong></span> <span class='ocrx_word' id='word_1_4' title='bbox 433 235 489 270; x_wconf 83' lang='lat' dir='ltr'><strong>rou.</strong></span> <span class='ocrx_word' id='word_1_5' title='bbox 500 237 522 269; x_wconf 80' lang='lat'><strong>11.</strong></span> <span class='ocrx_word' id='word_1_6' title='bbox 532 234 601 268; x_wconf 82' lang='lat' dir='ltr'><strong>naun.</strong></span> <span class='ocrx_word' id='word_1_7' title='bbox 610 234 687 266; x_wconf 78' lang='lat' dir='ltr'><strong>cxxx.</strong></span> <span class='ocrx_word' id='word_1_8' title='bbox 802 224 852 266; x_wconf 58' lang='lat'><strong>453</strong></span> 
     </span>
    </p>
   </div>
   <div class='ocr_carea' id='block_1_2' title="bbox 67 313 957 1807">
    <p class='ocr_par' dir='ltr' id='par_1_2' title="bbox 69 313 853 372">
     <span class='ocr_line' id='line_1_2' title="bbox 69 313 853 372; baseline -0.011 -10"><span class='ocrx_word' id='word_1_9' title='bbox 69 318 131 368; x_wconf 90' lang='lat' dir='ltr'><strong>serit,</strong></span> <span class='ocrx_word' id='word_1_10' title='bbox 147 329 173 358; x_wconf 89' lang='lat' dir='ltr'><strong>ne</strong></span> <span class='ocrx_word' id='word_1_11' title='bbox 184 316 204 358; x_wconf 92' lang='lat' dir='ltr'><strong>in</strong></span> <span class='ocrx_word' id='word_1_12' title='bbox 216 316 307 372; x_wconf 91' lang='lat' dir='ltr'><strong>laqueum</strong></span> <span class='ocrx_word' id='word_1_13' title='bbox 320 314 404 367; x_wconf 78' lang='lat' dir='ltr'><strong>incidat3</strong></span> <span class='ocrx_word' id='word_1_14' title='bbox 428 330 502 371; x_wconf 90' lang='lat' dir='ltr'><strong>poenas</strong></span> <span class='ocrx_word' id='word_1_15' title='bbox 511 316 547 357; x_wconf 90' lang='lat' dir='ltr'><strong>luit</strong></span> <span class='ocrx_word' id='word_1_16' title='bbox 560 315 584 356; x_wconf 93' lang='lat' dir='ltr'><strong>ad</strong></span> <span class='ocrx_word' id='word_1_17' title='bbox 597 322 686 370; x_wconf 83' lang='lat' dir='ltr'><strong>tempus,</strong></span> <span class='ocrx_word' id='word_1_18' title='bbox 709 313 775 355; x_wconf 87' lang='lat' dir='ltr'><strong>sedin</strong></span> <span class='ocrx_word' id='word_1_19' title='bbox 788 319 853 354; x_wconf 86' lang='lat' dir='ltr'><strong>aeter-</strong></span> 
     </span>
    </p>

    <p class='ocr_par' dir='ltr' id='par_1_3' title="bbox 68 381 957 650">
     <span class='ocr_line' id='line_1_3' title="bbox 69 381 852 441; baseline -0.009 -11"><span class='ocrx_word' id='word_1_20' title='bbox 69 402 114 431; x_wconf 89' lang='lat' dir='ltr'><strong>nnm</strong></span> <span class='ocrx_word' id='word_1_21' title='bbox 132 392 215 441; x_wconf 73' lang='lat' dir='ltr'><strong>regnat3</strong></span> <span class='ocrx_word' id='word_1_22' title='bbox 238 385 257 425; x_wconf 90' lang='lat' dir='ltr'><strong>in</strong></span> <span class='ocrx_word' id='word_1_23' title='bbox 273 397 376 425; x_wconf 74' lang='lat' dir='ltr'><strong>carcerem</strong></span> <span class='ocrx_word' id='word_1_24' title='bbox 394 383 511 435; x_wconf 86' lang='lat' dir='ltr'><strong>eorriicitur,</strong></span> <span class='ocrx_word' id='word_1_25' title='bbox 532 384 567 425; x_wconf 89' lang='lat' dir='ltr'><strong>sed</strong></span> <span class='ocrx_word' id='word_1_26' title='bbox 585 382 646 424; x_wconf 88' lang='lat' dir='ltr'><strong>multo</strong></span> <span class='ocrx_word' id='word_1_27' title='bbox 665 381 771 438; x_wconf 74' lang='lat' dir='ltr'>optabilius</span> <span class='ocrx_word' id='word_1_28' title='bbox 788 381 852 423; x_wconf 90' lang='lat' dir='ltr'><strong>estin</strong></span> 
     </span>
     <span class='ocr_line' id='line_1_4' title="bbox 68 453 957 505; baseline -0.009 -9"><span class='ocrx_word' id='word_1_29' title='bbox 68 453 157 498; x_wconf 77' lang='lat' dir='ltr'><strong>custodia</strong></span> <span class='ocrx_word' id='word_1_30' title='bbox 170 467 263 502; x_wconf 82' lang='lat' dir='ltr'><strong>manere,</strong></span> <span class='ocrx_word' id='word_1_31' title='bbox 280 459 300 492; x_wconf 80' lang='lat' dir='ltr'><strong>cl</strong></span> <span class='ocrx_word' id='word_1_32' title='bbox 310 455 330 492; x_wconf 83' lang='lat' dir='ltr'><strong>in</strong></span> <span class='ocrx_word' id='word_1_33' title='bbox 341 455 414 503; x_wconf 67' lang='lat' dir='ltr'><strong>uirgato</strong></span> <span class='ocrx_word' id='word_1_34' title='bbox 423 453 458 492; x_wconf 83' lang='lat' dir='ltr'><strong>scd</strong></span> <span class='ocrx_word' id='word_1_35' title='bbox 470 454 511 500; x_wconf 79' lang='lat' dir='ltr'><strong>deo,</strong></span> <span class='ocrx_word' id='word_1_36' title='bbox 528 467 584 505; x_wconf 76' lang='lat' dir='ltr'><strong>quanm</strong></span> <span class='ocrx_word' id='word_1_37' title='bbox 594 467 636 492; x_wconf 83' lang='lat' dir='ltr'><strong>cum</strong></span> <span class='ocrx_word' id='word_1_38' title='bbox 645 453 725 491; x_wconf 73' lang='lat' dir='ltr'><strong>rnrelcere</strong></span> <span class='ocrx_word' id='word_1_39' title='bbox 734 454 852 491; x_wconf 76' lang='lat' dir='ltr'><strong>contentiose</strong></span> <span class='ocrx_word' id='word_1_40' title='bbox 860 459 957 495; x_wconf 64' lang='lat' dir='ltr'><strong>enovata.</strong></span> 
     </span>
     <span class='ocr_line' id='line_1_5' title="bbox 68 518 853 575; baseline -0.009 -9"><span class='ocrx_word' id='word_1_41' title='bbox 68 532 88 566; x_wconf 86' lang='lat' dir='ltr'><strong>et</strong></span> <span class='ocrx_word' id='word_1_42' title='bbox 104 524 186 575; x_wconf 81' lang='lat' dir='ltr'><strong>loquaci.</strong></span> <span class='ocrx_word' id='word_1_43' title='bbox 226 519 290 575; x_wconf 80' lang='lat' dir='ltr'><strong>Quam</strong></span> <span class='ocrx_word' id='word_1_44' title='bbox 311 520 372 561; x_wconf 85' lang='lat' dir='ltr'><strong>rrrrrlta</strong></span> <span class='ocrx_word' id='word_1_45' title='bbox 388 534 447 575; x_wconf 88' lang='lat' dir='ltr'><strong>porro</strong></span> <span class='ocrx_word' id='word_1_46' title='bbox 463 520 560 562; x_wconf 91' lang='lat' dir='ltr'><strong>adversus</strong></span> <span class='ocrx_word' id='word_1_47' title='bbox 575 520 629 562; x_wconf 92' lang='lat' dir='ltr'><strong>illam</strong></span> <span class='ocrx_word' id='word_1_48' title='bbox 648 518 740 561; x_wconf 87' lang='lat' dir='ltr'><strong>haeresin</strong></span> <span class='ocrx_word' id='word_1_49' title='bbox 757 518 853 575; x_wconf 88' lang='lat' dir='ltr'><strong>disputari</strong></span> 
     </span>
     <span class='ocr_line' id='line_1_6' title="bbox 68 586 854 650; baseline -0.008 -17"><span class='ocrx_word' id='word_1_50' title='bbox 68 592 167 650; x_wconf 77' lang='lat' dir='ltr'><strong>possunt?</strong></span> <span class='ocrx_word' id='word_1_51' title='bbox 197 587 249 630; x_wconf 89' lang='lat' dir='ltr'><strong>Nam</strong></span> <span class='ocrx_word' id='word_1_52' title='bbox 263 595 300 629; x_wconf 75' lang='lat' dir='ltr'><strong>&#39;aut</strong></span> <span class='ocrx_word' id='word_1_53' title='bbox 311 586 397 629; x_wconf 88' lang='lat' dir='ltr'><strong>Mariam</strong></span> <span class='ocrx_word' id='word_1_54' title='bbox 415 589 476 644; x_wconf 91' lang='lat' dir='ltr'><strong>ipsam</strong></span> <span class='ocrx_word' id='word_1_55' title='bbox 495 589 601 629; x_wconf 82' lang='lat' dir='ltr'><strong>adorantes</strong></span> <span class='ocrx_word' id='word_1_56' title='bbox 614 588 728 644; x_wconf 82' lang='lat' dir='ltr'><strong>collyridem</strong></span> <span class='ocrx_word' id='word_1_57' title='bbox 747 587 792 628; x_wconf 90' lang='lat' dir='ltr'><strong>bnie</strong></span> <span class='ocrx_word' id='word_1_58' title='bbox 803 587 854 628; x_wconf 90' lang='lat' dir='ltr'><strong>otio-</strong></span> 
     </span>
    </p>

    <p class='ocr_par' dir='ltr' id='par_1_4' title="bbox 68 655 854 781">
     <span class='ocr_line' id='line_1_7' title="bbox 68 655 854 713; baseline -0.008 -11"><span class='ocrx_word' id='word_1_59' title='bbox 68 673 103 703; x_wconf 89' lang='lat' dir='ltr'><strong>sae</strong></span> <span class='ocrx_word' id='word_1_60' title='bbox 117 657 211 700; x_wconf 85' lang='lat' dir='ltr'><strong>mulieres</strong></span> <span class='ocrx_word' id='word_1_61' title='bbox 223 656 322 709; x_wconf 83' lang='lat' dir='ltr'><strong>offerunt,</strong></span> <span class='ocrx_word' id='word_1_62' title='bbox 345 664 376 698; x_wconf 91' lang='lat' dir='ltr'><strong>aut</strong></span> <span class='ocrx_word' id='word_1_63' title='bbox 391 670 426 713; x_wconf 88' lang='lat' dir='ltr'><strong>pro</strong></span> <span class='ocrx_word' id='word_1_64' title='bbox 437 657 479 712; x_wconf 90' lang='lat' dir='ltr'><strong>ipsa</strong></span> <span class='ocrx_word' id='word_1_65' title='bbox 492 656 595 697; x_wconf 88' lang='lat' dir='ltr'><strong>absurdam</strong></span> <span class='ocrx_word' id='word_1_66' title='bbox 607 656 659 699; x_wconf 92' lang='lat' dir='ltr'><strong>illam</strong></span> <span class='ocrx_word' id='word_1_67' title='bbox 671 664 692 698; x_wconf 89' lang='lat' dir='ltr'><strong>et</strong></span> <span class='ocrx_word' id='word_1_68' title='bbox 704 655 807 698; x_wconf 78' lang='lat' dir='ltr'>ridiculam</span> <span class='ocrx_word' id='word_1_69' title='bbox 819 655 854 696; x_wconf 91' lang='lat' dir='ltr'><strong>ob-</strong></span> 
     </span>
     <span class='ocr_line' id='line_1_8' title="bbox 68 715 854 781; baseline -0.005 -12"><span class='ocrx_word' id='word_1_70' title='bbox 68 727 162 771; x_wconf 87' lang='lat' dir='ltr'><strong>lationem</strong></span> <span class='ocrx_word' id='word_1_71' title='bbox 174 726 286 767; x_wconf 86' lang='lat' dir='ltr'><strong>instituunt.</strong></span> <span class='ocrx_word' id='word_1_72' title='bbox 317 723 427 781; x_wconf 88' lang='lat' dir='ltr'><strong>Utrumque</strong></span> <span class='ocrx_word' id='word_1_73' title='bbox 439 740 487 766; x_wconf 89' lang='lat' dir='ltr'><strong>vero</strong></span> <span class='ocrx_word' id='word_1_74' title='bbox 499 725 590 766; x_wconf 89' lang='lat' dir='ltr'><strong>stolidum</strong></span> <span class='ocrx_word' id='word_1_75' title='bbox 603 733 645 776; x_wconf 89' lang='lat' dir='ltr'><strong>est,</strong></span> <span class='ocrx_word' id='word_1_76' title='bbox 662 732 682 766; x_wconf 90' lang='lat' dir='ltr'><strong>et</strong></span> <span class='ocrx_word' id='word_1_77' title='bbox 693 741 704 766; x_wconf 89' lang='lat' dir='ltr'><strong>a</strong></span> <span class='ocrx_word' id='word_1_78' title='bbox 716 715 795 766; x_wconf 86' lang='lat' dir='ltr'><strong>ratione</strong></span> <span class='ocrx_word' id='word_1_79' title='bbox 808 739 854 780; x_wconf 88' lang='lat' dir='ltr'><strong>pro·</strong></span> 
     </span>
    </p>

    <p class='ocr_par' dir='ltr' id='par_1_5' title="bbox 70 794 779 850">
     <span class='ocr_line' id='line_1_9' title="bbox 70 794 779 850; baseline -0.006 -12"><span class='ocrx_word' id='word_1_80' title='bbox 70 799 155 846; x_wconf 90' lang='lat' dir='ltr'><strong>fectum,</strong></span> <span class='ocrx_word' id='word_1_81' title='bbox 172 794 259 849; x_wconf 87' lang='lat' dir='ltr'><strong>nihilque</strong></span> <span class='ocrx_word' id='word_1_82' title='bbox 275 800 356 850; x_wconf 89' lang='lat' dir='ltr'><strong>praeter</strong></span> <span class='ocrx_word' id='word_1_83' title='bbox 370 794 524 835; x_wconf 71' lang='lat' dir='ltr'><strong>ostentationem</strong></span> <span class='ocrx_word' id='word_1_84' title='bbox 540 794 667 849; x_wconf 75' lang='lat' dir='ltr'><strong>fraudemque</strong></span> <span class='ocrx_word' id='word_1_85' title='bbox 683 794 779 836; x_wconf 89' lang='lat' dir='ltr'><strong>eontinet.</strong></span> 
     </span>
    </p>

    <p class='ocr_par' dir='ltr' id='par_1_6' title="bbox 67 859 856 1315">
     <span class='ocr_line' id='line_1_10' title="bbox 126 859 853 917; baseline -0.003 -13"><span class='ocrx_word' id='word_1_86' title='bbox 126 861 159 904; x_wconf 89' lang='lat' dir='ltr'><strong>Ne</strong></span> <span class='ocrx_word' id='word_1_87' title='bbox 176 863 213 903; x_wconf 92' lang='lat' dir='ltr'><strong>sim</strong></span> <span class='ocrx_word' id='word_1_88' title='bbox 232 861 322 917; x_wconf 79' lang='lat' dir='ltr'><strong>longior,</strong></span> <span class='ocrx_word' id='word_1_89' title='bbox 344 876 395 917; x_wconf 92' lang='lat' dir='ltr'><strong>quae</strong></span> <span class='ocrx_word' id='word_1_90' title='bbox 410 869 457 902; x_wconf 85' lang='lat' dir='ltr'><strong>surrt</strong></span> <span class='ocrx_word' id='word_1_91' title='bbox 472 862 568 902; x_wconf 86' lang='lat' dir='ltr'><strong>haetenus</strong></span> <span class='ocrx_word' id='word_1_92' title='bbox 584 862 636 903; x_wconf 86' lang='lat' dir='ltr'><strong>dieta</strong></span> <span class='ocrx_word' id='word_1_93' title='bbox 651 862 756 903; x_wconf 86' lang='lat' dir='ltr'><strong>sufficient.</strong></span> <span class='ocrx_word' id='word_1_94' title='bbox 786 859 853 903; x_wconf 84' lang='lat' dir='ltr'><strong>Maria</strong></span> 
     </span>
     <span class='ocr_line' id='line_1_11' title="bbox 69 928 854 981; baseline -0.005 -6"><span class='ocrx_word' id='word_1_95' title='bbox 69 935 89 975; x_wconf 94' lang='lat' dir='ltr'><strong>in</strong></span> <span class='ocrx_word' id='word_1_96' title='bbox 101 932 177 973; x_wconf 90' lang='lat' dir='ltr'><strong>bonore</strong></span> <span class='ocrx_word' id='word_1_97' title='bbox 189 931 227 981; x_wconf 90' lang='lat' dir='ltr'><strong>sit,</strong></span> <span class='ocrx_word' id='word_1_98' title='bbox 251 929 342 971; x_wconf 85' lang='lat' dir='ltr'><strong>dominus</strong></span> <span class='ocrx_word' id='word_1_99' title='bbox 357 931 459 971; x_wconf 88' lang='lat' dir='ltr'><strong>adoretur.</strong></span> <span class='ocrx_word' id='word_1_100' title='bbox 490 928 543 970; x_wconf 86' lang='lat' dir='ltr'><strong>Nam</strong></span> <span class='ocrx_word' id='word_1_101' title='bbox 556 930 604 971; x_wconf 91' lang='lat' dir='ltr'><strong>iusti</strong></span> <span class='ocrx_word' id='word_1_102' title='bbox 619 929 694 971; x_wconf 90' lang='lat' dir='ltr'><strong>nemini</strong></span> <span class='ocrx_word' id='word_1_103' title='bbox 707 930 782 971; x_wconf 88' lang='lat' dir='ltr'><strong>erroris</strong></span> <span class='ocrx_word' id='word_1_104' title='bbox 796 945 854 972; x_wconf 86' lang='lat' dir='ltr'><strong>oeca-</strong></span> 
     </span>
     <span class='ocr_line' id='line_1_12' title="bbox 69 998 852 1056; baseline -0.004 -13"><span class='ocrx_word' id='word_1_105' title='bbox 69 1002 146 1043; x_wconf 89' lang='lat' dir='ltr'><strong>siouem</strong></span> <span class='ocrx_word' id='word_1_106' title='bbox 158 998 260 1056; x_wconf 79' lang='lat' dir='ltr'><strong>praebent.</strong></span> <span class='ocrx_word' id='word_1_107' title='bbox 291 1002 344 1039; x_wconf 79' lang='lat' dir='ltr'><strong>Deus</strong></span> <span class='ocrx_word' id='word_1_108' title='bbox 358 1002 406 1039; x_wconf 71' lang='lat' dir='ltr'><strong>enain</strong></span> <span class='ocrx_word' id='word_1_109' title='bbox 417 1013 476 1051; x_wconf 84' lang='lat' dir='ltr'><strong>neque</strong></span> <span class='ocrx_word' id='word_1_110' title='bbox 493 1000 548 1037; x_wconf 77' lang='lat' dir='ltr'><strong>mulis</strong></span> <span class='ocrx_word' id='word_1_111' title='bbox 565 1005 660 1046; x_wconf 82' lang='lat' dir='ltr'><strong>tentetur,</strong></span> <span class='ocrx_word' id='word_1_112' title='bbox 683 1012 719 1039; x_wconf 91' lang='lat' dir='ltr'><strong>nee</strong></span> <span class='ocrx_word' id='word_1_113' title='bbox 731 999 790 1039; x_wconf 88' lang='lat' dir='ltr'><strong>ullam</strong></span> <span class='ocrx_word' id='word_1_114' title='bbox 801 999 852 1053; x_wconf 89' lang='lat' dir='ltr'><strong>ipse,</strong></span> 
     </span>
     <span class='ocr_line' id='line_1_13' title="bbox 71 1066 854 1120; baseline -0.006 -9"><span class='ocrx_word' id='word_1_115' title='bbox 71 1069 102 1111; x_wconf 92' lang='lat' dir='ltr'><strong>vel</strong></span> <span class='ocrx_word' id='word_1_116' title='bbox 118 1068 162 1110; x_wconf 91' lang='lat' dir='ltr'><strong>eius</strong></span> <span class='ocrx_word' id='word_1_117' title='bbox 176 1067 231 1109; x_wconf 89' lang='lat' dir='ltr'><strong>servi</strong></span> <span class='ocrx_word' id='word_1_118' title='bbox 248 1066 418 1108; x_wconf 84' lang='lat' dir='ltr'><strong>circumveniendi</strong></span> <span class='ocrx_word' id='word_1_119' title='bbox 436 1079 506 1107; x_wconf 85' lang='lat' dir='ltr'><strong>caussa</strong></span> <span class='ocrx_word' id='word_1_120' title='bbox 524 1072 609 1107; x_wconf 84' lang='lat' dir='ltr'><strong>tentant.</strong></span> <span class='ocrx_word' id='word_1_121' title='bbox 643 1068 774 1120; x_wconf 76' lang='lat' dir='ltr'><strong>Unusquisque</strong></span> <span class='ocrx_word' id='word_1_122' title='bbox 785 1082 830 1107; x_wconf 86' lang='lat' dir='ltr'><strong>cero</strong></span> <span class='ocrx_word' id='word_1_123' title='bbox 842 1082 854 1106; x_wconf 85' lang='lat' dir='ltr'><strong>a</strong></span> 
     </span>
     <span class='ocr_line' id='line_1_14' title="bbox 67 1136 855 1192; baseline -0.004 -14"><span class='ocrx_word' id='word_1_124' title='bbox 67 1140 149 1192; x_wconf 75' lang='lat' dir='ltr'><strong>properie</strong></span> <span class='ocrx_word' id='word_1_125' title='bbox 159 1137 313 1188; x_wconf 81' lang='lat' dir='ltr'><strong>concrqn&#39;seentt&#39;o</strong></span> <span class='ocrx_word' id='word_1_126' title='bbox 324 1142 410 1175; x_wconf 78' lang='lat' dir='ltr'><strong>tentatur</strong></span> <span class='ocrx_word' id='word_1_127' title='bbox 418 1136 535 1182; x_wconf 76' lang='lat' dir='ltr'><strong>abstructus,</strong></span> <span class='ocrx_word' id='word_1_128' title='bbox 552 1142 573 1174; x_wconf 80' lang='lat' dir='ltr'><strong>er</strong></span> <span class='ocrx_word' id='word_1_129' title='bbox 583 1136 672 1175; x_wconf 84' lang='lat' dir='ltr'><strong>illectus:</strong></span> <span class='ocrx_word' id='word_1_130' title='bbox 688 1137 755 1175; x_wconf 82' lang='lat' dir='ltr'><strong>dcr&#39;mle</strong></span> <span class='ocrx_word' id='word_1_131' title='bbox 766 1138 855 1188; x_wconf 83' lang='lat' dir='ltr'><strong>corzeapi·</strong></span> 
     </span>
     <span class='ocr_line' id='line_1_15' title="bbox 70 1206 856 1257; baseline -0.003 -12"><span class='ocrx_word' id='word_1_132' title='bbox 70 1208 143 1246; x_wconf 75' lang='lat' dir='ltr'><strong>scentia</strong></span> <span class='ocrx_word' id='word_1_133' title='bbox 151 1212 251 1257; x_wconf 81' lang='lat' dir='ltr'><strong>peeeutum</strong></span> <span class='ocrx_word' id='word_1_134' title='bbox 260 1207 328 1256; x_wconf 63' lang='lat' dir='ltr'><strong>portis:</strong></span> <span class='ocrx_word' id='word_1_135' title='bbox 341 1211 441 1256; x_wconf 80' lang='lat' dir='ltr'><strong>peecatum</strong></span> <span class='ocrx_word' id='word_1_136' title='bbox 452 1217 507 1251; x_wconf 83' lang='lat' dir='ltr'><strong>cero,</strong></span> <span class='ocrx_word' id='word_1_137' title='bbox 524 1218 566 1243; x_wconf 83' lang='lat' dir='ltr'><strong>euru</strong></span> <span class='ocrx_word' id='word_1_138' title='bbox 577 1212 725 1244; x_wconf 68' lang='lat' dir='ltr'><strong>caticuminorum</strong></span> <span class='ocrx_word' id='word_1_139' title='bbox 736 1206 805 1256; x_wconf 76' lang='lat' dir='ltr'><strong>suerit,</strong></span> <span class='ocrx_word' id='word_1_140' title='bbox 820 1218 856 1256; x_wconf 80' lang='lat' dir='ltr'><strong>ge-</strong></span> 
     </span>
     <span class='ocr_line' id='line_1_16' title="bbox 70 1266 499 1315; baseline -0.007 0"><span class='ocrx_word' id='word_1_141' title='bbox 70 1281 128 1315; x_wconf 81' lang='lat' dir='ltr'><strong>neret</strong></span> <span class='ocrx_word' id='word_1_142' title='bbox 140 1280 225 1314; x_wconf 73' lang='lat' dir='ltr'><strong>inertem.</strong></span> <span class='ocrx_word' id='word_1_143' title='bbox 497 1266 499 1269; x_wconf 42' lang='lat'>¹</span> 
     </span>
    </p>

    <p class='ocr_par' dir='ltr' id='par_1_7' title="bbox 71 1339 857 1807">
     <span class='ocr_line' id='line_1_17' title="bbox 129 1339 856 1397; baseline 0.001 -15"><span class='ocrx_word' id='word_1_144' title='bbox 129 1340 264 1397; x_wconf 79' lang='lat' dir='ltr'><strong>Quamobrem</strong></span> <span class='ocrx_word' id='word_1_145' title='bbox 282 1355 326 1382; x_wconf 87' lang='lat' dir='ltr'><strong>cum</strong></span> <span class='ocrx_word' id='word_1_146' title='bbox 342 1340 443 1395; x_wconf 90' lang='lat' dir='ltr'><strong>bucusque</strong></span> <span class='ocrx_word' id='word_1_147' title='bbox 460 1339 510 1381; x_wconf 86' lang='lat' dir='ltr'><strong>satis</strong></span> <span class='ocrx_word' id='word_1_148' title='bbox 525 1340 550 1380; x_wconf 87' lang='lat' dir='ltr'><strong>dc</strong></span> <span class='ocrx_word' id='word_1_149' title='bbox 565 1339 590 1381; x_wconf 90' lang='lat' dir='ltr'><strong>iis</strong></span> <span class='ocrx_word' id='word_1_150' title='bbox 606 1339 697 1381; x_wconf 90' lang='lat' dir='ltr'><strong>omnibus</strong></span> <span class='ocrx_word' id='word_1_151' title='bbox 713 1340 832 1397; x_wconf 90' lang='lat' dir='ltr'><strong>disputatum</strong></span> <span class='ocrx_word' id='word_1_152' title='bbox 845 1356 856 1383; x_wconf 91' lang='lat' dir='ltr'><strong>a</strong></span> 
     </span>
     <span class='ocr_line' id='line_1_18' title="bbox 72 1407 856 1466; baseline -0.003 -13"><span class='ocrx_word' id='word_1_153' title='bbox 72 1410 129 1454; x_wconf 89' lang='lat' dir='ltr'><strong>uobis</strong></span> <span class='ocrx_word' id='word_1_154' title='bbox 147 1409 278 1461; x_wconf 80' lang='lat' dir='ltr'><strong>arbitremur,</strong></span> <span class='ocrx_word' id='word_1_155' title='bbox 299 1416 427 1466; x_wconf 82' lang='lat' dir='ltr'><strong>posteaquam</strong></span> <span class='ocrx_word' id='word_1_156' title='bbox 444 1407 593 1460; x_wconf 86' lang='lat' dir='ltr'><strong>cantharidem,</strong></span> <span class='ocrx_word' id='word_1_157' title='bbox 616 1416 636 1449; x_wconf 93' lang='lat' dir='ltr'><strong>ut</strong></span> <span class='ocrx_word' id='word_1_158' title='bbox 654 1409 682 1450; x_wconf 88' lang='lat' dir='ltr'><strong>ita</strong></span> <span class='ocrx_word' id='word_1_159' title='bbox 698 1409 775 1461; x_wconf 89' lang='lat' dir='ltr'><strong>dicam,</strong></span> <span class='ocrx_word' id='word_1_160' title='bbox 797 1411 856 1451; x_wconf 89' lang='lat' dir='ltr'><strong>istam</strong></span> 
     </span>
     <span class='ocr_line' id='line_1_19' title="bbox 72 1476 857 1534; baseline -0.003 -14"><span class='ocrx_word' id='word_1_161' title='bbox 72 1479 139 1521; x_wconf 86' lang='lat' dir='ltr'><strong>colore</strong></span> <span class='ocrx_word' id='word_1_162' title='bbox 152 1478 217 1529; x_wconf 88' lang='lat' dir='ltr'><strong>fulvo,</strong></span> <span class='ocrx_word' id='word_1_163' title='bbox 239 1478 275 1519; x_wconf 91' lang='lat' dir='ltr'><strong>alis</strong></span> <span class='ocrx_word' id='word_1_164' title='bbox 292 1478 400 1533; x_wconf 88' lang='lat' dir='ltr'><strong>praeditam</strong></span> <span class='ocrx_word' id='word_1_165' title='bbox 413 1492 436 1517; x_wconf 92' lang='lat' dir='ltr'><strong>ac</strong></span> <span class='ocrx_word' id='word_1_166' title='bbox 449 1477 561 1527; x_wconf 83' lang='lat' dir='ltr'><strong>volantem,</strong></span> <span class='ocrx_word' id='word_1_167' title='bbox 585 1476 620 1517; x_wconf 91' lang='lat' dir='ltr'><strong>sed</strong></span> <span class='ocrx_word' id='word_1_168' title='bbox 635 1476 754 1518; x_wconf 81' lang='lat' dir='ltr'><strong>virulentam</strong></span> <span class='ocrx_word' id='word_1_169' title='bbox 767 1478 857 1534; x_wconf 80' lang='lat' dir='ltr'><strong>inprimis</strong></span> 
     </span>
     <span class='ocr_line' id='line_1_20' title="bbox 72 1545 855 1603; baseline -0.003 -13"><span class='ocrx_word' id='word_1_170' title='bbox 72 1562 95 1590; x_wconf 87' lang='lat' dir='ltr'><strong>ac</strong></span> <span class='ocrx_word' id='word_1_171' title='bbox 107 1546 178 1589; x_wconf 83' lang='lat' dir='ltr'><strong>letiferi</strong></span> <span class='ocrx_word' id='word_1_172' title='bbox 191 1545 265 1588; x_wconf 89' lang='lat' dir='ltr'><strong>veneni</strong></span> <span class='ocrx_word' id='word_1_173' title='bbox 277 1545 368 1603; x_wconf 83' lang='lat' dir='ltr'><strong>plenam,</strong></span> <span class='ocrx_word' id='word_1_174' title='bbox 384 1545 475 1587; x_wconf 88' lang='lat' dir='ltr'><strong>veritatis</strong></span> <span class='ocrx_word' id='word_1_175' title='bbox 489 1545 579 1586; x_wconf 89' lang='lat' dir='ltr'><strong>oratione</strong></span> <span class='ocrx_word' id='word_1_176' title='bbox 591 1545 733 1601; x_wconf 83' lang='lat' dir='ltr'><strong>protriviruus,</strong></span> <span class='ocrx_word' id='word_1_177' title='bbox 751 1546 775 1587; x_wconf 89' lang='lat' dir='ltr'><strong>ad</strong></span> <span class='ocrx_word' id='word_1_178' title='bbox 788 1547 855 1598; x_wconf 89' lang='lat' dir='ltr'><strong>aliam,</strong></span> 
     </span>
     <span class='ocr_line' id='line_1_21' title="bbox 71 1614 857 1671; baseline -0.001 -14"><span class='ocrx_word' id='word_1_179' title='bbox 71 1629 122 1671; x_wconf 90' lang='lat' dir='ltr'><strong>quae</strong></span> <span class='ocrx_word' id='word_1_180' title='bbox 134 1629 173 1656; x_wconf 90' lang='lat' dir='ltr'><strong>una</strong></span> <span class='ocrx_word' id='word_1_181' title='bbox 190 1621 329 1671; x_wconf 89' lang='lat' dir='ltr'><strong>postremaque</strong></span> <span class='ocrx_word' id='word_1_182' title='bbox 341 1621 444 1669; x_wconf 83' lang='lat' dir='ltr'><strong>superest,</strong></span> <span class='ocrx_word' id='word_1_183' title='bbox 466 1621 603 1664; x_wconf 88' lang='lat' dir='ltr'><strong>transeamus,</strong></span> <span class='ocrx_word' id='word_1_184' title='bbox 627 1614 684 1654; x_wconf 90' lang='lat' dir='ltr'><strong>deum</strong></span> <span class='ocrx_word' id='word_1_185' title='bbox 698 1614 788 1670; x_wconf 86' lang='lat' dir='ltr'><strong>inprimis</strong></span> <span class='ocrx_word' id='word_1_186' title='bbox 802 1615 857 1656; x_wconf 86' lang='lat' dir='ltr'><strong>obte-</strong></span> 
     </span>
     <span class='ocr_line' id='line_1_22' title="bbox 71 1681 857 1738; baseline 0 -12"><span class='ocrx_word' id='word_1_187' title='bbox 71 1690 148 1726; x_wconf 87' lang='lat' dir='ltr'><strong>stantes</strong></span> <span class='ocrx_word' id='word_1_188' title='bbox 163 1689 184 1725; x_wconf 86' lang='lat' dir='ltr'><strong>ut</strong></span> <span class='ocrx_word' id='word_1_189' title='bbox 199 1689 219 1725; x_wconf 90' lang='lat' dir='ltr'><strong>et</strong></span> <span class='ocrx_word' id='word_1_190' title='bbox 231 1682 255 1724; x_wconf 90' lang='lat' dir='ltr'><strong>ad</strong></span> <span class='ocrx_word' id='word_1_191' title='bbox 272 1682 364 1724; x_wconf 88' lang='lat' dir='ltr'><strong>veritatis</strong></span> <span class='ocrx_word' id='word_1_192' title='bbox 380 1682 515 1724; x_wconf 88' lang='lat' dir='ltr'><strong>consectanda</strong></span> <span class='ocrx_word' id='word_1_193' title='bbox 526 1681 610 1738; x_wconf 79' lang='lat' dir='ltr'><strong>vestigia</strong></span> <span class='ocrx_word' id='word_1_194' title='bbox 626 1689 646 1724; x_wconf 87' lang='lat' dir='ltr'><strong>et</strong></span> <span class='ocrx_word' id='word_1_195' title='bbox 657 1683 681 1724; x_wconf 91' lang='lat' dir='ltr'><strong>ad</strong></span> <span class='ocrx_word' id='word_1_196' title='bbox 695 1683 816 1726; x_wconf 84' lang='lat' dir='ltr'><strong>contrariam</strong></span> <span class='ocrx_word' id='word_1_197' title='bbox 829 1685 838 1725; x_wconf 89' lang='lat' dir='ltr'><strong>f</strong></span> <span class='ocrx_word' id='word_1_198' title='bbox 849 1709 857 1716; x_wconf 95' lang='lat'><em>·</em></span> 
     </span>
     <span class='ocr_line' id='line_1_23' title="bbox 73 1750 741 1807; baseline -0.001 -13"><span class='ocrx_word' id='word_1_199' title='bbox 73 1753 158 1795; x_wconf 85' lang='lat' dir='ltr'><strong>ctionem</strong></span> <span class='ocrx_word' id='word_1_200' title='bbox 175 1751 253 1807; x_wconf 88' lang='lat' dir='ltr'><strong>penitus</strong></span> <span class='ocrx_word' id='word_1_201' title='bbox 268 1751 399 1793; x_wconf 86' lang='lat' dir='ltr'><strong>amoliendam</strong></span> <span class='ocrx_word' id='word_1_202' title='bbox 415 1765 470 1793; x_wconf 90' lang='lat' dir='ltr'><strong>suam</strong></span> <span class='ocrx_word' id='word_1_203' title='bbox 487 1750 544 1792; x_wconf 90' lang='lat' dir='ltr'><strong>uobis</strong></span> <span class='ocrx_word' id='word_1_204' title='bbox 560 1765 616 1807; x_wconf 90' lang='lat' dir='ltr'><strong>opem</strong></span> <span class='ocrx_word' id='word_1_205' title='bbox 632 1751 741 1807; x_wconf 86' lang='lat' dir='ltr'><strong>impertiat.</strong></span> 
     </span>
    </p>
   </div>
   <div class='ocr_carea' id='block_1_3' title="bbox 73 1947 859 2241">
    <p class='ocr_par' dir='ltr' id='par_1_8' title="bbox 73 1947 859 2241">
     <span class='ocr_line' id='line_1_24' title="bbox 236 1947 703 2010; baseline 0.002 -12"><span class='ocrx_word' id='word_1_206' title='bbox 236 1947 388 1999; x_wconf 73' lang='lat' dir='ltr'><strong>caudata</strong></span> <span class='ocrx_word' id='word_1_207' title='bbox 414 1947 703 2010; x_wconf 78' lang='lat' dir='ltr'><strong>nassatlattttS,</strong></span> 
     </span>
     <span class='ocr_line' id='line_1_25' title="bbox 73 2028 859 2093; baseline 0.003 -15"><span class='ocrx_word' id='word_1_208' title='bbox 73 2029 154 2093; x_wconf 89' lang='lat' dir='ltr'><strong>quibus</strong></span> <span class='ocrx_word' id='word_1_209' title='bbox 171 2030 278 2078; x_wconf 84' lang='lat' dir='ltr'><strong>accedunt</strong></span> <span class='ocrx_word' id='word_1_210' title='bbox 295 2029 430 2090; x_wconf 74' lang='lat' dir='ltr'><strong>Martyrium</strong></span> <span class='ocrx_word' id='word_1_211' title='bbox 448 2044 460 2075; x_wconf 89' lang='lat' dir='ltr'><strong>e</strong></span> <span class='ocrx_word' id='word_1_212' title='bbox 479 2028 604 2077; x_wconf 84' lang='lat' dir='ltr'><strong>Gentilium</strong></span> <span class='ocrx_word' id='word_1_213' title='bbox 621 2046 729 2091; x_wconf 83' lang='lat' dir='ltr'><strong>nirmeru,</strong></span> <span class='ocrx_word' id='word_1_214' title='bbox 753 2047 795 2080; x_wconf 85' lang='lat' dir='ltr'><strong>uec</strong></span> <span class='ocrx_word' id='word_1_215' title='bbox 812 2048 859 2082; x_wconf 90' lang='lat' dir='ltr'><strong>non</strong></span> 
     </span>
     <span class='ocr_line' id='line_1_26' title="bbox 134 2109 797 2175; baseline 0.003 -16"><span class='ocrx_word' id='word_1_216' title='bbox 134 2115 156 2159; x_wconf 87' lang='lat' dir='ltr'><strong>et</strong></span> <span class='ocrx_word' id='word_1_217' title='bbox 172 2109 320 2175; x_wconf 85' lang='lat' dir='ltr'><strong>Ilupbemitae</strong></span> <span class='ocrx_word' id='word_1_218' title='bbox 346 2115 368 2158; x_wconf 89' lang='lat' dir='ltr'><strong>et</strong></span> <span class='ocrx_word' id='word_1_219' title='bbox 386 2110 511 2158; x_wconf 81' lang='lat' dir='ltr'><strong>Saloniani.</strong></span> <span class='ocrx_word' id='word_1_220' title='bbox 552 2110 661 2159; x_wconf 86' lang='lat' dir='ltr'><strong>Haeresis</strong></span> <span class='ocrx_word' id='word_1_221' title='bbox 678 2110 797 2174; x_wconf 81' lang='lat' dir='ltr'><strong>LXVIII,</strong></span> 
     </span>
     <span class='ocr_line' id='line_1_27' title="bbox 385 2189 548 2241; baseline 0 -1"><span class='ocrx_word' id='word_1_222' title='bbox 385 2191 434 2241; x_wconf 84' lang='lat' dir='ltr'><strong>sire</strong></span> <span class='ocrx_word' id='word_1_223' title='bbox 451 2189 548 2240; x_wconf 85' lang='lat' dir='ltr'>LXXX.</span> 
     </span>
    </p>
   </div>
   <div class='ocr_carea' id='block_1_4' title="bbox 74 2291 946 2972">
    <p class='ocr_par' dir='ltr' id='par_1_9' title="bbox 74 2291 946 2972">
     <span class='ocr_line' id='line_1_28' title="bbox 131 2291 946 2352; baseline 0.007 -17"><span class='ocrx_word' id='word_1_224' title='bbox 131 2291 176 2335; x_wconf 88' lang='lat' dir='ltr'><strong>Nec</strong></span> <span class='ocrx_word' id='word_1_225' title='bbox 193 2292 315 2349; x_wconf 87' lang='lat' dir='ltr'><strong>impudentia</strong></span> <span class='ocrx_word' id='word_1_226' title='bbox 332 2293 411 2344; x_wconf 87' lang='lat' dir='ltr'><strong>satiari,</strong></span> <span class='ocrx_word' id='word_1_227' title='bbox 435 2307 473 2335; x_wconf 91' lang='lat' dir='ltr'><strong>nee</strong></span> <span class='ocrx_word' id='word_1_228' title='bbox 491 2294 568 2349; x_wconf 76' lang='lat' dir='ltr'><strong>expleri</strong></span> <span class='ocrx_word' id='word_1_229' title='bbox 586 2293 668 2336; x_wconf 87' lang='lat' dir='ltr'><strong>stultitia</strong></span> <span class='ocrx_word' id='word_1_230' title='bbox 685 2302 762 2350; x_wconf 86' lang='lat' dir='ltr'><strong>potest,</strong></span> <span class='ocrx_word' id='word_1_231' title='bbox 785 2297 856 2339; x_wconf 90' lang='lat' dir='ltr'><strong>sedin</strong></span> <span class='ocrx_word' id='word_1_232' title='bbox 877 2306 918 2352; x_wconf 86' lang='lat' dir='ltr'><strong>cap.</strong></span> <span class='ocrx_word' id='word_1_233' title='bbox 931 2309 946 2340; x_wconf 83' lang='lat'><strong>1.</strong></span> 
     </span>
     <span class='ocr_line' id='line_1_29' title="bbox 74 2362 859 2417; baseline 0.005 -13"><span class='ocrx_word' id='word_1_234' title='bbox 74 2362 140 2404; x_wconf 89' lang='lat' dir='ltr'><strong>omnia</strong></span> <span class='ocrx_word' id='word_1_235' title='bbox 159 2362 300 2417; x_wconf 82' lang='lat' dir='ltr'><strong>cogitationem</strong></span> <span class='ocrx_word' id='word_1_236' title='bbox 316 2368 336 2404; x_wconf 87' lang='lat' dir='ltr'><strong>et</strong></span> <span class='ocrx_word' id='word_1_237' title='bbox 351 2363 438 2404; x_wconf 90' lang='lat' dir='ltr'><strong>animum</strong></span> <span class='ocrx_word' id='word_1_238' title='bbox 454 2362 538 2404; x_wconf 87' lang='lat' dir='ltr'><strong>intendit</strong></span> <span class='ocrx_word' id='word_1_239' title='bbox 550 2377 619 2415; x_wconf 86' lang='lat' dir='ltr'><strong>surrru,</strong></span> <span class='ocrx_word' id='word_1_240' title='bbox 641 2377 664 2405; x_wconf 87' lang='lat' dir='ltr'><strong>ao</strong></span> <span class='ocrx_word' id='word_1_241' title='bbox 678 2364 734 2406; x_wconf 89' lang='lat' dir='ltr'><strong>velut</strong></span> <span class='ocrx_word' id='word_1_242' title='bbox 747 2364 809 2407; x_wconf 89' lang='lat' dir='ltr'><strong>lrianti</strong></span> <span class='ocrx_word' id='word_1_243' title='bbox 823 2381 859 2408; x_wconf 86' lang='lat' dir='ltr'><strong>ore</strong></span> 
     </span>
     <span class='ocr_line' id='line_1_30' title="bbox 74 2430 859 2492; baseline 0.005 -19"><span class='ocrx_word' id='word_1_244' title='bbox 74 2430 95 2473; x_wconf 92' lang='lat' dir='ltr'><strong>iu</strong></span> <span class='ocrx_word' id='word_1_245' title='bbox 107 2431 126 2473; x_wconf 94' lang='lat' dir='ltr'><strong>id</strong></span> <span class='ocrx_word' id='word_1_246' title='bbox 138 2431 233 2473; x_wconf 76' lang='lat' dir='ltr'><strong>incumbit</strong></span> <span class='ocrx_word' id='word_1_247' title='bbox 247 2439 268 2473; x_wconf 88' lang='lat' dir='ltr'><strong>ut</strong></span> <span class='ocrx_word' id='word_1_248' title='bbox 280 2431 352 2474; x_wconf 79' lang='lat' dir='ltr'><strong>Adurni</strong></span> <span class='ocrx_word' id='word_1_249' title='bbox 366 2430 478 2487; x_wconf 89' lang='lat' dir='ltr'><strong>Noemique</strong></span> <span class='ocrx_word' id='word_1_250' title='bbox 495 2431 576 2487; x_wconf 87' lang='lat' dir='ltr'><strong>stirpem</strong></span> <span class='ocrx_word' id='word_1_251' title='bbox 593 2432 713 2485; x_wconf 81' lang='lat' dir='ltr'><strong>labefaetct3</strong></span> <span class='ocrx_word' id='word_1_252' title='bbox 735 2434 780 2475; x_wconf 93' lang='lat' dir='ltr'><strong>dum</strong></span> <span class='ocrx_word' id='word_1_253' title='bbox 793 2442 814 2476; x_wconf 89' lang='lat' dir='ltr'><strong>et</strong></span> <span class='ocrx_word' id='word_1_254' title='bbox 824 2450 859 2492; x_wconf 89' lang='lat' dir='ltr'><strong>pu-</strong></span> 
     </span>
     <span class='ocr_line' id='line_1_31' title="bbox 75 2500 859 2557; baseline 0.005 -16"><span class='ocrx_word' id='word_1_255' title='bbox 75 2500 143 2543; x_wconf 88' lang='lat' dir='ltr'><strong>dorem</strong></span> <span class='ocrx_word' id='word_1_256' title='bbox 155 2515 178 2543; x_wconf 90' lang='lat' dir='ltr'><strong>ac</strong></span> <span class='ocrx_word' id='word_1_257' title='bbox 190 2500 302 2557; x_wconf 86' lang='lat' dir='ltr'><strong>pudicitiam</strong></span> <span class='ocrx_word' id='word_1_258' title='bbox 317 2500 378 2542; x_wconf 89' lang='lat' dir='ltr'><strong>variis</strong></span> <span class='ocrx_word' id='word_1_259' title='bbox 394 2501 457 2542; x_wconf 88' lang='lat' dir='ltr'><strong>modis</strong></span> <span class='ocrx_word' id='word_1_260' title='bbox 471 2501 603 2552; x_wconf 82' lang='lat' dir='ltr'><strong>exterminat,</strong></span> <span class='ocrx_word' id='word_1_261' title='bbox 626 2508 645 2542; x_wconf 86' lang='lat' dir='ltr'><strong>et</strong></span> <span class='ocrx_word' id='word_1_262' title='bbox 656 2502 790 2544; x_wconf 88' lang='lat' dir='ltr'><strong>meretriciam</strong></span> <span class='ocrx_word' id='word_1_263' title='bbox 802 2504 859 2545; x_wconf 91' lang='lat' dir='ltr'><strong>indo-</strong></span> 
     </span>
     <span class='ocr_line' id='line_1_32' title="bbox 75 2568 859 2626; baseline 0.006 -16"><span class='ocrx_word' id='word_1_264' title='bbox 75 2568 113 2610; x_wconf 88' lang='lat' dir='ltr'><strong>lem</strong></span> <span class='ocrx_word' id='word_1_265' title='bbox 124 2568 144 2611; x_wconf 92' lang='lat' dir='ltr'><strong>in</strong></span> <span class='ocrx_word' id='word_1_266' title='bbox 155 2569 179 2611; x_wconf 91' lang='lat' dir='ltr'><strong>iis</strong></span> <span class='ocrx_word' id='word_1_267' title='bbox 192 2584 241 2626; x_wconf 91' lang='lat' dir='ltr'><strong>quos</strong></span> <span class='ocrx_word' id='word_1_268' title='bbox 252 2569 331 2611; x_wconf 88' lang='lat' dir='ltr'><strong>laedere</strong></span> <span class='ocrx_word' id='word_1_269' title='bbox 342 2569 457 2625; x_wconf 83' lang='lat' dir='ltr'><strong>aggreditur</strong></span> <span class='ocrx_word' id='word_1_270' title='bbox 468 2584 507 2611; x_wconf 90' lang='lat' dir='ltr'><strong>nou</strong></span> <span class='ocrx_word' id='word_1_271' title='bbox 517 2583 554 2611; x_wconf 78' lang='lat' dir='ltr'><strong>rutra</strong></span> <span class='ocrx_word' id='word_1_272' title='bbox 567 2571 645 2612; x_wconf 88' lang='lat' dir='ltr'><strong>ratione</strong></span> <span class='ocrx_word' id='word_1_273' title='bbox 655 2570 777 2613; x_wconf 89' lang='lat' dir='ltr'><strong>disseminat.</strong></span> <span class='ocrx_word' id='word_1_274' title='bbox 809 2572 859 2615; x_wconf 77' lang='lat' dir='ltr'><strong>ltre-</strong></span> 
     </span>
     <span class='ocr_line' id='line_1_33' title="bbox 75 2637 859 2699; baseline 0.006 -20"><span class='ocrx_word' id='word_1_275' title='bbox 75 2638 116 2680; x_wconf 93' lang='lat' dir='ltr'><strong>nim</strong></span> <span class='ocrx_word' id='word_1_276' title='bbox 127 2646 172 2695; x_wconf 91' lang='lat' dir='ltr'><strong>post</strong></span> <span class='ocrx_word' id='word_1_277' title='bbox 182 2637 297 2694; x_wconf 89' lang='lat' dir='ltr'><strong>superiores</strong></span> <span class='ocrx_word' id='word_1_278' title='bbox 312 2637 356 2679; x_wconf 91' lang='lat' dir='ltr'><strong>illas</strong></span> <span class='ocrx_word' id='word_1_279' title='bbox 371 2638 466 2681; x_wconf 87' lang='lat' dir='ltr'><strong>haereses</strong></span> <span class='ocrx_word' id='word_1_280' title='bbox 482 2638 553 2680; x_wconf 89' lang='lat' dir='ltr'><strong>stolida</strong></span> <span class='ocrx_word' id='word_1_281' title='bbox 566 2639 660 2693; x_wconf 85' lang='lat' dir='ltr'><strong>quaedam</strong></span> <span class='ocrx_word' id='word_1_282' title='bbox 673 2654 696 2681; x_wconf 88' lang='lat' dir='ltr'><strong>ae</strong></span> <span class='ocrx_word' id='word_1_283' title='bbox 707 2641 801 2684; x_wconf 87' lang='lat' dir='ltr'><strong>vecordia</strong></span> <span class='ocrx_word' id='word_1_284' title='bbox 817 2643 859 2699; x_wconf 90' lang='lat' dir='ltr'><strong>ple-</strong></span> 
     </span>
     <span class='ocr_line' id='line_1_34' title="bbox 75 2706 860 2763; baseline 0.005 -14"><span class='ocrx_word' id='word_1_285' title='bbox 75 2706 157 2749; x_wconf 87' lang='lat' dir='ltr'><strong>nissima</strong></span> <span class='ocrx_word' id='word_1_286' title='bbox 170 2707 207 2749; x_wconf 90' lang='lat' dir='ltr'><strong>alia</strong></span> <span class='ocrx_word' id='word_1_287' title='bbox 221 2706 278 2748; x_wconf 92' lang='lat' dir='ltr'><strong>nobis</strong></span> <span class='ocrx_word' id='word_1_288' title='bbox 290 2708 384 2758; x_wconf 90' lang='lat' dir='ltr'><strong>emersit,</strong></span> <span class='ocrx_word' id='word_1_289' title='bbox 407 2708 490 2749; x_wconf 88' lang='lat' dir='ltr'><strong>ridicula</strong></span> <span class='ocrx_word' id='word_1_290' title='bbox 501 2708 535 2749; x_wconf 90' lang='lat' dir='ltr'><strong>illa</strong></span> <span class='ocrx_word' id='word_1_291' title='bbox 548 2707 637 2763; x_wconf 83' lang='lat' dir='ltr'><strong>quidem,</strong></span> <span class='ocrx_word' id='word_1_292' title='bbox 654 2723 692 2750; x_wconf 87' lang='lat' dir='ltr'><strong>nec</strong></span> <span class='ocrx_word' id='word_1_293' title='bbox 702 2709 742 2752; x_wconf 92' lang='lat' dir='ltr'><strong>ullo</strong></span> <span class='ocrx_word' id='word_1_294' title='bbox 755 2711 814 2752; x_wconf 91' lang='lat' dir='ltr'><strong>modo</strong></span> <span class='ocrx_word' id='word_1_295' title='bbox 826 2725 860 2753; x_wconf 92' lang='lat' dir='ltr'><strong>ec-</strong></span> 
     </span>
     <span class='ocr_line' id='line_1_35' title="bbox 77 2774 860 2832; baseline 0.006 -16"><span class='ocrx_word' id='word_1_296' title='bbox 77 2774 161 2819; x_wconf 88' lang='lat' dir='ltr'><strong>bacreus</strong></span> <span class='ocrx_word' id='word_1_297' title='bbox 172 2791 183 2818; x_wconf 89' lang='lat' dir='ltr'><strong>e</strong></span> <span class='ocrx_word' id='word_1_298' title='bbox 194 2775 243 2818; x_wconf 87' lang='lat' dir='ltr'><strong>viris</strong></span> <span class='ocrx_word' id='word_1_299' title='bbox 254 2775 329 2832; x_wconf 87' lang='lat' dir='ltr'><strong>pariter</strong></span> <span class='ocrx_word' id='word_1_300' title='bbox 340 2784 360 2817; x_wconf 92' lang='lat' dir='ltr'><strong>et</strong></span> <span class='ocrx_word' id='word_1_301' title='bbox 372 2776 483 2818; x_wconf 78' lang='lat' dir='ltr'><strong>infelicibus</strong></span> <span class='ocrx_word' id='word_1_302' title='bbox 495 2776 615 2818; x_wconf 88' lang='lat' dir='ltr'><strong>mulierculis</strong></span> <span class='ocrx_word' id='word_1_303' title='bbox 630 2779 723 2820; x_wconf 88' lang='lat' dir='ltr'><strong>conflata.</strong></span> <span class='ocrx_word' id='word_1_304' title='bbox 754 2777 860 2821; x_wconf 82' lang='lat' dir='ltr'><strong>Massalia-</strong></span> 
     </span>
     <span class='ocr_line' id='line_1_36' title="bbox 76 2843 859 2903; baseline 0.006 -18"><span class='ocrx_word' id='word_1_305' title='bbox 76 2858 113 2886; x_wconf 91' lang='lat' dir='ltr'><strong>nos</strong></span> <span class='ocrx_word' id='word_1_306' title='bbox 127 2845 171 2887; x_wconf 88' lang='lat' dir='ltr'><strong>illos</strong></span> <span class='ocrx_word' id='word_1_307' title='bbox 189 2852 274 2898; x_wconf 84' lang='lat' dir='ltr'><strong>vocant,</strong></span> <span class='ocrx_word' id='word_1_308' title='bbox 296 2859 346 2901; x_wconf 93' lang='lat' dir='ltr'><strong>quae</strong></span> <span class='ocrx_word' id='word_1_309' title='bbox 362 2860 403 2887; x_wconf 85' lang='lat' dir='ltr'><strong>vox</strong></span> <span class='ocrx_word' id='word_1_310' title='bbox 416 2843 505 2888; x_wconf 83' lang='lat' dir='ltr'><strong>Orantes</strong></span> <span class='ocrx_word' id='word_1_311' title='bbox 522 2844 628 2901; x_wconf 83' lang='lat' dir='ltr'><strong>signifieat.</strong></span> <span class='ocrx_word' id='word_1_312' title='bbox 659 2846 686 2889; x_wconf 90' lang='lat' dir='ltr'><strong>Hi</strong></span> <span class='ocrx_word' id='word_1_313' title='bbox 699 2848 772 2903; x_wconf 86' lang='lat' dir='ltr'><strong>aliquot</strong></span> <span class='ocrx_word' id='word_1_314' title='bbox 787 2848 859 2890; x_wconf 87' lang='lat' dir='ltr'><strong>abbine</strong></span> 
     </span>
     <span class='ocr_line' id='line_1_37' title="bbox 76 2912 857 2972; baseline 0.006 -18"><span class='ocrx_word' id='word_1_315' title='bbox 76 2914 134 2956; x_wconf 89' lang='lat' dir='ltr'><strong>annis</strong></span> <span class='ocrx_word' id='word_1_316' title='bbox 150 2915 228 2971; x_wconf 90' lang='lat' dir='ltr'><strong>prodire</strong></span> <span class='ocrx_word' id='word_1_317' title='bbox 247 2921 366 2970; x_wconf 85' lang='lat' dir='ltr'><strong>coeperunt,</strong></span> <span class='ocrx_word' id='word_1_318' title='bbox 388 2914 425 2957; x_wconf 91' lang='lat' dir='ltr'><strong>sub</strong></span> <span class='ocrx_word' id='word_1_319' title='bbox 440 2912 554 2956; x_wconf 86' lang='lat' dir='ltr'><strong>Constantii</strong></span> <span class='ocrx_word' id='word_1_320' title='bbox 570 2915 612 2956; x_wconf 88' lang='lat' dir='ltr'><strong>fere</strong></span> <span class='ocrx_word' id='word_1_321' title='bbox 629 2915 757 2972; x_wconf 89' lang='lat' dir='ltr'><strong>imperaturis</strong></span> <span class='ocrx_word' id='word_1_322' title='bbox 772 2924 857 2972; x_wconf 77' lang='lat' dir='ltr'><strong>tempus</strong></span> 
     </span>
    </p>
   </div>
   <div class='ocr_carea' id='block_1_5' title="bbox 100 2994 860 3132">
    <p class='ocr_par' dir='ltr' id='par_1_10' title="bbox 100 2994 860 3132">
     <span class='ocr_line' id='line_1_38' title="bbox 101 2994 859 3041; baseline 0.008 -14"><span class='ocrx_word' id='word_1_323' title='bbox 101 2995 157 3028; x_wconf 68' lang='lat' dir='ltr'><strong>Cael.</strong></span> <span class='ocrx_word' id='word_1_324' title='bbox 165 3014 186 3021; x_wconf 93' lang='lat'><em>-</em></span> <span class='ocrx_word' id='word_1_325' title='bbox 200 2999 213 3029; x_wconf 88' lang='lat'><strong>1.</strong></span> <span class='ocrx_word' id='word_1_326' title='bbox 222 2994 252 3030; x_wconf 78' lang='lat' dir='ltr'><strong>aul</strong></span> <span class='ocrx_word' id='word_1_327' title='bbox 260 2995 454 3037; x_wconf 69' lang='lat' dir='ltr'><strong>nontaueteaaumuiq.</strong></span> <span class='ocrx_word' id='word_1_328' title='bbox 478 2998 502 3028; x_wconf 80' lang='lat' dir='ltr'><strong>bri</strong></span> <span class='ocrx_word' id='word_1_329' title='bbox 513 2997 581 3036; x_wconf 57' lang='lat' dir='ltr'><strong>butant,</strong></span> <span class='ocrx_word' id='word_1_330' title='bbox 594 2998 632 3036; x_wconf 81' lang='lat' dir='ltr'><strong>port</strong></span> <span class='ocrx_word' id='word_1_331' title='bbox 642 2998 676 3030; x_wconf 83' lang='lat' dir='ltr'><strong>iure</strong></span> <span class='ocrx_word' id='word_1_332' title='bbox 684 2998 734 3038; x_wconf 80' lang='lat' dir='ltr'><strong>possit</strong></span> <span class='ocrx_word' id='word_1_333' title='bbox 744 2998 792 3030; x_wconf 79' lang='lat' dir='ltr'><strong>etlam</strong></span> <span class='ocrx_word' id='word_1_334' title='bbox 802 2996 859 3041; x_wconf 73' lang='grc' dir='ltr'>φύσα-</span> 
     </span>
     <span class='ocr_line' id='line_1_39' title="bbox 100 3040 860 3085; baseline 0.001 -11"><span class='ocrx_word' id='word_1_335' title='bbox 100 3040 116 3074; x_wconf 77' lang='lat'><strong>2.</strong></span> <span class='ocrx_word' id='word_1_336' title='bbox 129 3040 159 3075; x_wconf 78' lang='lat' dir='ltr'><strong>acl</strong></span> <span class='ocrx_word' id='word_1_337' title='bbox 170 3052 202 3075; x_wconf 84' lang='lat' dir='ltr'><strong>non</strong></span> <span class='ocrx_word' id='word_1_338' title='bbox 212 3044 283 3083; x_wconf 78' lang='lat' dir='ltr'><strong>cqacser&#39;t</strong></span> <span class='ocrx_word' id='word_1_339' title='bbox 294 3043 327 3074; x_wconf 84' lang='lat' dir='ltr'><strong>ced.</strong></span> <span class='ocrx_word' id='word_1_340' title='bbox 340 3041 405 3082; x_wconf 64' lang='lat' dir='ltr'><strong>auecta,</strong></span> <span class='ocrx_word' id='word_1_341' title='bbox 481 3052 513 3082; x_wconf 79' lang='lat' dir='ltr'><strong>cc,</strong></span> <span class='ocrx_word' id='word_1_342' title='bbox 525 3042 546 3082; x_wconf 79' lang='lat' dir='ltr'><strong>es.</strong></span> <span class='ocrx_word' id='word_1_343' title='bbox 557 3042 606 3081; x_wconf 77' lang='lat' dir='ltr'><strong>Epist.</strong></span> <span class='ocrx_word' id='word_1_344' title='bbox 618 3043 641 3075; x_wconf 84' lang='lat' dir='ltr'><strong>ed</strong></span> <span class='ocrx_word' id='word_1_345' title='bbox 650 3045 697 3076; x_wconf 79' lang='lat' dir='ltr'><strong>Aeac.</strong></span> <span class='ocrx_word' id='word_1_346' title='bbox 708 3046 722 3076; x_wconf 85' lang='lat' dir='ltr'><strong>a</strong></span> <span class='ocrx_word' id='word_1_347' title='bbox 732 3043 774 3077; x_wconf 81' lang='lat' dir='ltr'><strong>truc.</strong></span> <span class='ocrx_word' id='word_1_348' title='bbox 785 3042 818 3085; x_wconf 82' lang='lat'><strong>73,</strong></span> <span class='ocrx_word' id='word_1_349' title='bbox 830 3044 860 3080; x_wconf 79' lang='lat'><strong>37.</strong></span> 
     </span>
     <span class='ocr_line' id='line_1_40' title="bbox 100 3084 698 3132; baseline -0.003 -11"><span class='ocrx_word' id='word_1_350' title='bbox 100 3085 117 3121; x_wconf 78' lang='lat'><strong>3.</strong></span> <span class='ocrx_word' id='word_1_351' title='bbox 130 3085 198 3122; x_wconf 80' lang='grc' dir='ltr'>Φυεῖσα</span> <span class='ocrx_word' id='word_1_352' title='bbox 208 3089 265 3130; x_wconf 78' lang='lat' dir='ltr'><strong>scripsi</strong></span> <span class='ocrx_word' id='word_1_353' title='bbox 274 3097 304 3129; x_wconf 77' lang='lat' dir='ltr'><strong>pro</strong></span> <span class='ocrx_word' id='word_1_354' title='bbox 315 3086 370 3132; x_wconf 83' lang='grc' dir='ltr'>φασὶ,</span> <span class='ocrx_word' id='word_1_355' title='bbox 386 3089 428 3129; x_wconf 85' lang='lat' dir='ltr'><strong>quod</strong></span> <span class='ocrx_word' id='word_1_356' title='bbox 438 3090 457 3121; x_wconf 88' lang='lat' dir='ltr'><strong>tt·</strong></span> <span class='ocrx_word' id='word_1_357' title='bbox 481 3089 556 3122; x_wconf 77' lang='lat' dir='ltr'><strong>Fatuclus</strong></span> <span class='ocrx_word' id='word_1_358' title='bbox 566 3084 619 3131; x_wconf 71' lang='lat' dir='ltr'><strong>adea</strong></span> <span class='ocrx_word' id='word_1_359' title='bbox 629 3090 698 3122; x_wconf 76' lang='lat' dir='ltr'><strong>coniecit.</strong></span> 
     </span>
    </p>
   </div>
   <div class='ocr_carea' id='block_1_6' title="bbox 0 0 1006 3392">
    <p class='ocr_par' dir='ltr' id='par_1_11' title="bbox 0 0 1006 3392">
     <span class='ocr_line' id='line_1_41' title="bbox 0 0 1006 3392; baseline 0 0"><span class='ocrx_word' id='word_1_360' title='bbox 0 0 1006 3392; x_wconf 95' lang='lat' dir='ltr'><strong> </strong></span> 
     </span>
    </p>
   </div>
  </div>
 </body>
</html>
