1988 3392
238 249 331 285 canaan
343 249 423 283 nisan.
436 249 491 285 non.
499 251 521 285 n.
532 248 704 284 unamnxxvru.
820 239 862 280 427

16 338 18 344 '
82 331 165 378 Davidis
178 329 272 373 acludae
289 331 351 387 stirpe
366 329 392 371 sit
405 331 487 373 oriunda
500 330 642 382 Elizabetbae‚
665 342 716 385 qnae
732 342 758 371 cx
769 327 863 371 Levitico

82 414 158 462 genere
173 407 239 452 esset,
256 407 341 456 cognata
357 400 430 441 licerit?

137 468 222 511 lacobus
231 469 270 510 iste
279 469 379 510 bracteam
389 468 410 510 in
421 468 486 524 capite
496 468 567 524 gessit.
597 467 626 510 Et
638 482 682 510 oum
694 466 799 523 aliquando
809 473 863 508 terra
873 464 968 524 capcxw.

82 538 172 584 siccitate
188 536 299 588 laboraret,
322 536 405 578 sublatis
420 537 444 578 ad
457 537 536 578 coelum
553 537 642 578 manibus
659 536 736 586 oravit,
759 535 863 590 statimque

81 607 145 650 imber
158 605 183 647 de
195 605 251 646 coelo
263 604 343 645 decidit.
374 602 443 646 Lanea
455 604 574 645 vestimenta
587 620 685 660 nunquam
696 603 768 645 induit.
798 601 864 643 Huius

82 687 131 717 vero
145 685 210 726 genua
221 672 341 712 camelorum
354 672 523 727 instar‘callosam
536 672 626 712 duritiem
636 677 791 721 contraxerant,
813 669 865 724 quod

82 753 129 799 prae
140 738 257 780 abundantia
270 739 348 794 pietatis
360 739 439 780 assidue
451 739 484 780 illa
494 753 560 780 coram
572 739 651 780 domino
661 740 758 780 flecteret.
789 736 865 791 Qunam-

82 809 150 853 obrem
163 820 221 850 nemo
238 806 320 863 amplius
337 807 416 863 proprio
434 807 489 850 illum
504 806 584 849 oonrine
599 807 696 859 vocabat,
717 807 751 849 scd
762 808 829 848 Iocatus
839 804 863 847 ab

82 876 173 923 omnibus
189 875 331 935 appellabatur.
362 875 394 919 Ad
406 875 455 919 baec
470 891 569 934 nunquam
581 875 601 919 in
614 876 690 920 balneis
702 876 762 928 lavit,
784 874 808 917 ab
821 874 864 917 ani-

82 957 135 994 mato
147 948 200 991 omni
213 947 342 1005 temperavit,
364 955 384 989 ut
397 955 456 990 antea
475 948 547 991 dictum
561 955 603 1001 est3
626 961 690 1004 neque
706 946 799 990 sandaliis
815 959 864 988 usus

83 1027 120 1063 cst.
151 1017 237 1075 Reliqua
254 1018 321 1060 omnia
336 1017 473 1074 praetermitto
490 1032 540 1074 quae
553 1018 577 1059 de
589 1018 626 1060 boc
639 1017 696 1070 viro,
719 1018 782 1073 dequo
796 1017 864 1058 landa·

82 1089 116 1133 bili
128 1083 181 1130 uitae
193 1087 246 1130 illius
258 1087 361 1139 instituto,
384 1087 492 1142 quamlibet
505 1087 585 1144 copiose
603 1086 641 1128 dici
653 1093 744 1142 possunt.
775 1084 864 1128 Videsne

83 1172 140 1215 quam
152 1156 233 1213 egregia
243 1155 317 1198 familia
327 1155 360 1197 illa
371 1155 435 1197 omnis
445 1155 550 1198 extiterit?
572 1154 625 1197 Nam
638 1155 655 1198 si
667 1155 744 1212 losepbi
755 1154 812 1196 liberi
825 1153 865 1195 vir-

82 1228 149 1283 ginum
166 1226 255 1267 ordinem
270 1224 325 1266 illum
339 1231 359 1266 et
370 1223 521 1266 Nazaraeornm
535 1225 618 1266 officium
631 1225 770 1276 sectabantur,
792 1230 865 1279 quanto

83 1295 146 1350 magis
161 1307 226 1335 senex
241 1293 274 1334 illc
286 1293 416 1334 trecenarium
434 1293 487 1334 omni
505 1292 632 1348 dignissimus
650 1300 724 1334 castam
741 1299 761 1333 et
773 1292 866 1333 intactam

83 1363 180 1416 virginem
198 1370 321 1403 conservare
337 1367 434 1413 noverat,
455 1360 511 1401 etei
529 1362 573 1402 vasi
591 1361 711 1416 singularem
723 1360 819 1415 quendam
831 1359 867 1399 bo-

83 1444 152 1472 norem
165 1429 255 1480 dclcrre,
271 1429 322 1482 quod
333 1429 416 1469 salutem
428 1428 528 1469 bominum
540 1429 645 1483 aliquando
657 1429 795 1469 continuerat?
825 1425 866 1469 Sed

84 1505 104 1539 et
117 1503 189 1538 natura
200 1495 242 1551 ipsa
254 1495 373 1536 documento
386 1496 443 1536 nobis
454 1509 500 1536 csse
512 1503 589 1548 potest,
606 1497 657 1551 quod
669 1503 689 1537 et
701 1496 772 1537 affecta
781 1496 821 1535 iam
833 1508 866 1535 ae-

84 1572 125 1607 tate
137 1565 188 1606 toret
199 1578 223 1606 ac
234 1571 281 1606 natu
292 1565 398 1619 grandior,
415 1578 498 1618 magnus
507 1563 560 1606 inter
572 1564 635 1616 viros,
653 1564 740 1606 moribus
753 1563 827 1613 fidelis,
844 1576 868 1604 ac

83 1634 150 1693 specio
167 1634 208 1690 ipsa
225 1632 339 1690 religiosus.
370 1631 402 1675 lle
417 1647 442 1675 co
455 1633 526 1690 qnippe
541 1639 626 1676 testatur
642 1633 780 1690 evangelium,
800 1634 866 1674 Homt'-
887 1638 945 1706 Mlatqtp

82 1720 125 1747 nem
135 1706 195 1759 ficabre
208 1707 301 1746 timentem
311 1707 378 1755 deuna,
401 1704 433 1761 qui
448 1704 523 1746 idcirco
537 1704 587 1746 clam
602 1703 706 1761 coniugem
718 1704 817 1746 dimittere
827 1711 868 1746 sta·
909 1699 914 1713 '
941 1697 945 1706 ’

85 1774 165 1817 tuissct.
196 1772 237 1817 Sed
251 1781 272 1815 nt
283 1774 307 1815 ad
319 1774 410 1816 iacobum
422 1775 514 1827 redeam,
538 1774 611 1816 domini
628 1776 709 1816 fratrem
722 1789 745 1816 ac
757 1773 834 1830 losepbi
846 1773 868 1814 li-

84 1844 146 1896 lium,
171 1842 202 1885 bic
215 1842 361 1899 Hierosolymis
373 1850 463 1885 mortuus
475 1851 506 1886 est
516 1843 574 1885 annis
586 1850 629 1899 post
641 1843 779 1885 ascensionem
793 1841 868 1885 domini

84 1913 128 1969 plus
140 1912 205 1954 minus
221 1911 291 1967 viginti
307 1919 392 1967 quatuor
406 1912 494 1961 exactis,
516 1927 559 1954 cum
576 1913 619 1968 ipse
632 1919 711 1954 sextum
726 1918 746 1953 et
759 1911 867 1967 nonagesi-

84 1996 137 2022 mum
148 1980 220 2021 aetatis
230 1987 308 2036 ageret.
338 1978 391 2021 Huic
403 1980 455 2021 enirn
466 1980 514 2021 lullo
524 1980 602 2036 quidam
614 1988 672 2036 capnt
682 1982 733 2021 fuste
744 1979 867 2031 comminuit,

85 2063 128 2090 cum
145 2061 240 2104 praeceps
251 2054 306 2089 esset
319 2061 329 2088 c
344 2047 409 2102 templi
422 2048 526 2103 pinnaculo
538 2048 639 2096 deiectus,
661 2049 696 2089 scd
707 2048 755 2089 nibil
764 2048 869 2089 admodum

87 2116 189 2167 oliorum,
211 2115 343 2171 procumbens
355 2115 374 2155 in
389 2129 454 2169 genua
470 2129 505 2171 pro
522 2116 552 2156 his
563 2116 612 2171 ipsis
622 2130 634 2156 a
645 2116 715 2170 quibus
728 2115 869 2171 praecipitatus

87 2185 164 2234 luerat,
185 2183 242 2224 deum
256 2189 348 2238 precatus
359 2190 390 2224 est
402 2182 433 2224 bis
447 2183 527 2235 verbis,
549 2181 631 2224 Dimitte
647 2183 699 2234 illis,
720 2183 764 2237 quia
777 2182 868 2224 nesciunt

86 2251 132 2307 quid
145 2250 227 2293 laciunt.
258 2248 316 2293 Unde
333 2248 421 2307 Symeon
438 2251 490 2292 illius
505 2265 599 2293 esororc
613 2265 675 2308 nepos
691 2265 715 2293 ao
729 2248 830 2311 Cleophae
846 2250 868 2291 ti-

87 2320 125 2364 lius
134 2320 204 2379 procul
216 2320 297 2363 adstans
308 2320 329 2362 in
342 2319 391 2363 baec
403 2319 464 2363 verba
476 2319 553 2364 locutos
565 2329 607 2374 est,
628 2323 727 2363 Demade!
757 2323 808 2374 Qm'd
820 2322 869 2375 lopi-

86 2393 142 2433 ditas
155 2395 225 2433 ebatum
236 2394 328 2433 docuinam
345 2394 449 2446 appetitis?
476 2394 497 2432 Is
506 2407 544 2446 pro
555 2394 607 2433 nobis
621 2395 691 2447 optimo
705 2406 789 2447 quaeque
798 2405 867 2447 precu-

87 2470 126 2502 tar.
158 2460 203 2504 Hoc
217 2461 279 2518 igitur
293 2461 351 2503 modo
366 2460 462 2518 martyrio
478 2462 593 2517 perfunctus
607 2450 646 2504 cst.

145 2532 185 2573 lana
202 2544 251 2572 vero
265 2530 282 2572 si
297 2530 374 2585 losepbi
389 2530 440 2572 lilius
456 2537 522 2572 aetate
534 2530 563 2572 sic
577 2538 684 2586 provectus
701 2531 748 2582 luit,
771 2532 815 2587 quis
826 2531 869 2573 eius
882 2540 923 2585 cap.
933 2540 973 2574 xv.

88 2606 165 2654 patrem
175 2599 294 2650 arbitretur,
304 2599 344 2654 qni
355 2605 393 2639 tam
406 2599 506 2640 horrenda
517 2599 630 2655 spectacula
641 2599 736 2650 vidisset,
752 2606 798 2655 puta
809 2613 870 2654 ange-

87 2667 117 2708 los
130 2668 224 2716 nascenti
233 2667 271 2708 lilio
283 2666 314 2708 dei
327 2667 445 2722 stipatorum
458 2681 481 2708 ac
493 2667 598 2709 satellitum
611 2668 674 2709 officia
688 2675 824 2724 praestantes,
847 2681 871 2708 ac

88 2735 112 2775 de
122 2735 178 2777 coelo
190 2741 305 2785 cantantes,
322 2740 342 2774 et
353 2734 454 2785 dicentes,
471 2737 537 2775 Glorzb
548 2739 568 2776 z'n
578 2738 677 2776 olta'ssz'mr's
687 2740 732 2785 deo,
754 2744 775 2776 et
785 2739 805 2776 ιιι
816 2744 868 2776 terro
877 2744 933 2780 Inuca,
942 2743 964 2772 aa.

85 2817 137 2855 pum,
161 2807 181 2843 ta
192 2804 298 2843 domaaa'bus
313 2803 394 2854 bonagro
408 2805 509 2852 oolrmtus,⁸
532 2817 576 2844 cum
590 2811 681 2858 pastores
698 2805 780 2859 insuper
791 2804 815 2844 ad
827 2817 870 2844 eam

88 2871 201 2925 speluncam
212 2870 232 2912 in
244 2885 283 2927 qua
294 2867 387 2912 Christus
401 2877 460 2913 natus
474 2878 518 2913 crat
529 2871 675 2925 accessissent,
697 2873 805 2927 cademque
820 2885 871 2912 nun-

88 2937 183 2992 tiassent,
204 2953 248 2982 cum
264 2939 324 2992 haec,
346 2938 437 2994 inquam,
460 2947 500 2982 tam
514 2940 627 2982 admiranda
641 2941 730 2996 prodigia
743 2939 871 2981 acmiracula

89 3008 185 3067 loscpbus
201 3009 235 3052 ille
250 3023 314 3052 senex
330 3023 352 3051 ac
365 3008 478 3066 decrepitus
491 3011 580 3063 audiret,
602 3009 672 3053 fierine
687 3010 751 3069 potuit
763 3016 833 3052 sancto
848 3016 870 3055 ut

113 3101 153 3137 Car.
160 3103 199 3138 XV.
212 3122 233 3128 -
259 3103 273 3138 1.
288 3104 339 3146 Vutpo
350 3093 389 3147 ἆρα.
