1988 3392
145 217 188 261 234
432 228 642 272 ειυοτιτειιιιιαιι

144 304 319 362 συμβουλεύοντες.
349 312 423 352 Δοκοίν
436 305 474 363 γοίρ
484 308 506 350 ἐν
516 312 559 357 τοῖς
569 306 686 364 ἀναγκαίοις
696 307 731 350 καὶ
743 306 764 350 ἓν
775 312 818 356 τοῖς
828 312 872 366 θεῷ
880 311 926 367 πρέ-

145 389 217 418 πουσιν
232 374 329 431 ἀνόμοιον
344 378 378 420 καί
392 373 462 419 ῦυισον
477 374 513 419 τόν
529 373 580 419 θεόν
594 381 623 435 τῷ
633 378 654 428 ἐξ
665 373 727 419 αῦτοῦ
741 375 874 435 γεγεννημένῳ
886 377 927 423 ιἰιιό

145 447 220 498 πολλῆς
227 445 304 499 πλάνης
312 443 363 488 κατίι
373 444 445 499 εὐσεβῆ
454 462 498 487 τινα
506 447 587 500 ποίησιν
597 447 700 496 ἳὲξελθεῖν
708 442 760 487 θεόν
769 446 845 498 μᾶλλον
856 445 878 488 ἒν
886 452 928 497 τοῖς

146 509 330 568 οίπρεπωδεστοίτοις
339 511 410 567 όμοιον
422 510 484 556 αῦτόν
493 513 596 570 κηρύττεις
609 518 652 564 τοῖς
667 511 695 568 μὴ
709 513 809 569 πρέπουσι
823 515 848 572 τῇ
865 511 928 558 αῦτοῦ

145 582 233 636 θεότητι.
263 582 304 624 Καί
318 585 397 638 πρῶτον
413 582 449 635 μὲν
463 580 485 624 τό
497 584 632 635 διανοηθῆναι
644 582 705 638 3περὶ
716 585 769 624 θεοῦ
783 579 818 624 τόν
832 586 928 626 τοσοῦτον

145 648 213 704 βυθόν
222 655 257 704 τῆς
268 652 374 700 4διανοίας
384 648 475 704 οίσεβείας
485 651 526 693 ε’στί
537 648 621 706 καρπός,
635 650 670 692 καί
680 654 755 704 μᾶλλον
764 647 878 704 μανιοίδους
885 652 927 694 δια-

145 721 208 768 νοίας.
241 716 267 761 Τό
286 716 324 774 γδρ
342 719 416 769 εἰπεῖν,
438 715 523 761 Ἑαυτοῦ
538 719 612 770 αίτιον,
633 716 693 772 ἢτό,
713 715 874 777 5Αῦτδςεάυτῷ
888 719 927 762 ετό

146 783 196 830 εἶναι
205 786 312 843 παρέσχεν,
327 787 349 829 ἐν
361 787 419 829 δυσίν
429 783 534 837 όπονοίαις
545 792 618 837 κακαῖς
628 784 711 829 σεαυτόν
724 786 859 843 περιίπειρας,
879 785 928 830 ἄνα-

145 858 247 909 ψηλαφῦν
257 855 291 897 καί
302 858 365 909 ζητῶν
376 855 423 910 περὶ
432 859 484 898 θεοῦ
494 853 517 898 τό
530 859 574 905 πῶς
586 849 625 909 ἦν,
641 850 697 912 7ι’ἶρα
709 851 752 907 ιῖεί,
771 852 786 908 ἢ
797 856 860 913 ἑαυτῷ
868 853 891 898 τό
902 853 928 898 εἷ·

145 940 188 977 ναι,
209 921 352 978 ίίαῦτομάτως
367 921 425 967 εἶναι.
455 925 497 967 Καὶ
512 924 569 967 δέδια
585 925 620 967 καί
636 927 712 979 φρίττω
723 926 751 982 τῷ
762 927 791 982 σςῦ
801 927 858 982 κακῷ
869 924 928 967 ἔνθυ-

146 990 222 1045 μήματι
231 991 414 1048 παρεκτεινόμενος,
445 993 543 1035 Πέπαυσο
554 991 592 1048 γοίρ
603 993 637 1035 καί
649 992 781 1045 παυσόμεθα,
796 991 885 1047 ίιρκετῦς
894 993 929 1035 καὶ

146 1056 207 1109 όσίως
217 1060 293 1114 ἔχοντες
302 1058 325 1103 τδ
336 1059 369 1103 ῦεί
377 1066 432 1104 νοεῖν
441 1059 493 1103 θεόν
503 1061 538 1103 καί
550 1059 660 1113 πιστεῦειν,
680 1059 712 1104 ότι
723 1054 748 1115 ἧν
759 1058 790 1103 ιίεί
803 1058 857 1110 θεός.
887 1061 929 1104 Καὶ

146 1126 184 1185 γῦρ
194 1129 229 1170 καί
238 1130 260 1171 ἐν
270 1127 335 1186 τοῦττγ
346 1127 441 1184 ἀφρόνως
450 1128 590 1184 φθεγγόμενος
598 1146 619 1171 τε
629 1129 662 1171 καὶ
673 1127 843 1185 συλλογιζόμενος,
858 1124 887 1177 οίς
896 1144 929 1183 με·

147 1195 212 1252 γόίως
222 1194 332 1250 τετιμηκοίς
342 1196 377 1240 τόν
388 1196 449 1249 θεόν,
469 1198 521 1250 ἔφης
530 1195 561 1240 ῦτι
573 1194 620 1239 οῦτε
632 1195 692 1247 αῦτός
704 1197 768 1254 ἑαυτῷ
781 1194 803 1238 τό
815 1194 866 1239 εἶναι
877 1213 929 1253 παρ-

146 1265 205 1319 έσχεν.
238 1265 311 1309 8Οῦδὲ
326 1263 367 1322 ι’ίρα
380 1264 430 1308 κατιί
441 1265 471 1318 σὲ,
493 1266 512 1308 εί
520 1262 561 1307 ἆπό
577 1263 648 1315 λέξεων
663 1266 703 1308 ἔστι
718 1265 752 1307 καί
769 1263 930 1320 συλλογισμῶνη

63 1354 97 1384 [τις.
107 1347 137 1376 sas,
146 1336 188 1387 τῆς
200 1334 284 1384 πίστεως
300 1337 397 1390 σωτηρία,
419 1335 492 1389 ἔχουσα
508 1333 543 1376 καί
559 1333 581 1375 ἕν
598 1338 640 1383 τοῖς
654 1330 804 1389 ὑποδεεστέροις
818 1330 930 1389 ἢοίκτροῖς

145 1400 224 1455 στόμασι
235 1400 273 1457 την
283 1406 319 1446 τοῦ
336 1401 397 1459 λόγου
413 1399 527 1457 ὁμοιότητα.
560 1399 625 1444 Οῦδὲν
640 1400 678 1459 γῦρ
689 1405 729 1445 τῦν
741 1399 854 1455 κτισμάτων
865 1401 931 1461 ἑαυτῷ

146 1469 212 1513 αἴτιόν
222 1472 285 1523 ἔστιν,
306 1468 418 1525 ἢτόεῖναι
432 1469 482 1513 αῦτό
496 1471 561 1529 εἀυτηῖ
574 1470 682 1525 παρέσχεν,
703 1468 743 1513 οἷπό
755 1468 864 1513 κνωδάλων
874 1469 931 1525 ῦχρις

146 1538 271 1595 οίνθριόπου,
292 1540 326 1582 καὶ
337 1537 378 1582 σἰπό
391 1538 509 1595 ἀνθρώπων
524 1537 580 1593 όίχρις
596 1536 687 1594 οἷγγὲλιον.
716 1535 788 1587 Οόδείς
800 1535 839 1594 γόρ
849 1542 889 1581 τῶν
900 1555 930 1594 γε·

146 1606 238 1664 γονότων
249 1609 314 1666 ἑαυτῷ
323 1606 345 1650 τό
356 1605 406 1651 εἶναι
417 1607 524 1664 παρέσχεν,
545 1604 593 1649 ἄλλό
603 1607 626 1649 ἐκ
634 1610 671 1649 τοῦ
684 1604 759 1656 9ῦντος
769 1605 833 1660 μόνον
844 1604 867 1650 τό
879 1603 931 1650 εἶναι

146 1677 230 1720 ἕκαστον
246 1678 303 1732 ἔλαβε
317 1675 353 1731 τήν
369 1673 438 1733 ιῖρχην,
467 1673 503 1726 Ὡς
517 1669 555 1718 οῦν
569 1676 658 1718 ἐνταῦθα
675 1672 700 1717 δι’
716 1669 745 1718 ὧν
757 1674 850 1729 ἐνόμισας
862 1679 930 1718 συλλο-

146 1748 236 1801 γίζεσθαι
246 1747 392 1801 σνλλογισθείς,
408 1744 435 1799 μή
448 1743 522 1801 βιόρου
532 1742 588 1800 παρό
598 1742 660 1796 φῦσιν
675 1745 841 1799 παρεκτείνεσθαι
851 1746 879 1800 τῷ
890 1745 930 1797 μεί-

145 1818 192 1866 ζονι.
223 1813 364 1874 Παραλνθήση
376 1811 414 1871 γῦρ
425 1810 476 1856 κατόι
486 1810 565 1864 πάντα,
580 1815 616 1855 τοῦ
627 1815 749 1870 μονογενοῦς
759 1812 804 1855 ίσον
814 1811 848 1855 καί
857 1809 930 1867 όμοίου

147 1880 242 1941 ῦντοςτῷ
256 1886 328 1939 πατρί,
348 1876 387 1926 κῦν
399 1899 419 1926 τε
431 1887 468 1926 τοῦ
482 1886 588 1937 τεχθῆναι,
609 1880 672 1937 ἤγουν
686 1886 819 1937 γεννηθῆναι,
839 1879 880 1925 οἶπό
892 1899 930 1925 πα·

146 1950 194 2009 τρδς
204 1953 243 2008 ἔχει
253 1950 275 1995 τό
287 1950 370 2007 ἀξίωμα.
402 1949 466 1995 Οῦδὲν
476 1950 513 2008 γῦρ
528 1953 599 1994 διοίσει
614 1952 636 1994 ἒν
650 1949 713 2009 τούτῳ
727 1954 764 2005 τῆς
780 1948 833 2008 πρός
844 1949 880 1994 τόν
892 1967 930 1994 πα-

146 2022 193 2078 τέρα
208 2020 308 2076 ἰσότητος,
331 2020 397 2079 ὥςπερ
409 2020 457 2064 οῦδὲ
473 2018 514 2064 ιἰπό
530 2024 567 2064 τοῦ
583 2017 665 2074 όμοίου,
689 2024 744 2079 ιοτῷ
756 2017 894 2075 μὴδύνασθαι
905 2019 930 2064 τοί

146 2089 241 2148 γεγονότα
256 2091 335 2141 ἑαυτοῖς
349 2096 457 2147 παρασχεῖν
472 2088 494 2133 τό
506 2087 567 2142 εἶναι,
588 2086 616 2140 τίς
631 2089 665 2132 καί
678 2086 817 2146 όπροκριτέος
829 2090 864 2133 καί
875 2091 897 2133 ἐν
907 2088 929 2132 ῦ-

146 2174 196 2203 πασι
210 2161 282 2210 τέλειος
297 2158 335 2203 οῦκ
346 2158 388 2203 ίιτιό
399 2176 454 2209 τινος
468 2158 549 2203 ίίνωθεν
565 2160 607 2213 ἔσχε
622 2157 659 2213 τήν
674 2156 743 2216 οίρχην.
775 2156 827 2202 Οῦτε
841 2157 880 2216 χείρ
894 2157 930 2216 ἥρ·

146 2233 193 2282 ξατο
205 2234 241 2272 τοῦ
253 2226 309 2272 εἶναι.
335 2224 420 2285 Ἧνγόρ
433 2227 475 2281 ἀεὶ,
497 2228 639 2280 καίίιείὲστι,
660 2225 700 2271 κίίν
713 2244 734 2270 τε
749 2228 771 2270 ἒν
782 2226 887 2284 ταυτότητι
896 2229 930 2284 με’-

147 2316 190 2351 νοτ,
211 2299 246 2341 καὶ
263 2299 327 2355 ἑαυτῷ
341 2296 394 2340 11τό
405 2295 457 2339 εἶναι
472 2296 500 2351 μὴ
516 2295 624 2354 παράσχοι,
645 2294 670 2340 οῦ
682 2301 722 2339 τῶν
733 2295 847 2352 όμωνῦμων
860 2297 931 2349 λέξεων

148 2367 283 2421 ζητουμένων,
302 2364 351 2409 ἄλλοί
367 2370 403 2421 τῆς
414 2364 465 2409 κατῦ
477 2364 500 2409 τό
512 2363 622 2423 ἀκραιφνὲς
638 2363 689 2422 πρός
704 2364 727 2409 τό
742 2363 822 2421 εῦσεβὲς
835 2369 929 2424 θεωρίας.

207 2804 249 2847 Καὶ
258 2802 330 2853 ἄλλως·
352 2804 395 2847 ἐπεὶ
404 2804 465 2859 ἔφης,
481 2804 510 2845 Εἰ
520 2802 542 2846 δὲ
554 2800 615 2854 αῦτός
627 2803 690 2863 ἑαυτῷ
699 2802 721 2848 τό
730 2800 781 2847 εἶναι
791 2800 819 2859 μὴ
827 2804 930 2861 παρέσχεν,

170 2898 186 2932 2.
204 2901 230 2932 Ιία
239 2899 277 2931 libri
292 2907 351 2930 omnes.
373 2899 450 2932 Ριιαυίυε
463 2898 528 2931 coniecit
572 2898 588 2930 5.
601 2892 652 2933 αίτίι
665 2899 700 2931 cod.
712 2899 778 2940 Ιιίιεάῐγ.

148 2943 215 2986 ἐξελεῖν.
239 2945 279 2977 Mihi
289 2943 352 2976 videtur
362 2941 461 2989 ἐξελέγχεινΔ
572 2942 588 2977 6.
606 2941 625 2979 τό
643 2939 686 2978 εἶναι
700 2945 734 2977 τοῦ.
747 2945 778 2977 ίαν,
807 2940 849 2979 εἶναι
859 2941 878 2979 τί
895 2944 930 2978 τοῦ.

170 2990 186 3024 3.
199 2989 345 3025 ἐπὶπτιιάιαιιοοί
359 2990 527 3024 ισίί.Ριίυυ.Οοίοπ.
549 2990 614 3030 Ηίιιῦίμ.
630 2991 694 3022 είκαίίί
709 2991 749 3022 libri.
762 3008 784 3014 -
807 2991 841 3024 Pro
854 2987 880 3025 Τδ
897 2987 930 3033 γὰρ

148 3040 195 3077 repet,
549 3036 648 3068 scribendum
660 3036 726 3076 fortasse
738 3033 769 3080 Τῷ
780 3033 819 3080 γὰρ.

171 3082 187 3119 4.
200 3078 258 3121 τῖνοίας
269 3083 331 3116 volebat
342 3082 422 3116 Ρτισνίκο.
573 3080 588 3116 7.
601 3075 635 3126 ἄρα
645 3081 680 3115 τοῦ,
693 3082 759 3124 Βίασίγ.
