1988 3392
223 252 317 288 eunucu
329 245 411 286 mern.
422 245 478 287 noni,
486 255 508 287 nc
520 235 590 286 unna.
598 252 681 285 cxxix.
801 230 844 285 449

54 334 128 394 etqua
144 334 222 378 ratione
239 335 376 390 convincenda
392 334 418 376 sit
430 334 533 392 implorata
551 335 582 377 dei
595 349 633 392 ope
650 349 685 391 pro
699 333 752 375 virili
763 334 845 376 demon-

58 405 177 457 strabimus,
201 413 223 447 ut
234 404 291 446 huius
303 404 404 455 haeresis,
425 419 475 459 qnae
486 405 611 447 idololatriae
624 403 767 460 superstitione
781 403 846 460 impli-

59 483 103 519 cata
112 481 155 526 εει,
178 474 262 516 succisis
278 473 378 515 radicibus
393 479 467 515 tantam
480 474 590 516 exanimis
604 474 735 531 quorumdam
748 473 845 515 insaniam

59 560 83 588 ac
96 543 173 586 rabiem
188 543 255 585 divina
271 557 309 598 ope
324 542 402 584 facilius
418 543 534 585 evellamus.

117 611 178 667 Agite
189 623 251 668 ergo,
261 612 299 653 dei
313 611 388 663 famuli,
405 611 473 654 viriles
485 611 619 668 concipiamus
632 613 717 664 animos,
734 619 757 653 ut
766 612 847 653 mrdier-
860 618 901 662 Gap.
912 618 934 650 u.

60 682 148 725 cularum
165 680 249 722 istarum
265 679 399 722 disturbemns
417 680 532 723 amentiam.
568 680 625 723 Nihil
645 682 697 723 enim
714 682 736 723 in
755 688 797 722 toto
813 680 847 722 illo

60 752 152 806 dogmate
172 756 252 805 praeter
274 749 391 791 muliebrem
411 749 524 806 opinionem
543 758 586 803 εει,
616 765 640 792 ac
660 751 755 806 deceptae
777 764 848 792 rursus

61 819 118 861 Evae
131 818 234 869 morbum,
256 819 299 859 sive
315 818 381 874 potius
396 819 496 875 serpentis
514 818 632 861 incitatricis
648 820 672 861 ad
684 820 755 861 malum
771 819 848 861 bestiae

62 888 136 930 etcum
154 888 196 941 ipsa
214 887 324 928 collocutae
341 888 427 929 mendax
439 888 556 944 promissio,
577 902 628 943 quae
644 887 691 930 nibil
704 889 763 930 affert
773 889 793 930 in
807 903 849 929 me-

62 957 127 1009 dium,
151 970 215 1012 neque
232 956 330 1012 proluissa
345 956 434 1012 perlicit,
456 957 492 997 sed
503 964 588 998 mortem
605 963 625 998 et
635 957 718 998 exitium
732 957 848 1009 consciscit,

62 1028 107 1067 dum
126 1039 150 1066 ea
168 1039 217 1081 quae
235 1039 331 1080 nusquam
349 1025 389 1066 sint
408 1032 500 1081 tanquam
518 1039 566 1067 vera
585 1032 606 1067 et
623 1016 733 1068 existentia
752 1027 848 1068 nominat.

63 1094 117 1150 erin
135 1102 155 1136 et
167 1094 215 1135 illud
226 1093 296 1145 efficit,
319 1100 341 1136 nt
352 1108 380 1136 ex
396 1093 474 1135 arboris
491 1102 600 1150 conspectu
614 1095 635 1136 in
649 1095 707 1137 deum
722 1102 851 1136 contumaces
869 1107 908 1135 cen.
918 1107 932 1135 1.

63 1165 115 1215 sint,
138 1170 159 1205 et
174 1177 185 1204 a
200 1163 285 1204 veritate
301 1162 432 1204 abhorrentes
447 1163 472 1204 ad
488 1163 546 1205 inculta
568 1178 591 1205 ac
612 1163 692 1205 diversa
713 1165 849 1206 traducantur.

63 1231 182 1277 Cuiusmodi
192 1245 241 1273 vero
253 1231 329 1273 semina
341 1232 477 1274 fraudulentus
489 1232 522 1273 ille
532 1232 593 1274 iaciat
605 1247 632 1274 ex
645 1233 688 1275 eius
702 1233 770 1275 verbis
781 1234 852 1275 existi-

64 1302 114 1344 mari
125 1308 203 1358 potest,
224 1303 298 1350 Eritis,
320 1301 394 1356 inquit,
416 1304 468 1342 st'cct
482 1304 516 1342 ct.
548 1302 616 1357 Atque
633 1303 703 1344 eodem
716 1303 774 1359 plane
793 1303 851 1344 modo

64 1371 140 1413 bestiae
152 1370 205 1413 illius
215 1369 330 1425 arrogantia
342 1377 400 1425 atque
412 1371 464 1412 fastu
476 1369 560 1411 istorum
573 1370 654 1427 spiritus
665 1371 783 1413 efferuntur.
806 1370 852 1426 Qua

65 1440 143 1496 quidem
155 1439 248 1495 superbia
259 1438 348 1494 proprie,
364 1438 393 1479 nti
404 1438 503 1491 diximus,
522 1446 606 1480 martem
623 1439 658 1481 illa
674 1440 775 1482 conciliat.
798 1439 852 1481 Nam

65 1516 87 1551 ut
101 1509 126 1550 ab
144 1508 231 1563 antiquis
251 1507 373 1563 temporibus
388 1508 412 1548 ad
430 1507 480 1549 banc
498 1521 560 1563 nsque
579 1507 630 1549 diem
652 1508 718 1550 animo
738 1516 852 1565 repetamus

67 1577 146 1629 omnia,
169 1575 212 1632 quis
223 1591 262 1618 nou
275 1576 329 1618 videt
343 1577 460 1618 daemonnm
473 1576 526 1618 illam
539 1590 585 1618 esse
597 1576 708 1619 doctrinam
721 1592 744 1618 ac
757 1578 853 1634 speciem,

69 1654 89 1689 et
104 1647 250 1702 discrepantem
268 1645 293 1686 ab
309 1652 364 1686 recta
381 1645 459 1686 ratione
477 1647 584 1687 conatum?
617 1644 725 1702 Nunquam
741 1646 806 1699 enim,
828 1660 856 1688 ex

70 1730 109 1771 quo
120 1715 205 1757 mundus
218 1715 309 1756 conditus
327 1721 369 1764 est,
390 1714 504 1756 sacerdotio
514 1722 545 1756 est
557 1715 624 1756 luricta
633 1715 716 1767 mulier,
738 1729 760 1757 ae
774 1729 800 1757 ne
810 1713 857 1757 Eva

70 1784 149 1841 quidem
159 1783 213 1839 ipsa,
229 1796 280 1838 quae
291 1783 369 1824 tametsi
381 1782 521 1838 gravissimum
532 1782 624 1825 delictum
636 1784 750 1836 admiserit,
767 1791 806 1825 tam
819 1783 857 1825 im·

69 1853 121 1910 pium
134 1852 211 1894 lacinus
222 1858 337 1907 perpetrare
350 1865 449 1906 nunquam
463 1866 512 1894 anisa
526 1859 568 1904 est,
591 1852 626 1894 sed
638 1868 675 1894 nec
686 1853 725 1894 nlla
738 1853 821 1894 tiliarum
833 1852 857 1894 il-

70 1923 116 1964 lius.
147 1920 271 1977 Quamquam
283 1928 303 1961 ει
314 1920 366 1961 Abel
382 1921 419 1961 dec
429 1919 512 1962 subinde
527 1934 585 1963 sacra
598 1921 680 1974 fecerit,
703 1929 723 1963 et
734 1919 811 1963 Cainos
823 1936 858 1962 co-

70 2006 112 2033 ram
129 1990 209 2032 dominc
226 1989 324 2031 sacrificia
340 1987 420 2030 minime
438 1996 504 2030 tamen
521 1989 551 2030 illi
568 1997 624 2044 grata
642 1989 755 2032 celebrarit.
793 1988 821 2032 Ut
838 1996 859 2031 et

71 2058 154 2111 Enoch,
171 2058 204 2115 qni
214 2061 248 2099 deo
259 2060 345 2111 placuit,
362 2065 382 2098 et
393 2059 499 2098 translatus
509 2065 545 2098 est.
576 2055 685 2100 Noe'rcrc
698 2059 761 2100 exiis
774 2073 858 2115 quorum
868 2066 955 2128 acapna.

72 2130 92 2170 in
103 2142 150 2170 arca
160 2127 218 2184 copia
232 2127 365 2177 redundabat,
388 2127 412 2167 ad
423 2126 511 2181 agendas
523 2125 599 2182 gratias
614 2127 685 2168 obtulit
699 2128 749 2179 dec,
766 2127 857 2182 gratique
866 2110 963 2173 sectilem.

73 2197 132 2239 animi
149 2196 314 2251 significationem
330 2194 395 2247 dedit,
417 2209 461 2236 cum
475 2194 496 2235 in
513 2195 567 2236 illum
579 2210 590 2237 a
604 2210 642 2251 quo
656 2203 748 2237 servatus
760 2202 805 2237 erat
817 2209 859 2237 me-

74 2280 149 2308 morem
165 2264 257 2307 beneficii
273 2265 360 2307 animum
376 2271 460 2306 testatus
473 2271 511 2305 est.
542 2263 595 2306 Nam
612 2271 632 2306 et
647 2264 760 2306 Abraamus
778 2264 811 2306 ille
829 2264 859 2306 iu-

74 2334 166 2377 stusdeo
179 2333 306 2376 sacrificavit.
337 2331 389 2374 Tum
399 2330 560 2374 Melchisedecus
575 2336 816 2383 sucerdosdeicbissrini,
840 2339 860 2374 ει
869 2342 965 2377 ueniens.

75 2401 167 2455 lsaacus,
189 2403 223 2458 qui
233 2403 270 2443 deo
282 2401 365 2458 placuit,
383 2415 420 2443 nec
433 2416 472 2442 non
485 2409 505 2443 ει
515 2400 600 2443 lacobus
611 2409 717 2458 utcumque
728 2404 792 2458 potuit
802 2416 861 2444 sacra
870 2378 964 2414 Gen'ffl

76 2486 137 2529 super
152 2471 235 2528 lapidem
253 2470 351 2522 offerens,
373 2469 488 2511 elenticula
504 2470 569 2511 oleum
584 2471 663 2513 infudit.
695 2469 779 2513 Cuiusc
792 2471 861 2512 liberis

76 2547 146 2596 postea
157 2538 209 2582 Levi
220 2538 327 2580 sacerdotii
340 2537 456 2593 dignitatem
468 2537 565 2590 obtinuit,
582 2553 593 2580 a
605 2553 644 2594 quo
654 2539 747 2595 deinceps
759 2538 862 2596 propagati

60 2611 62 2613 ’
77 2616 124 2650 sunt
132 2609 164 2664 qui
174 2607 257 2650 eundem
268 2606 357 2648 ordinem
365 2607 488 2661 gradumque
496 2614 614 2658 tenueruut3
627 2608 695 2662 quales
705 2606 861 2664 fueretllopses,

78 2684 173 2734 propneta
188 2675 246 2718 simul
263 2680 283 2716 et
297 2688 399 2716 sacrorum
413 2674 509 2728 antistes,
530 2682 570 2716 tum
580 2676 664 2728 Aaron,
685 2676 806 2718 etAaronis
819 2675 862 2727 lilii,

78 2744 172 2797 Eleazar,
189 2743 284 2795 Pbinees,
302 2750 321 2784 et
334 2740 422 2785 ltbamar
433 2743 491 2785 buius
502 2757 572 2800 nepos.
603 2742 657 2799 Quid
667 2752 734 2786 autem
747 2759 782 2787 ecs
793 2758 863 2786 omues
925 2741 928 2746 ’

79 2827 235 2857 commemorare
251 2826 335 2854 necesse
351 2819 382 2853 est
395 2811 428 2867 qui
444 2813 465 2853 in
477 2820 546 2854 vetere
558 2818 678 2855 testamento
690 2814 727 2855 deo
739 2814 864 2855 sacriticasse

79 2882 186 2940 leguntur?
215 2879 386 2938 Quemadmodum
405 2880 504 2934 Achitob‚
526 2882 578 2924 iuter
597 2888 688 2935 ceteros,
712 2889 752 2925 tum
773 2881 863 2934 coritae,

81 2950 203 2994 Gersonitae
219 2959 239 2993 et
252 2950 375 3001 Meraritae,
396 2950 429 3005 qui
446 2964 473 2992 ex
487 2949 604 2992 Levitarum
623 2952 693 2993 ordine
707 2952 795 2993 fuerunt.
832 2951 866 2992 Ad

81 3019 130 3063 haec
146 3022 215 3063 domus
227 3018 272 3071 Eli,
294 3018 376 3075 eiusque
387 3033 527 3072 successores,
551 3020 583 3076 qui
596 3019 696 3077 exipsius
711 3021 831 3074 cognatione
842 3020 864 3061 iu
872 3032 886 3061 1.
894 3031 934 3067 neg.
940 3031 954 3058 1.

82 3090 140 3131 domo
150 3088 267 3131 Abimelecb
277 3095 298 3129 et
307 3088 404 3130 Abiathar
413 3090 532 3144 extiterunt,
549 3089 577 3131 nti
590 3086 683 3132 Chelcias
695 3103 718 3132 ac
727 3087 786 3143 liuzi,
803 3104 867 3146 usque

117 3158 177 3195 Corpus
187 3156 278 3186 Haereseol.
284 3155 303 3185 lI.
309 3156 323 3184 3.
702 3162 730 3204 29
