1988 3392
363 216 584 264 anachemataaosis.
822 220 864 260 567

83 312 170 355 stautino
185 310 294 368 imperante
311 310 373 363 vixit,
394 311 414 353 iu
432 310 521 353 omnibus
539 309 651 354 Marcionis
668 310 758 366 vestigiis
769 308 864 351 inhaesit.

83 381 126 424 Etsi
143 380 256 435 quibusdam
271 380 355 423 adiectis
371 381 488 423 cumulatius
504 380 576 438 aliquid
592 381 665 422 docere
681 380 762 421 studuit..

140 517 259 575 Apelleiaai.
291 519 373 575 Apelles
389 518 480 561 similiter
495 527 554 575 atque
566 519 645 562 Marcio
662 526 682 561 et
695 517 797 560 Larianus
810 517 865 575 quie-

83 589 127 647 quid
146 589 246 630 conditum
264 586 296 630 est
311 603 354 630 cuin
372 588 415 644 ipso
429 588 531 629 conditore
548 590 654 644 vituperat.
685 586 734 629 Non
746 595 811 628 ionico
827 588 865 629 tria

83 666 104 700 ut
115 658 142 699 illi
154 658 261 715 principia,
284 659 319 699 sed
336 672 395 699 unum
412 664 487 699 tantum
503 657 592 709 invexit3
614 658 722 713 itidemque
736 658 793 698 deum
805 663 864 698 nilum

82 742 105 769 ao
121 740 233 782 supremum
252 734 272 768 et
286 726 370 768 nominis
388 735 504 782 expertem,
529 727 560 781 qui
579 726 699 782 singularem
717 727 801 768 alterum
819 739 865 781 pro-

82 796 188 838 creaverit.
221 793 260 851 Qui
273 811 316 836 cum
328 795 390 837 malus
406 796 516 848 evausisset,
539 797 631 837 muudum
644 810 680 837 sua
693 795 726 838 illa
738 794 865 851 improbitate

81 864 176 906 condidit.

138 930 252 974 Severiani.
283 931 372 975 Severus
389 933 419 974 hic
433 933 509 989 Apellis
527 934 604 974 assecla
621 934 689 974 vinum
702 948 725 975 ac
736 933 798 974 vitem
808 932 865 989 peni-

82 1011 112 1044 tus
126 1002 218 1053 damnat,
240 1016 290 1056 qnae
303 1016 329 1042 ex
343 1000 431 1043 Satanae
445 1001 545 1055 serpentis
561 1009 581 1042 et
592 1009 658 1042 terrae
672 1016 782 1057 congressu
795 1016 865 1057 propa-

82 1078 126 1125 gata
139 1070 201 1125 lingit.
233 1069 352 1111 Muliebrem
364 1084 440 1125 qnoque
457 1084 528 1110 sexum
540 1069 642 1125 repudiat,
665 1071 715 1124 quod
728 1071 751 1111 ad
763 1069 865 1111 sinistram

82 1139 174 1180 virtutem
189 1138 294 1192 pertineat.
325 1136 439 1193 Principum
452 1137 548 1179 vocabula
562 1138 657 1192 quaedam
671 1144 730 1191 atque
741 1137 866 1193 apocryphos

82 1207 142 1247 libros
160 1206 242 1247 inducit.
280 1204 303 1246 ln
318 1213 440 1247 mortuorum
458 1206 606 1246 resurrectione
624 1205 726 1259 rctcrique
746 1212 865 1247 testamento

82 1274 190 1315 refellendo
206 1288 248 1314 cuin
265 1273 309 1314 aliis
325 1273 440 1315 haeresibus
456 1274 563 1314 consentit.

138 1340 225 1383 Tatiaui.
263 1341 361 1383 Tatianus
377 1342 460 1398 primum
481 1356 524 1382 cnm
547 1348 616 1382 sancto
639 1339 716 1381 lustiuo
734 1349 823 1397 martyre
841 1355 865 1382 ao

81 1409 269 1467 philosophovinit.
300 1408 349 1451 Post
365 1410 420 1452 carius
437 1410 511 1451 obitum
526 1410 644 1465 contagione
657 1407 768 1451 Marcionis
784 1410 865 1464 dogma-

82 1487 121 1521 tum
134 1479 209 1521 adlatus
222 1479 266 1520 cius
276 1478 383 1534 discipulus
397 1479 444 1528 luit,
466 1480 490 1519 ad
502 1492 565 1534 eaque
578 1492 628 1534 quae
644 1493 687 1519 cum
699 1492 723 1518 eo
734 1477 866 1519 communiter

82 1548 144 1590 tenuit
158 1563 209 1590 nora
221 1549 303 1606 insuper
314 1548 394 1590 addidit.
425 1545 504 1590 Ferunt
515 1562 525 1588 e
537 1546 684 1605 Mesopotamia
695 1548 800 1589 oriundum
813 1547 865 1589 huno

82 1618 150 1661 luisse.
535 1618 537 1621 ’

139 1687 193 1730 llaec
204 1696 235 1731 est
246 1703 321 1731 somma
332 1688 375 1730 libri
385 1686 411 1741 l.,
429 1696 469 1730 tres
478 1695 542 1730 tomos
553 1688 666 1739 continens,
680 1686 775 1729 haereses
783 1685 864 1729 XLVI.

138 1829 160 1869 lu
172 1826 238 1883 priore
250 1841 299 1868 vcro
313 1833 366 1867 tomo
378 1827 421 1867 libri
434 1824 471 1878 ll.,
494 1825 526 1882 qui
539 1826 646 1869 secundum
661 1825 772 1867 institutum
784 1840 795 1867 a
808 1825 865 1867 nohis

81 1895 137 1949 initio
151 1902 247 1937 tomorum
264 1895 352 1936 ordinem
371 1903 452 1951 quartus
470 1902 513 1946 est,
535 1894 629 1936 haerese-s
646 1894 773 1936 contincatur
789 1893 865 1938 XVlll

82 1963 118 2005 hoc
134 1964 200 2005 iliodo.
567 1966 569 1969 ’

140 2031 254 2074 Eucratitac
268 2032 349 2074 Taliaui
367 2033 461 2088 quaedam
480 2031 535 2073 velut
549 2032 656 2088 appendix.
691 2030 719 2073 Hi
736 2031 814 2087 nuptias
831 2031 865 2073 da-

26 2150 28 2153 ⁴
82 2108 161 2152 mnam,
185 2099 345 2156 quasSathauae
363 2101 459 2142 tribuunt.
490 2100 522 2141 ab
537 2101 667 2141 animatorum
684 2100 771 2141 onmium
782 2114 820 2141 usu
831 2100 865 2141 ab·

82 2169 193 2210 stiueudum
210 2184 255 2210 esse
271 2170 367 2210 sentiunt.

138 2235 289 2294 Cataphryges,
312 2238 343 2292 qui
357 2246 376 2278 et
387 2236 536 2287 Montanistae‚
559 2245 662 2293 utrumqne
680 2244 818 2278 testamentum
831 2251 866 2293 ap-

82 2305 177 2360 probant,
198 2309 232 2348 sed
246 2321 309 2348 taurios
323 2308 465 2362 prophetasad
479 2314 570 2361 receptos
583 2314 603 2347 et
613 2306 704 2361 antiquos
714 2304 821 2357 adiiciunt,
842 2320 865 2347 ac

83 2372 200 2416 Montanum
216 2376 313 2431 quendam
330 2382 349 2416 ct
364 2374 474 2416 Priscillam
490 2375 612 2430 praedicant.

137 2442 258 2500 pepuziani,
275 2443 307 2498 qui
319 2451 339 2485 et
351 2441 474 2497 Quintilliani
486 2443 588 2494 dicuutur,
605 2442 675 2498 quibus
686 2443 783 2483 accedunt
793 2449 814 2484 et
826 2443 866 2484 Ar-

83 2512 188 2567 totyritae‚
210 2512 346 2567 superioribus
361 2513 438 2567 quidem
450 2511 500 2562 illis,
522 2508 783 2566 hocestCataphrygihus,
804 2526 867 2553 aunu-

82 2580 170 2620 merandi
183 2587 240 2631 sunt3
262 2581 296 2620 scd
307 2581 330 2620 ab
341 2580 365 2620 iis
380 2588 444 2621 tamen
458 2579 538 2621 diversa
550 2579 643 2620 nonnulla
656 2579 752 2621 sentiunt.
784 2580 815 2621 Ac
827 2578 867 2621 Pe-

82 2661 151 2702 pnzam
169 2648 267 2689 desertum
285 2648 380 2703 quoddam
398 2648 489 2704 oppidum
504 2646 602 2689 Galatiam
618 2647 670 2687 inter
686 2654 707 2688 et
720 2646 866 2704 Cappadociam

82 2728 104 2755 ac
115 2714 221 2772 Phrygiam
235 2717 293 2757 situm
310 2716 382 2757 divinis
399 2717 506 2758 honoribus
517 2716 629 2767 extollunt,
652 2730 734 2772 eamque
747 2717 866 2773 Hierosoly-

82 2797 131 2824 mam
150 2799 195 2825 esse
212 2785 279 2826 dicunt
296 2786 337 2836 (est
354 2792 419 2826 autem
437 2793 457 2826 et
474 2786 511 2826 alia
528 2782 628 2839 Pepuza).
660 2783 779 2828 Mulieiibus
797 2800 866 2828 saeros

83 2852 210 2907 inagistratus
219 2868 242 2894 ac
253 2853 364 2894 sacerdotia
375 2854 474 2895 deferunt.
506 2850 573 2895 Certis
584 2852 689 2895 initiantur
697 2855 806 2911 mysteriis,
823 2854 866 2909 qni-

81 2944 131 2980 pri'ae.
154 2942 196 2977 τάτε
213 2942 230 2977 ἐν
247 2939 294 2986 αὐτῷ
309 2944 343 2974 eod.
358 2944 424 2984 anearp.
448 2945 466 2977 la
512 2941 753 2983 39.aep0ae1{cnrouaut.

82 2988 118 3034 edit.
131 2989 186 3020 Petov.
198 2991 277 3021 ecberto
289 2989 400 3020 snatomi'sso.
508 2984 535 3019 40.
552 2986 644 3030 ἱερατεύειν
665 2989 756 3032 (ἱρατεύειν
776 2992 811 3023 cod.
826 2991 867 3035 lea.)

104 3033 131 3064 aa.
145 3029 227 3076 oppidana
243 3035 289 3067 codd.
305 3042 342 3065 mss.
359 3036 433 3074 uterquc,
451 3037 466 3067 et
488 3035 533 3066 codd.
545 3043 582 3065 mss.
594 3037 663 3074 utaque.
687 3033 757 3076 ἱερεύειν
770 3038 814 3068 carri.

81 3077 117 3109 edit.
129 3079 207 3122 peinceps.
505 3075 533 3112 41.
545 3077 616 3126 po'onran
626 3080 673 3116 codo,
684 3089 720 3115 mss.
733 3083 748 3114 et
758 3082 795 3115 edit.
805 3083 857 3129 puae.
