<?xml version="1.0" encoding="UTF-8"?>
<!DOCTYPE html PUBLIC "-//W3C//DTD XHTML 1.0 Transitional//EN"
    "http://www.w3.org/TR/xhtml1/DTD/xhtml1-transitional.dtd">
<html xmlns="http://www.w3.org/1999/xhtml" xml:lang="en" lang="en">
 <head>
  <title>
</title>
<meta http-equiv="Content-Type" content="text/html;charset=utf-8" />
  <meta name='ocr-system' content='tesseract 3.04.00' />
  <meta name='ocr-capabilities' content='ocr_page ocr_carea ocr_par ocr_line ocrx_word'/>
</head>
<body>
  <div class='ocr_page' id='page_1' title='image "./MN41650ucmf_1/MN41650ucmf_1_0500.png"; bbox 0 0 1988 3392; ppageno 0'>
   <div class='ocr_carea' id='block_1_1' title="bbox 134 214 633 257">
    <p class='ocr_par' dir='ltr' id='par_1_1' title="bbox 134 214 633 257">
     <span class='ocr_line' id='line_1_1' title="bbox 134 214 633 257; baseline 0.002 -2"><span class='ocrx_word' id='word_1_1' title='bbox 134 214 175 255; x_wconf 82' lang='lat'><strong><em>478</em></strong></span> <span class='ocrx_word' id='word_1_2' title='bbox 421 221 633 257; x_wconf 76' lang='grc' dir='ltr'><strong><em>ειιιοτικοιειιινιι</em></strong></span> 
     </span>
    </p>
   </div>
   <div class='ocr_carea' id='block_1_2' title="bbox 41 298 921 713">
    <p class='ocr_par' dir='ltr' id='par_1_2' title="bbox 41 298 921 713">
     <span class='ocr_line' id='line_1_2' title="bbox 135 298 920 359; baseline 0.001 -16"><span class='ocrx_word' id='word_1_3' title='bbox 135 299 188 357; x_wconf 86' lang='grc' dir='ltr'><strong><em>έῶρα</em></strong></span> <span class='ocrx_word' id='word_1_4' title='bbox 195 298 232 353; x_wconf 77' lang='grc' dir='ltr'><strong><em>τάν</em></strong></span> <span class='ocrx_word' id='word_1_5' title='bbox 241 303 371 353; x_wconf 87' lang='grc' dir='ltr'><strong><em>Σουμανῖτιν,</em></strong></span> <span class='ocrx_word' id='word_1_6' title='bbox 387 303 520 357; x_wconf 88' lang='grc' dir='ltr'><strong><em>παραμυθίας</em></strong></span> <span class='ocrx_word' id='word_1_7' title='bbox 529 301 551 344; x_wconf 85' lang='grc' dir='ltr'><strong><em>δέ</em></strong></span> <span class='ocrx_word' id='word_1_8' title='bbox 562 300 620 359; x_wconf 79' lang='grc' dir='ltr'><strong><em>χάριν</em></strong></span> <span class='ocrx_word' id='word_1_9' title='bbox 629 298 753 359; x_wconf 75' lang='grc' dir='ltr'><em>ὑπερβέβηκε</em></span> <span class='ocrx_word' id='word_1_10' title='bbox 762 298 797 356; x_wconf 73' lang='grc' dir='ltr'><strong><em>τὴν</em></strong></span> <span class='ocrx_word' id='word_1_11' title='bbox 806 299 868 354; x_wconf 85' lang='grc' dir='ltr'><strong><em>τάξιν,</em></strong></span> <span class='ocrx_word' id='word_1_12' title='bbox 885 301 920 346; x_wconf 86' lang='grc' dir='ltr'><strong><em>καὶ</em></strong></span> 
     </span>
     <span class='ocr_line' id='line_1_3' title="bbox 135 367 919 428; baseline 0.003 -17"><span class='ocrx_word' id='word_1_13' title='bbox 135 369 239 420; x_wconf 74' lang='grc' dir='ltr'><strong><em>ἀνεδέξατο</em></strong></span> <span class='ocrx_word' id='word_1_14' title='bbox 249 368 301 425; x_wconf 85' lang='grc' dir='ltr'><strong><em>πρδς</em></strong></span> <span class='ocrx_word' id='word_1_15' title='bbox 311 367 347 424; x_wconf 76' lang='grc' dir='ltr'><strong><em>τάν</em></strong></span> <span class='ocrx_word' id='word_1_16' title='bbox 358 368 414 426; x_wconf 86' lang='grc' dir='ltr'><strong><em>ῶραν</em></strong></span> <span class='ocrx_word' id='word_1_17' title='bbox 427 373 577 427; x_wconf 62' lang='grc' dir='ltr'><strong><em>έπαραμυθίας</em></strong></span> <span class='ocrx_word' id='word_1_18' title='bbox 587 375 623 425; x_wconf 86' lang='grc' dir='ltr'><strong><em>τῖγς</em></strong></span> <span class='ocrx_word' id='word_1_19' title='bbox 633 369 728 427; x_wconf 90' lang='grc' dir='ltr'><strong><em>γυναικδς</em></strong></span> <span class='ocrx_word' id='word_1_20' title='bbox 738 369 802 428; x_wconf 81' lang='grc' dir='ltr'><strong><em>χάριν,</em></strong></span> <span class='ocrx_word' id='word_1_21' title='bbox 817 372 861 413; x_wconf 86' lang='grc' dir='ltr'><strong><em>λ’σον</em></strong></span> <span class='ocrx_word' id='word_1_22' title='bbox 871 367 919 427; x_wconf 68' lang='grc' dir='ltr'><strong><em>ιγ’γιγ-</em></strong></span> 
     </span>
     <span class='ocr_line' id='line_1_4' title="bbox 134 436 920 497; baseline 0 -16"><span class='ocrx_word' id='word_1_23' title='bbox 134 437 220 493; x_wconf 87' lang='grc' dir='ltr'><strong><em>σάμενος</em></strong></span> <span class='ocrx_word' id='word_1_24' title='bbox 235 436 257 482; x_wconf 88' lang='grc' dir='ltr'><strong><em>κδ</em></strong></span> <span class='ocrx_word' id='word_1_25' title='bbox 270 437 370 481; x_wconf 80' lang='grc' dir='ltr'><strong><em>άπτεσθαι</em></strong></span> <span class='ocrx_word' id='word_1_26' title='bbox 381 443 421 482; x_wconf 87' lang='grc' dir='ltr'><strong><em>τῶν</em></strong></span> <span class='ocrx_word' id='word_1_27' title='bbox 433 439 498 483; x_wconf 79' lang='grc' dir='ltr'><strong><em>αὐτοῦ</em></strong></span> <span class='ocrx_word' id='word_1_28' title='bbox 509 442 580 484; x_wconf 92' lang='grc' dir='ltr'><strong><em>ποδῶν</em></strong></span> <span class='ocrx_word' id='word_1_29' title='bbox 591 439 646 497; x_wconf 84' lang='grc' dir='ltr'><strong><em>παρά</em></strong></span> <span class='ocrx_word' id='word_1_30' title='bbox 662 438 773 495; x_wconf 77' lang='grc' dir='ltr'><strong><em>συνήθειαν</em></strong></span> <span class='ocrx_word' id='word_1_31' title='bbox 786 438 823 494; x_wconf 77' lang='grc' dir='ltr'><strong><em>την</em></strong></span> <span class='ocrx_word' id='word_1_32' title='bbox 834 444 920 495; x_wconf 86' lang='grc' dir='ltr'><strong><em>γυναῖκα</em></strong></span> 
     </span>
     <span class='ocr_line' id='line_1_5' title="bbox 134 506 921 567; baseline 0.003 -18"><span class='ocrx_word' id='word_1_33' title='bbox 134 512 170 562; x_wconf 79' lang='grc' dir='ltr'><strong><em>κῖγς</em></strong></span> <span class='ocrx_word' id='word_1_34' title='bbox 181 506 243 563; x_wconf 78' lang='grc' dir='ltr'><strong><em>αὐτῆς</em></strong></span> <span class='ocrx_word' id='word_1_35' title='bbox 258 510 280 551; x_wconf 86' lang='grc' dir='ltr'><strong><em>έν</em></strong></span> <span class='ocrx_word' id='word_1_36' title='bbox 295 512 320 567; x_wconf 73' lang='grc' dir='ltr'><strong><em>τῇ</em></strong></span> <span class='ocrx_word' id='word_1_37' title='bbox 331 510 412 567; x_wconf 80' lang='grc' dir='ltr'><strong><em>διανοίηι</em></strong></span> <span class='ocrx_word' id='word_1_38' title='bbox 426 507 534 560; x_wconf 81' lang='grc' dir='ltr'><strong><em>κακῶσεῶς</em></strong></span> <span class='ocrx_word' id='word_1_39' title='bbox 545 526 566 552; x_wconf 83' lang='grc' dir='ltr'><strong><em>τε</em></strong></span> <span class='ocrx_word' id='word_1_40' title='bbox 580 510 615 552; x_wconf 83' lang='grc' dir='ltr'><strong><em>καὶ</em></strong></span> <span class='ocrx_word' id='word_1_41' title='bbox 628 507 699 565; x_wconf 88' lang='grc' dir='ltr'><strong><em>λύπης.</em></strong></span> <span class='ocrx_word' id='word_1_42' title='bbox 730 509 771 552; x_wconf 83' lang='grc' dir='ltr'><strong><em>Καί</em></strong></span> <span class='ocrx_word' id='word_1_43' title='bbox 782 510 800 552; x_wconf 86' lang='grc' dir='ltr'><strong><em>τί</em></strong></span> <span class='ocrx_word' id='word_1_44' title='bbox 811 525 846 563; x_wconf 88' lang='grc' dir='ltr'><strong><em>μοι</em></strong></span> <span class='ocrx_word' id='word_1_45' title='bbox 857 506 921 552; x_wconf 84' lang='grc' dir='ltr'><strong><em>πολλά</em></strong></span> 
     </span>
     <span class='ocr_line' id='line_1_6' title="bbox 41 576 921 634; baseline 0.001 -15"><span class='ocrx_word' id='word_1_46' title='bbox 41 597 123 634; x_wconf 59' lang='lat' dir='ltr'><strong><em>9³ng</em></strong></span> <span class='ocrx_word' id='word_1_47' title='bbox 135 578 197 633; x_wconf 89' lang='grc' dir='ltr'><strong><em>λέγειν</em></strong></span> <span class='ocrx_word' id='word_1_48' title='bbox 211 577 257 633; x_wconf 86' lang='grc' dir='ltr'><strong><em>περὶ</em></strong></span> <span class='ocrx_word' id='word_1_49' title='bbox 272 576 360 629; x_wconf 86' lang='grc' dir='ltr'><strong><em>τούτων,</em></strong></span> <span class='ocrx_word' id='word_1_50' title='bbox 381 582 422 620; x_wconf 87' lang='grc' dir='ltr'><strong><em>τῶν</em></strong></span> <span class='ocrx_word' id='word_1_51' title='bbox 436 577 484 627; x_wconf 87' lang='grc' dir='ltr'><strong><em>τοῦς</em></strong></span> <span class='ocrx_word' id='word_1_52' title='bbox 494 576 559 628; x_wconf 87' lang='grc' dir='ltr'><strong><em>κύνας</em></strong></span> <span class='ocrx_word' id='word_1_53' title='bbox 573 580 713 633; x_wconf 79' lang='grc' dir='ltr'><strong><em>μιμουμένων,</em></strong></span> <span class='ocrx_word' id='word_1_54' title='bbox 733 578 768 621; x_wconf 84' lang='grc' dir='ltr'><strong><em>καί</em></strong></span> <span class='ocrx_word' id='word_1_55' title='bbox 780 576 828 627; x_wconf 89' lang='grc' dir='ltr'><strong><em>τοῦς</em></strong></span> <span class='ocrx_word' id='word_1_56' title='bbox 841 576 879 627; x_wconf 88' lang='grc' dir='ltr'><strong><em>ῦας</em></strong></span> <span class='ocrx_word' id='word_1_57' title='bbox 888 581 921 631; x_wconf 84' lang='grc' dir='ltr'><strong><em>ζη-</em></strong></span> 
     </span>
     <span class='ocr_line' id='line_1_7' title="bbox 116 644 921 713; baseline 0.001 -25"><span class='ocrx_word' id='word_1_58' title='bbox 116 644 234 713; x_wconf 63' lang='grc' dir='ltr'><strong><em>ρλούντωνς</em></strong></span> <span class='ocrx_word' id='word_1_59' title='bbox 265 646 317 702; x_wconf 83' lang='grc' dir='ltr'><strong><em>Περὶ</em></strong></span> <span class='ocrx_word' id='word_1_60' title='bbox 335 646 357 688; x_wconf 87' lang='grc' dir='ltr'><strong><em>δέ</em></strong></span> <span class='ocrx_word' id='word_1_61' title='bbox 373 651 411 689; x_wconf 88' lang='grc' dir='ltr'><strong><em>τοῦ</em></strong></span> <span class='ocrx_word' id='word_1_62' title='bbox 426 648 489 689; x_wconf 88' lang='grc' dir='ltr'><strong><em>εἰπεῖν</em></strong></span> <span class='ocrx_word' id='word_1_63' title='bbox 504 645 575 689; x_wconf 88' lang='grc' dir='ltr'><strong><em>έαυτδν</em></strong></span> <span class='ocrx_word' id='word_1_64' title='bbox 588 646 688 704; x_wconf 78' lang='grc' dir='ltr'><strong><em>Χριστόν,</em></strong></span> <span class='ocrx_word' id='word_1_65' title='bbox 707 649 746 689; x_wconf 89' lang='grc' dir='ltr'><strong><em>τίνι</em></strong></span> <span class='ocrx_word' id='word_1_66' title='bbox 761 648 832 701; x_wconf 88' lang='grc' dir='ltr'><strong><em>μανίας</em></strong></span> <span class='ocrx_word' id='word_1_67' title='bbox 845 644 868 690; x_wconf 81' lang='grc' dir='ltr'><strong><em>δν</em></strong></span> <span class='ocrx_word' id='word_1_68' title='bbox 883 644 921 689; x_wconf 88' lang='grc' dir='ltr'><strong><em>οῦκ</em></strong></span> 
     </span>
    </p>
   </div>
   <div class='ocr_carea' id='block_1_3' title="bbox 117 712 922 1117">
    <p class='ocr_par' dir='ltr' id='par_1_3' title="bbox 117 712 922 1117">
     <span class='ocr_line' id='line_1_8' title="bbox 117 712 921 772; baseline 0 -15"><span class='ocrx_word' id='word_1_69' title='bbox 117 713 122 772; x_wconf 70' lang='grc' dir='ltr'>Ξ</span> <span class='ocrx_word' id='word_1_70' title='bbox 136 713 213 770; x_wconf 76' lang='grc' dir='ltr'><strong><em>ὀφθείη</em></strong></span> <span class='ocrx_word' id='word_1_71' title='bbox 226 713 249 757; x_wconf 89' lang='grc' dir='ltr'><strong><em>τδ</em></strong></span> <span class='ocrx_word' id='word_1_72' title='bbox 260 714 325 771; x_wconf 83' lang='grc' dir='ltr'><strong><em>δόγμα</em></strong></span> <span class='ocrx_word' id='word_1_73' title='bbox 336 719 376 758; x_wconf 90' lang='grc' dir='ltr'><strong><em>τῶν</em></strong></span> <span class='ocrx_word' id='word_1_74' title='bbox 388 714 467 758; x_wconf 90' lang='grc' dir='ltr'><strong><em>σύνεσιν</em></strong></span> <span class='ocrx_word' id='word_1_75' title='bbox 483 717 619 771; x_wconf 54' lang='grc' dir='ltr'><strong><em>κεκτημένου</em></strong></span> <span class='ocrx_word' id='word_1_76' title='bbox 640 714 654 770; x_wconf 77' lang='grc' dir='ltr'><em>ἢ</em></span> <span class='ocrx_word' id='word_1_77' title='bbox 668 716 731 772; x_wconf 89' lang='grc' dir='ltr'><strong><em>λέγειν</em></strong></span> <span class='ocrx_word' id='word_1_78' title='bbox 744 715 787 767; x_wconf 83' lang='grc' dir='ltr'><strong><em>δ’τι,</em></strong></span> <span class='ocrx_word' id='word_1_79' title='bbox 809 712 921 771; x_wconf 74' lang='grc' dir='ltr'><strong><em>Προφήτης</em></strong></span> 
     </span>
     <span class='ocr_line' id='line_1_9' title="bbox 117 775 922 845; baseline -0.001 -19"><span class='ocrx_word' id='word_1_80' title='bbox 117 775 186 845; x_wconf 57' lang='grc' dir='ltr'><strong><em>ξέγοί,</em></strong></span> <span class='ocrx_word' id='word_1_81' title='bbox 219 786 243 826; x_wconf 87' lang='grc' dir='ltr'><strong><em>Τί</em></strong></span> <span class='ocrx_word' id='word_1_82' title='bbox 256 782 295 840; x_wconf 84' lang='grc' dir='ltr'><strong><em>γάρ</em></strong></span> <span class='ocrx_word' id='word_1_83' title='bbox 315 787 440 840; x_wconf 76' lang='grc' dir='ltr'><strong><em>προφητείας</em></strong></span> <span class='ocrx_word' id='word_1_84' title='bbox 454 782 502 841; x_wconf 85' lang='grc' dir='ltr'><strong><em>παρ’</em></strong></span> <span class='ocrx_word' id='word_1_85' title='bbox 518 783 588 835; x_wconf 89' lang='grc' dir='ltr'><strong><em>αύτοῖς</em></strong></span> <span class='ocrx_word' id='word_1_86' title='bbox 607 783 662 835; x_wconf 81' lang='grc' dir='ltr'><strong><em>εἶδος</em></strong></span> <span class='ocrx_word' id='word_1_87' title='bbox 682 782 814 839; x_wconf 72' lang='grc' dir='ltr'><strong><em>φαινόμενονς</em></strong></span> <span class='ocrx_word' id='word_1_88' title='bbox 835 782 922 838; x_wconf 74' lang='grc' dir='ltr'><strong><em>ἢποῖον</em></strong></span> 
     </span>
     <span class='ocr_line' id='line_1_10' title="bbox 118 845 922 910; baseline -0.001 -15"><span class='ocrx_word' id='word_1_89' title='bbox 118 845 122 856; x_wconf 64' lang='grc'><em>’</em></span> <span class='ocrx_word' id='word_1_90' title='bbox 138 856 227 909; x_wconf 81' lang='grc' dir='ltr'><strong><em>Χριστοῦ</em></strong></span> <span class='ocrx_word' id='word_1_91' title='bbox 237 851 357 907; x_wconf 76' lang='grc' dir='ltr'><strong><em>θαυμαστόν</em></strong></span> <span class='ocrx_word' id='word_1_92' title='bbox 373 854 432 910; x_wconf 85' lang='grc' dir='ltr'><strong><em>έργον</em></strong></span> <span class='ocrx_word' id='word_1_93' title='bbox 446 855 530 909; x_wconf 75' lang='grc' dir='ltr'><strong><em>γίνεται,</em></strong></span> <span class='ocrx_word' id='word_1_94' title='bbox 560 856 590 896; x_wconf 86' lang='grc' dir='ltr'><strong><em>Εἰ</em></strong></span> <span class='ocrx_word' id='word_1_95' title='bbox 597 854 619 896; x_wconf 85' lang='grc' dir='ltr'><strong><em>δέ</em></strong></span> <span class='ocrx_word' id='word_1_96' title='bbox 628 851 690 904; x_wconf 80' lang='grc' dir='ltr'><strong><em>αύτδς</em></strong></span> <span class='ocrx_word' id='word_1_97' title='bbox 703 851 802 910; x_wconf 85' lang='grc' dir='ltr'><strong><em>Χριστδς,</em></strong></span> <span class='ocrx_word' id='word_1_98' title='bbox 822 854 851 903; x_wconf 86' lang='grc' dir='ltr'><strong><em>εἰς</em></strong></span> <span class='ocrx_word' id='word_1_99' title='bbox 862 857 922 895; x_wconf 86' lang='grc' dir='ltr'><strong><em>ποῖον</em></strong></span> 
     </span>
     <span class='ocr_line' id='line_1_11' title="bbox 136 919 920 977; baseline -0.003 -12"><span class='ocrx_word' id='word_1_100' title='bbox 136 920 207 977; x_wconf 88' lang='grc' dir='ltr'><strong><em>κύριον</em></strong></span> <span class='ocrx_word' id='word_1_101' title='bbox 218 920 289 976; x_wconf 70' lang='grc' dir='ltr'><strong><em>ἤλπικέ</em></strong></span> <span class='ocrx_word' id='word_1_102' title='bbox 299 923 363 964; x_wconf 86' lang='grc' dir='ltr'><strong><em>τεκαὶ</em></strong></span> <span class='ocrx_word' id='word_1_103' title='bbox 374 924 503 973; x_wconf 75' lang='grc' dir='ltr'><strong><em>πεπίστευκες</em></strong></span> <span class='ocrx_word' id='word_1_104' title='bbox 536 925 560 965; x_wconf 91' lang='grc' dir='ltr'><strong><em>Τί</em></strong></span> <span class='ocrx_word' id='word_1_105' title='bbox 571 921 596 966; x_wconf 89' lang='grc' dir='ltr'><strong><em>τά</em></strong></span> <span class='ocrx_word' id='word_1_106' title='bbox 609 926 645 976; x_wconf 75' lang='grc' dir='ltr'><strong><em>τῆς</em></strong></span> <span class='ocrx_word' id='word_1_107' title='bbox 658 922 735 977; x_wconf 85' lang='grc' dir='ltr'><strong><em>πλάνης</em></strong></span> <span class='ocrx_word' id='word_1_108' title='bbox 749 919 920 977; x_wconf 78' lang='grc' dir='ltr'><strong><em>κενοφωιίήμοιτα,Ι</em></strong></span> 
     </span>
     <span class='ocr_line' id='line_1_12' title="bbox 136 988 922 1048; baseline 0 -16"><span class='ocrx_word' id='word_1_109' title='bbox 136 994 155 1033; x_wconf 85' lang='grc' dir='ltr'><strong><em>τί</em></strong></span> <span class='ocrx_word' id='word_1_110' title='bbox 165 995 205 1033; x_wconf 85' lang='grc' dir='ltr'><strong><em>τῶν</em></strong></span> <span class='ocrx_word' id='word_1_111' title='bbox 217 988 309 1045; x_wconf 80' lang='grc' dir='ltr'><strong><em>άνοήτων</em></strong></span> <span class='ocrx_word' id='word_1_112' title='bbox 323 989 348 1032; x_wconf 85' lang='grc' dir='ltr'><strong><em>τά</em></strong></span> <span class='ocrx_word' id='word_1_113' title='bbox 366 989 466 1048; x_wconf 72' lang='grc' dir='ltr'><strong><em>δόγματος</em></strong></span> <span class='ocrx_word' id='word_1_114' title='bbox 495 988 551 1033; x_wconf 81' lang='grc' dir='ltr'><strong><em>Ἀλλοί</em></strong></span> <span class='ocrx_word' id='word_1_115' title='bbox 567 989 647 1047; x_wconf 85' lang='grc' dir='ltr'><strong><em>άρκέσει</em></strong></span> <span class='ocrx_word' id='word_1_116' title='bbox 661 992 696 1035; x_wconf 84' lang='grc' dir='ltr'><strong><em>καί</em></strong></span> <span class='ocrx_word' id='word_1_117' title='bbox 710 992 755 1048; x_wconf 87' lang='grc' dir='ltr'><strong><em>περί</em></strong></span> <span class='ocrx_word' id='word_1_118' title='bbox 769 989 844 1046; x_wconf 78' lang='grc' dir='ltr'><strong><em>ταύτης</em></strong></span> <span class='ocrx_word' id='word_1_119' title='bbox 856 988 881 1032; x_wconf 88' lang='grc' dir='ltr'><strong><em>τά</em></strong></span> <span class='ocrx_word' id='word_1_120' title='bbox 893 990 922 1040; x_wconf 88' lang='grc' dir='ltr'><strong><em>εἰς</em></strong></span> 
     </span>
     <span class='ocr_line' id='line_1_13' title="bbox 137 1058 316 1117; baseline 0.011 -16"><span class='ocrx_word' id='word_1_121' title='bbox 137 1058 201 1114; x_wconf 80' lang='grc' dir='ltr'><strong><em>αὐτὴν</em></strong></span> <span class='ocrx_word' id='word_1_122' title='bbox 216 1060 316 1117; x_wconf 91' lang='grc' dir='ltr'><strong><em>εἰρημένα.</em></strong></span> 
     </span>
    </p>
   </div>
   <div class='ocr_carea' id='block_1_4' title="bbox 47 1191 928 3033">
    <p class='ocr_par' dir='ltr' id='par_1_4' title="bbox 138 1191 924 1463">
     <span class='ocr_line' id='line_1_14' title="bbox 197 1191 922 1253; baseline -0.001 -14"><span class='ocrx_word' id='word_1_123' title='bbox 197 1197 239 1239; x_wconf 84' lang='grc' dir='ltr'><strong><em>Καὶ</em></strong></span> <span class='ocrx_word' id='word_1_124' title='bbox 252 1198 290 1247; x_wconf 73' lang='grc' dir='ltr'><strong><em>ἕως</em></strong></span> <span class='ocrx_word' id='word_1_125' title='bbox 306 1191 346 1239; x_wconf 84' lang='grc' dir='ltr'><strong><em>ῶδε</em></strong></span> <span class='ocrx_word' id='word_1_126' title='bbox 356 1198 414 1252; x_wconf 86' lang='grc' dir='ltr'><strong><em>έχέτω</em></strong></span> <span class='ocrx_word' id='word_1_127' title='bbox 424 1196 447 1240; x_wconf 88' lang='grc' dir='ltr'><strong><em>τδ</em></strong></span> <span class='ocrx_word' id='word_1_128' title='bbox 459 1199 567 1253; x_wconf 85' lang='grc' dir='ltr'><strong><em>σφραγίσαι</em></strong></span> <span class='ocrx_word' id='word_1_129' title='bbox 578 1198 613 1241; x_wconf 83' lang='grc' dir='ltr'><strong><em>καὶ</em></strong></span> <span class='ocrx_word' id='word_1_130' title='bbox 628 1202 728 1241; x_wconf 77' lang='grc' dir='ltr'><strong><em>τελειῶσαι</em></strong></span> <span class='ocrx_word' id='word_1_131' title='bbox 738 1196 776 1252; x_wconf 75' lang='grc' dir='ltr'><strong><em>τάν</em></strong></span> <span class='ocrx_word' id='word_1_132' title='bbox 787 1203 854 1241; x_wconf 82' lang='grc' dir='ltr'><strong><em>πάσαν</em></strong></span> <span class='ocrx_word' id='word_1_133' title='bbox 864 1193 922 1251; x_wconf 70' lang='grc' dir='ltr'><strong><em>ἡμῶν</em></strong></span> 
     </span>
     <span class='ocr_line' id='line_1_15' title="bbox 138 1263 923 1324; baseline -0.004 -14"><span class='ocrx_word' id='word_1_134' title='bbox 138 1265 269 1324; x_wconf 85' lang='grc' dir='ltr'><strong><em>περὶτούτων</em></strong></span> <span class='ocrx_word' id='word_1_135' title='bbox 279 1268 425 1322; x_wconf 82' lang='grc' dir='ltr'><strong><em>πραγματείαν·</em></strong></span> <span class='ocrx_word' id='word_1_136' title='bbox 446 1270 482 1308; x_wconf 81' lang='grc' dir='ltr'><strong><em>τοῦ</em></strong></span> <span class='ocrx_word' id='word_1_137' title='bbox 491 1270 544 1309; x_wconf 87' lang='grc' dir='ltr'><strong><em>θεοῦ</em></strong></span> <span class='ocrx_word' id='word_1_138' title='bbox 558 1263 607 1321; x_wconf 76' lang='grc' dir='ltr'><strong><em>ἡμῖν</em></strong></span> <span class='ocrx_word' id='word_1_139' title='bbox 617 1267 751 1320; x_wconf 77' lang='grc' dir='ltr'><strong><em>ἐπιφανέντος</em></strong></span> <span class='ocrx_word' id='word_1_140' title='bbox 762 1268 797 1310; x_wconf 82' lang='grc' dir='ltr'><strong><em>καὶ</em></strong></span> <span class='ocrx_word' id='word_1_141' title='bbox 807 1264 923 1322; x_wconf 77' lang='grc' dir='ltr'><strong><em>βοηθήσαν-</em></strong></span> 
     </span>
     <span class='ocr_line' id='line_1_16' title="bbox 138 1332 924 1391; baseline -0.004 -12"><span class='ocrx_word' id='word_1_142' title='bbox 138 1353 183 1387; x_wconf 90' lang='grc' dir='ltr'><strong><em>τος,</em></strong></span> <span class='ocrx_word' id='word_1_143' title='bbox 204 1333 232 1385; x_wconf 81' lang='grc' dir='ltr'><strong><em>ῶς</em></strong></span> <span class='ocrx_word' id='word_1_144' title='bbox 249 1332 352 1390; x_wconf 77' lang='grc' dir='ltr'><strong><em>ὁμολογεῖν</em></strong></span> <span class='ocrx_word' id='word_1_145' title='bbox 367 1336 420 1377; x_wconf 82' lang='grc' dir='ltr'><strong><em>έστιν</em></strong></span> <span class='ocrx_word' id='word_1_146' title='bbox 433 1335 455 1377; x_wconf 89' lang='grc' dir='ltr'><strong><em>έκ</em></strong></span> <span class='ocrx_word' id='word_1_147' title='bbox 472 1333 540 1390; x_wconf 86' lang='grc' dir='ltr'><strong><em>πάσης</em></strong></span> <span class='ocrx_word' id='word_1_148' title='bbox 555 1339 624 1390; x_wconf 75' lang='grc' dir='ltr'><strong><em>ψυχῆς</em></strong></span> <span class='ocrx_word' id='word_1_149' title='bbox 634 1337 668 1378; x_wconf 79' lang='grc' dir='ltr'><strong><em>καὶ</em></strong></span> <span class='ocrx_word' id='word_1_150' title='bbox 681 1337 782 1388; x_wconf 85' lang='grc' dir='ltr'><strong><em>διανοίας,</em></strong></span> <span class='ocrx_word' id='word_1_151' title='bbox 804 1332 924 1391; x_wconf 74' lang='grc' dir='ltr'><strong><em>εὐχαριστεῖν</em></strong></span> 
     </span>
     <span class='ocr_line' id='line_1_17' title="bbox 139 1402 923 1463; baseline -0.001 -16"><span class='ocrx_word' id='word_1_152' title='bbox 139 1402 194 1463; x_wconf 78' lang='grc' dir='ltr'><strong><em>αύτῷ</em></strong></span> <span class='ocrx_word' id='word_1_153' title='bbox 205 1409 232 1463; x_wconf 77' lang='grc' dir='ltr'><strong><em>τῷ</em></strong></span> <span class='ocrx_word' id='word_1_154' title='bbox 243 1406 316 1460; x_wconf 87' lang='grc' dir='ltr'><strong><em>κνρίω,</em></strong></span> <span class='ocrx_word' id='word_1_155' title='bbox 332 1402 363 1446; x_wconf 87' lang='grc' dir='ltr'><strong><em>ῦτι</em></strong></span> <span class='ocrx_word' id='word_1_156' title='bbox 373 1402 396 1446; x_wconf 87' lang='grc' dir='ltr'><strong><em>τδ</em></strong></span> <span class='ocrx_word' id='word_1_157' title='bbox 408 1402 531 1460; x_wconf 78' lang='grc' dir='ltr'><strong><em>ἐπάγγελμα,</em></strong></span> <span class='ocrx_word' id='word_1_158' title='bbox 547 1403 734 1461; x_wconf 84' lang='grc' dir='ltr'><strong><em>δέπηγγειλάμεθα,</em></strong></span> <span class='ocrx_word' id='word_1_159' title='bbox 750 1405 771 1447; x_wconf 91' lang='grc' dir='ltr'><strong><em>έν</em></strong></span> <span class='ocrx_word' id='word_1_160' title='bbox 784 1402 839 1463; x_wconf 78' lang='grc' dir='ltr'><strong><em>αύτῷ</em></strong></span> <span class='ocrx_word' id='word_1_161' title='bbox 849 1408 877 1462; x_wconf 78' lang='grc' dir='ltr'><strong><em>τῷ</em></strong></span> <span class='ocrx_word' id='word_1_162' title='bbox 888 1420 923 1446; x_wconf 88' lang='grc' dir='ltr'><strong><em>κν-</em></strong></span> 
     </span>
    </p>

    <p class='ocr_par' dir='ltr' id='par_1_5' title="bbox 92 1470 928 2767">
     <span class='ocr_line' id='line_1_18' title="bbox 92 1470 923 1532; baseline -0.002 -16"><span class='ocrx_word' id='word_1_163' title='bbox 92 1470 96 1476; x_wconf 58' lang='grc'><strong>”</strong></span> <span class='ocrx_word' id='word_1_164' title='bbox 140 1476 176 1532; x_wconf 81' lang='grc' dir='ltr'><strong><em>ριήι</em></strong></span> <span class='ocrx_word' id='word_1_165' title='bbox 186 1471 340 1527; x_wconf 81' lang='grc' dir='ltr'><strong><em>κατηξιῶθιγμεν</em></strong></span> <span class='ocrx_word' id='word_1_166' title='bbox 352 1476 461 1525; x_wconf 78' lang='grc' dir='ltr'><strong><em>τελειῶσαι,</em></strong></span> <span class='ocrx_word' id='word_1_167' title='bbox 483 1471 534 1515; x_wconf 85' lang='grc' dir='ltr'><strong><em>κατά</em></strong></span> <span class='ocrx_word' id='word_1_168' title='bbox 548 1474 644 1529; x_wconf 83' lang='grc' dir='ltr'><strong><em>αἱρέσεων</em></strong></span> <span class='ocrx_word' id='word_1_169' title='bbox 654 1473 686 1526; x_wconf 85' lang='grc' dir='ltr'><strong><em>δέ,</em></strong></span> <span class='ocrx_word' id='word_1_170' title='bbox 706 1473 769 1527; x_wconf 85' lang='grc' dir='ltr'><strong><em>φημὶ,</em></strong></span> <span class='ocrx_word' id='word_1_171' title='bbox 783 1471 821 1528; x_wconf 75' lang='grc' dir='ltr'><strong><em>τήν</em></strong></span> <span class='ocrx_word' id='word_1_172' title='bbox 831 1470 923 1529; x_wconf 77' lang='grc' dir='ltr'><strong><em>διήγησιν</em></strong></span> 
     </span>
     <span class='ocr_line' id='line_1_19' title="bbox 139 1539 922 1600; baseline -0.003 -15"><span class='ocrx_word' id='word_1_173' title='bbox 139 1544 175 1585; x_wconf 83' lang='grc' dir='ltr'><strong><em>καί</em></strong></span> <span class='ocrx_word' id='word_1_174' title='bbox 186 1540 303 1598; x_wconf 66' lang='grc' dir='ltr'><strong><em>ἀνατροπὴν</em></strong></span> <span class='ocrx_word' id='word_1_175' title='bbox 317 1539 459 1596; x_wconf 85' lang='grc' dir='ltr'><strong><em>ποιησάμενοι,</em></strong></span> <span class='ocrx_word' id='word_1_176' title='bbox 479 1540 521 1595; x_wconf 86' lang='grc' dir='ltr'><strong><em>δίμα</em></strong></span> <span class='ocrx_word' id='word_1_177' title='bbox 532 1559 553 1584; x_wconf 91' lang='grc' dir='ltr'><strong><em>τε</em></strong></span> <span class='ocrx_word' id='word_1_178' title='bbox 565 1543 600 1585; x_wconf 84' lang='grc' dir='ltr'><strong><em>καί</em></strong></span> <span class='ocrx_word' id='word_1_179' title='bbox 613 1540 780 1596; x_wconf 85' lang='grc' dir='ltr'><strong><em>άποκαλύψοιντες</em></strong></span> <span class='ocrx_word' id='word_1_180' title='bbox 790 1539 837 1598; x_wconf 83' lang='grc' dir='ltr'><strong><em>παρ’</em></strong></span> <span class='ocrx_word' id='word_1_181' title='bbox 848 1539 922 1600; x_wconf 76' lang='grc' dir='ltr'><strong><em>ἑκάστη</em></strong></span> 
     </span>
     <span class='ocr_line' id='line_1_20' title="bbox 141 1607 924 1668; baseline -0.003 -14"><span class='ocrx_word' id='word_1_182' title='bbox 141 1614 160 1654; x_wconf 88' lang='grc' dir='ltr'><strong><em>τί</em></strong></span> <span class='ocrx_word' id='word_1_183' title='bbox 169 1610 282 1668; x_wconf 88' lang='grc' dir='ltr'><strong><em>πράττεται,</em></strong></span> <span class='ocrx_word' id='word_1_184' title='bbox 297 1608 324 1660; x_wconf 80' lang='grc' dir='ltr'><strong><em>ῶς</em></strong></span> <span class='ocrx_word' id='word_1_185' title='bbox 335 1607 386 1654; x_wconf 90' lang='grc' dir='ltr'><strong><em>κατά</em></strong></span> <span class='ocrx_word' id='word_1_186' title='bbox 393 1608 430 1665; x_wconf 78' lang='grc' dir='ltr'><strong><em>τήν</em></strong></span> <span class='ocrx_word' id='word_1_187' title='bbox 442 1608 556 1667; x_wconf 67' lang='grc' dir='ltr'><strong><em>1ἡμετέραν</em></strong></span> <span class='ocrx_word' id='word_1_188' title='bbox 565 1608 675 1654; x_wconf 83' lang='grc' dir='ltr'><strong><em>ῦπύστασιν</em></strong></span> <span class='ocrx_word' id='word_1_189' title='bbox 685 1615 721 1665; x_wconf 83' lang='grc' dir='ltr'><strong><em>τῆς</em></strong></span> <span class='ocrx_word' id='word_1_190' title='bbox 730 1611 831 1660; x_wconf 74' lang='grc' dir='ltr'><strong><em>ἀσθενοῦς</em></strong></span> <span class='ocrx_word' id='word_1_191' title='bbox 842 1610 924 1666; x_wconf 83' lang='grc' dir='ltr'><strong><em>ιἰνθρω-</em></strong></span> 
     </span>
     <span class='ocr_line' id='line_1_21' title="bbox 139 1672 925 1737; baseline -0.004 -14"><span class='ocrx_word' id='word_1_192' title='bbox 139 1672 233 1735; x_wconf 86' lang='grc' dir='ltr'><strong><em>πδτητος.</em></strong></span> <span class='ocrx_word' id='word_1_193' title='bbox 257 1678 312 1729; x_wconf 87' lang='grc' dir='ltr'><strong><em>Ἕως</em></strong></span> <span class='ocrx_word' id='word_1_194' title='bbox 326 1678 364 1735; x_wconf 83' lang='grc' dir='ltr'><strong><em>γάρ</em></strong></span> <span class='ocrx_word' id='word_1_195' title='bbox 382 1680 470 1721; x_wconf 79' lang='grc' dir='ltr'><strong><em>ἐνταῦθα</em></strong></span> <span class='ocrx_word' id='word_1_196' title='bbox 486 1678 611 1735; x_wconf 84' lang='grc' dir='ltr'><strong><em>ὀγδοήκοντα</em></strong></span> <span class='ocrx_word' id='word_1_197' title='bbox 627 1680 733 1737; x_wconf 78' lang='grc' dir='ltr'><strong><em>αἱρέσεων,</em></strong></span> <span class='ocrx_word' id='word_1_198' title='bbox 755 1674 784 1722; x_wconf 80' lang='grc' dir='ltr'><strong><em>ῶν</em></strong></span> <span class='ocrx_word' id='word_1_199' title='bbox 798 1677 925 1734; x_wconf 80' lang='grc' dir='ltr'><strong><em>ένηχήθημεν</em></strong></span> 
     </span>
     <span class='ocr_line' id='line_1_22' title="bbox 143 1745 925 1807; baseline -0.001 -16"><span class='ocrx_word' id='word_1_200' title='bbox 143 1753 187 1807; x_wconf 69' lang='grc' dir='ltr'><strong><em>2τῷ</em></strong></span> <span class='ocrx_word' id='word_1_201' title='bbox 198 1747 267 1806; x_wconf 79' lang='grc' dir='ltr'><strong><em>κόσμῳ</em></strong></span> <span class='ocrx_word' id='word_1_202' title='bbox 271 1782 277 1800; x_wconf 85' lang='grc'><strong><em>,</em></strong></span> <span class='ocrx_word' id='word_1_203' title='bbox 293 1749 327 1789; x_wconf 86' lang='grc' dir='ltr'><strong><em>καλ</em></strong></span> <span class='ocrx_word' id='word_1_204' title='bbox 338 1748 425 1803; x_wconf 81' lang='grc' dir='ltr'><strong><em>έγνωμεν</em></strong></span> <span class='ocrx_word' id='word_1_205' title='bbox 436 1746 472 1790; x_wconf 83' lang='grc' dir='ltr'><strong><em>τάν</em></strong></span> <span class='ocrx_word' id='word_1_206' title='bbox 483 1745 572 1804; x_wconf 84' lang='grc' dir='ltr'><strong><em>άριθμδν</em></strong></span> <span class='ocrx_word' id='word_1_207' title='bbox 582 1749 618 1791; x_wconf 85' lang='grc' dir='ltr'><strong><em>καὶ</em></strong></span> <span class='ocrx_word' id='word_1_208' title='bbox 629 1747 665 1798; x_wconf 87' lang='grc' dir='ltr'><strong><em>τάς</em></strong></span> <span class='ocrx_word' id='word_1_209' title='bbox 680 1746 799 1803; x_wconf 75' lang='grc' dir='ltr'><strong><em>ὀνομασίας,</em></strong></span> <span class='ocrx_word' id='word_1_210' title='bbox 819 1750 853 1791; x_wconf 86' lang='grc' dir='ltr'><strong><em>καί</em></strong></span> <span class='ocrx_word' id='word_1_211' title='bbox 864 1764 925 1791; x_wconf 89' lang='grc' dir='ltr'><strong><em>τινων</em></strong></span> 
     </span>
     <span class='ocr_line' id='line_1_23' title="bbox 141 1814 925 1875; baseline -0.004 -15"><span class='ocrx_word' id='word_1_212' title='bbox 141 1816 177 1868; x_wconf 86' lang='grc' dir='ltr'><strong><em>τάς</em></strong></span> <span class='ocrx_word' id='word_1_213' title='bbox 187 1816 265 1874; x_wconf 72' lang='grc' dir='ltr'><strong><em>ρ’ήσεις,</em></strong></span> <span class='ocrx_word' id='word_1_214' title='bbox 280 1814 392 1873; x_wconf 88' lang='grc' dir='ltr'><strong><em>προφάσεις</em></strong></span> <span class='ocrx_word' id='word_1_215' title='bbox 401 1832 422 1859; x_wconf 86' lang='grc' dir='ltr'><strong><em>τε</em></strong></span> <span class='ocrx_word' id='word_1_216' title='bbox 433 1816 469 1858; x_wconf 82' lang='grc' dir='ltr'><strong><em>καί</em></strong></span> <span class='ocrx_word' id='word_1_217' title='bbox 479 1817 564 1871; x_wconf 82' lang='grc' dir='ltr'><strong><em>σχέσεις,</em></strong></span> <span class='ocrx_word' id='word_1_218' title='bbox 578 1815 614 1868; x_wconf 88' lang='grc' dir='ltr'><strong><em>τάς</em></strong></span> <span class='ocrx_word' id='word_1_219' title='bbox 623 1815 688 1875; x_wconf 82' lang='grc' dir='ltr'><strong><em>δρμάς</em></strong></span> <span class='ocrx_word' id='word_1_220' title='bbox 697 1819 732 1860; x_wconf 83' lang='grc' dir='ltr'><strong><em>καὶ</em></strong></span> <span class='ocrx_word' id='word_1_221' title='bbox 742 1816 768 1860; x_wconf 86' lang='grc' dir='ltr'><strong><em>τά</em></strong></span> <span class='ocrx_word' id='word_1_222' title='bbox 781 1819 834 1860; x_wconf 84' lang='grc' dir='ltr'><strong><em>αίτια</em></strong></span> <span class='ocrx_word' id='word_1_223' title='bbox 845 1815 925 1873; x_wconf 83' lang='grc' dir='ltr'><strong><em>άπαρα-</em></strong></span> 
     </span>
     <span class='ocr_line' id='line_1_24' title="bbox 141 1883 925 1943; baseline -0.004 -13"><span class='ocrx_word' id='word_1_224' title='bbox 141 1890 224 1935; x_wconf 88' lang='grc' dir='ltr'><strong><em>λείπτως</em></strong></span> <span class='ocrx_word' id='word_1_225' title='bbox 238 1883 389 1936; x_wconf 82' lang='grc' dir='ltr'><strong><em>ῦποδείξαντες,</em></strong></span> <span class='ocrx_word' id='word_1_226' title='bbox 410 1890 526 1943; x_wconf 73' lang='grc' dir='ltr'><strong><em>θαυμασμῷ</em></strong></span> <span class='ocrx_word' id='word_1_227' title='bbox 539 1885 645 1942; x_wconf 83' lang='grc' dir='ltr'><strong><em>φερόμενοι</em></strong></span> <span class='ocrx_word' id='word_1_228' title='bbox 664 1887 818 1943; x_wconf 74' lang='grc' dir='ltr'><strong><em>ἐκπεπλήγμεθα</em></strong></span> <span class='ocrx_word' id='word_1_229' title='bbox 832 1884 855 1929; x_wconf 77' lang='grc' dir='ltr'><strong><em>τά</em></strong></span> <span class='ocrx_word' id='word_1_230' title='bbox 868 1886 925 1943; x_wconf 75' lang='grc' dir='ltr'><strong><em>έντῇ</em></strong></span> 
     </span>
     <span class='ocr_line' id='line_1_25' title="bbox 141 1951 925 2013; baseline -0.005 -14"><span class='ocrx_word' id='word_1_231' title='bbox 141 1959 189 2013; x_wconf 77' lang='grc' dir='ltr'><strong><em>θείᾳ</em></strong></span> <span class='ocrx_word' id='word_1_232' title='bbox 199 1956 268 2013; x_wconf 71' lang='grc' dir='ltr'><strong><em>γραφῇ</em></strong></span> <span class='ocrx_word' id='word_1_233' title='bbox 281 1954 384 2009; x_wconf 86' lang='grc' dir='ltr'><strong><em>εἰρημένον</em></strong></span> <span class='ocrx_word' id='word_1_234' title='bbox 396 1951 437 2006; x_wconf 81' lang='grc' dir='ltr'><strong><em>δτι,</em></strong></span> <span class='ocrx_word' id='word_1_235' title='bbox 452 1951 560 2009; x_wconf 75' lang='grc' dir='ltr'><strong><em>Ἑξάκοντά</em></strong></span> <span class='ocrx_word' id='word_1_236' title='bbox 565 1956 604 1997; x_wconf 89' lang='grc' dir='ltr'><strong><em>εἰσι</em></strong></span> <span class='ocrx_word' id='word_1_237' title='bbox 614 1957 737 2010; x_wconf 82' lang='grc' dir='ltr'><strong><em>βασίλισσαι,</em></strong></span> <span class='ocrx_word' id='word_1_238' title='bbox 754 1957 789 1998; x_wconf 87' lang='grc' dir='ltr'><strong><em>καί</em></strong></span> <span class='ocrx_word' id='word_1_239' title='bbox 799 1952 925 2011; x_wconf 77' lang='grc' dir='ltr'><strong><em>ὀγδοήκοντα</em></strong></span> 
     </span>
     <span class='ocr_line' id='line_1_26' title="bbox 141 2016 925 2080; baseline -0.004 -13"><span class='ocrx_word' id='word_1_240' title='bbox 141 2023 251 2076; x_wconf 78' lang='grc' dir='ltr'><strong><em>παλλακαὶ,</em></strong></span> <span class='ocrx_word' id='word_1_241' title='bbox 269 2023 318 2065; x_wconf 77' lang='grc' dir='ltr'><strong><em>3καλ</em></strong></span> <span class='ocrx_word' id='word_1_242' title='bbox 330 2021 419 2072; x_wconf 81' lang='grc' dir='ltr'><strong><em>νεάνιδες</em></strong></span> <span class='ocrx_word' id='word_1_243' title='bbox 432 2016 461 2065; x_wconf 81' lang='grc' dir='ltr'><strong><em>ῶν</em></strong></span> <span class='ocrx_word' id='word_1_244' title='bbox 472 2020 510 2065; x_wconf 85' lang='grc' dir='ltr'><strong><em>οῦκ</em></strong></span> <span class='ocrx_word' id='word_1_245' title='bbox 523 2024 576 2066; x_wconf 84' lang='grc' dir='ltr'><strong><em>έστιν</em></strong></span> <span class='ocrx_word' id='word_1_246' title='bbox 587 2022 685 2080; x_wconf 75' lang='grc' dir='ltr'><strong><em>άριθμδς</em></strong></span> <span class='ocrx_word' id='word_1_247' title='bbox 700 2025 736 2077; x_wconf 91' lang='grc' dir='ltr'><strong><em>μία</em></strong></span> <span class='ocrx_word' id='word_1_248' title='bbox 747 2025 799 2077; x_wconf 79' lang='grc' dir='ltr'><strong><em>ἐστὶ,</em></strong></span> <span class='ocrx_word' id='word_1_249' title='bbox 819 2019 925 2079; x_wconf 87' lang='grc' dir='ltr'><strong><em>περιστεραί</em></strong></span> 
     </span>
     <span class='ocr_line' id='line_1_27' title="bbox 141 2085 926 2148; baseline -0.003 -12"><span class='ocrx_word' id='word_1_250' title='bbox 141 2110 188 2148; x_wconf 88' lang='grc' dir='ltr'><strong><em>μου,</em></strong></span> <span class='ocrx_word' id='word_1_251' title='bbox 203 2095 264 2135; x_wconf 88' lang='grc' dir='ltr'><strong><em>τελεία</em></strong></span> <span class='ocrx_word' id='word_1_252' title='bbox 274 2109 318 2146; x_wconf 79' lang='grc' dir='ltr'><strong><em>μου,</em></strong></span> <span class='ocrx_word' id='word_1_253' title='bbox 342 2089 383 2141; x_wconf 85' lang='grc' dir='ltr'><strong><em>Ὢς</em></strong></span> <span class='ocrx_word' id='word_1_254' title='bbox 392 2085 431 2134; x_wconf 85' lang='grc' dir='ltr'><strong><em>οῦν</em></strong></span> <span class='ocrx_word' id='word_1_255' title='bbox 441 2092 537 2148; x_wconf 85' lang='grc' dir='ltr'><strong><em>περὶτῶν</em></strong></span> <span class='ocrx_word' id='word_1_256' title='bbox 548 2097 654 2136; x_wconf 87' lang='grc' dir='ltr'><strong><em>παλλακῶν</em></strong></span> <span class='ocrx_word' id='word_1_257' title='bbox 663 2091 742 2136; x_wconf 83' lang='grc' dir='ltr'><strong><em>τούτων</em></strong></span> <span class='ocrx_word' id='word_1_258' title='bbox 750 2097 791 2135; x_wconf 91' lang='grc' dir='ltr'><strong><em>τῶν</em></strong></span> <span class='ocrx_word' id='word_1_259' title='bbox 800 2090 926 2148; x_wconf 77' lang='grc' dir='ltr'><strong><em>ὀγδοήκοντα</em></strong></span> 
     </span>
     <span class='ocr_line' id='line_1_28' title="bbox 142 2159 925 2218; baseline -0.004 -13"><span class='ocrx_word' id='word_1_260' title='bbox 142 2160 242 2218; x_wconf 82' lang='grc' dir='ltr'><strong><em>εἰρηκότες</em></strong></span> <span class='ocrx_word' id='word_1_261' title='bbox 254 2160 356 2215; x_wconf 82' lang='grc' dir='ltr'><strong><em>άπαρχῆς,</em></strong></span> <span class='ocrx_word' id='word_1_262' title='bbox 371 2162 527 2216; x_wconf 82' lang='grc' dir='ltr'><strong><em>Βαρβαρισμοῦ,</em></strong></span> <span class='ocrx_word' id='word_1_263' title='bbox 547 2162 582 2204; x_wconf 83' lang='grc' dir='ltr'><strong><em>καί</em></strong></span> <span class='ocrx_word' id='word_1_264' title='bbox 591 2159 732 2217; x_wconf 87' lang='grc' dir='ltr'><strong><em>Ἑλληνισμοῦ,</em></strong></span> <span class='ocrx_word' id='word_1_265' title='bbox 752 2162 788 2204; x_wconf 79' lang='grc' dir='ltr'><strong><em>καὶ</em></strong></span> <span class='ocrx_word' id='word_1_266' title='bbox 796 2164 925 2215; x_wconf 88' lang='grc' dir='ltr'><strong><em>Σκνθισμοῦ,</em></strong></span> 
     </span>
     <span class='ocr_line' id='line_1_29' title="bbox 141 2227 926 2285; baseline -0.001 -12"><span class='ocrx_word' id='word_1_267' title='bbox 141 2232 176 2274; x_wconf 86' lang='grc' dir='ltr'><strong><em>καλ</em></strong></span> <span class='ocrx_word' id='word_1_268' title='bbox 184 2229 322 2284; x_wconf 86' lang='grc' dir='ltr'><strong><em>Ἰονδαϊσμοῦ,</em></strong></span> <span class='ocrx_word' id='word_1_269' title='bbox 337 2229 372 2271; x_wconf 83' lang='grc' dir='ltr'><strong><em>καὶ</em></strong></span> <span class='ocrx_word' id='word_1_270' title='bbox 383 2233 555 2284; x_wconf 90' lang='grc' dir='ltr'><strong><em>Σαμαρειτισμοῦ,</em></strong></span> <span class='ocrx_word' id='word_1_271' title='bbox 579 2230 706 2285; x_wconf 77' lang='grc' dir='ltr'><strong><em>4δνομασίας</em></strong></span> <span class='ocrx_word' id='word_1_272' title='bbox 716 2234 756 2272; x_wconf 91' lang='grc' dir='ltr'><strong><em>τῶν</em></strong></span> <span class='ocrx_word' id='word_1_273' title='bbox 767 2227 805 2273; x_wconf 89' lang='grc' dir='ltr'><strong><em>οῦκ</em></strong></span> <span class='ocrx_word' id='word_1_274' title='bbox 816 2227 883 2272; x_wconf 86' lang='grc' dir='ltr'><strong><em>οῦσῶν</em></strong></span> <span class='ocrx_word' id='word_1_275' title='bbox 895 2230 926 2272; x_wconf 82' lang='grc' dir='ltr'><strong><em>έν-</em></strong></span> 
     </span>
     <span class='ocr_line' id='line_1_30' title="bbox 142 2296 926 2355; baseline -0.003 -13"><span class='ocrx_word' id='word_1_276' title='bbox 142 2300 224 2353; x_wconf 88' lang='grc' dir='ltr'><strong><em>θέσμων</em></strong></span> <span class='ocrx_word' id='word_1_277' title='bbox 238 2302 350 2354; x_wconf 89' lang='grc' dir='ltr'><strong><em>γυναικῶν,</em></strong></span> <span class='ocrx_word' id='word_1_278' title='bbox 370 2296 418 2339; x_wconf 80' lang='grc' dir='ltr'><strong><em>οῦδὲ</em></strong></span> <span class='ocrx_word' id='word_1_279' title='bbox 432 2296 474 2340; x_wconf 88' lang='grc' dir='ltr'><strong><em>άπδ</em></strong></span> <span class='ocrx_word' id='word_1_280' title='bbox 485 2302 522 2340; x_wconf 86' lang='grc' dir='ltr'><strong><em>τοῦ</em></strong></span> <span class='ocrx_word' id='word_1_281' title='bbox 532 2300 629 2352; x_wconf 77' lang='grc' dir='ltr'><strong><em>βασιλέως</em></strong></span> <span class='ocrx_word' id='word_1_282' title='bbox 640 2298 823 2355; x_wconf 90' lang='grc' dir='ltr'><strong><em>πεπροικισμένων,</em></strong></span> <span class='ocrx_word' id='word_1_283' title='bbox 845 2296 893 2342; x_wconf 85' lang='grc' dir='ltr'><strong><em>ούδέ</em></strong></span> <span class='ocrx_word' id='word_1_284' title='bbox 904 2298 926 2341; x_wconf 86' lang='grc' dir='ltr'><strong><em>έν</em></strong></span> 
     </span>
     <span class='ocr_line' id='line_1_31' title="bbox 143 2364 926 2424; baseline -0.001 -14"><span class='ocrx_word' id='word_1_285' title='bbox 143 2367 253 2421; x_wconf 78' lang='grc' dir='ltr'><strong><em>διαθήκαις</em></strong></span> <span class='ocrx_word' id='word_1_286' title='bbox 263 2371 304 2409; x_wconf 89' lang='grc' dir='ltr'><strong><em>τῶν</em></strong></span> <span class='ocrx_word' id='word_1_287' title='bbox 314 2366 389 2409; x_wconf 91' lang='grc' dir='ltr'><strong><em>τέκνων</em></strong></span> <span class='ocrx_word' id='word_1_288' title='bbox 399 2364 466 2408; x_wconf 89' lang='grc' dir='ltr'><strong><em>αύτῶν</em></strong></span> <span class='ocrx_word' id='word_1_289' title='bbox 476 2371 606 2423; x_wconf 87' lang='grc' dir='ltr'><strong><em>κληρονομεῖν</em></strong></span> <span class='ocrx_word' id='word_1_290' title='bbox 615 2367 737 2422; x_wconf 91' lang='grc' dir='ltr'><strong><em>δυναμένων.</em></strong></span> <span class='ocrx_word' id='word_1_291' title='bbox 769 2365 832 2410; x_wconf 87' lang='grc' dir='ltr'><strong><em>Φύσει</em></strong></span> <span class='ocrx_word' id='word_1_292' title='bbox 842 2366 878 2421; x_wconf 85' lang='grc' dir='ltr'><strong><em>μέν</em></strong></span> <span class='ocrx_word' id='word_1_293' title='bbox 888 2364 926 2424; x_wconf 91' lang='grc' dir='ltr'><strong><em>γάρ</em></strong></span> 
     </span>
     <span class='ocr_line' id='line_1_32' title="bbox 144 2433 927 2493; baseline -0.003 -13"><span class='ocrx_word' id='word_1_294' title='bbox 144 2438 193 2480; x_wconf 85' lang='grc' dir='ltr'><strong><em>εἰσιν</em></strong></span> <span class='ocrx_word' id='word_1_295' title='bbox 202 2435 341 2491; x_wconf 78' lang='grc' dir='ltr'><strong><em>ἑβδομήκοντα</em></strong></span> <span class='ocrx_word' id='word_1_296' title='bbox 352 2436 421 2488; x_wconf 86' lang='grc' dir='ltr'><strong><em>πέντε,</em></strong></span> <span class='ocrx_word' id='word_1_297' title='bbox 436 2436 470 2478; x_wconf 86' lang='grc' dir='ltr'><strong><em>καί</em></strong></span> <span class='ocrx_word' id='word_1_298' title='bbox 480 2435 557 2479; x_wconf 88' lang='grc' dir='ltr'><strong><em>τούτων</em></strong></span> <span class='ocrx_word' id='word_1_299' title='bbox 569 2438 591 2479; x_wconf 85' lang='grc' dir='ltr'><strong><em>αἱ</em></strong></span> <span class='ocrx_word' id='word_1_300' title='bbox 602 2437 684 2493; x_wconf 86' lang='grc' dir='ltr'><strong><em>μητέρες</em></strong></span> <span class='ocrx_word' id='word_1_301' title='bbox 694 2437 764 2488; x_wconf 87' lang='grc' dir='ltr'><strong><em>πέντε,</em></strong></span> <span class='ocrx_word' id='word_1_302' title='bbox 785 2434 850 2493; x_wconf 83' lang='grc' dir='ltr'><strong><em>ῶςπερ</em></strong></span> <span class='ocrx_word' id='word_1_303' title='bbox 861 2433 927 2490; x_wconf 86' lang='grc' dir='ltr'><strong><em>Ἑλλη-</em></strong></span> 
     </span>
     <span class='ocr_line' id='line_1_33' title="bbox 144 2498 926 2561; baseline -0.003 -12"><span class='ocrx_word' id='word_1_304' title='bbox 144 2504 225 2560; x_wconf 89' lang='grc' dir='ltr'><strong><em>νισμδς,</em></strong></span> <span class='ocrx_word' id='word_1_305' title='bbox 241 2502 276 2558; x_wconf 74' lang='grc' dir='ltr'><strong><em>ἀφ’</em></strong></span> <span class='ocrx_word' id='word_1_306' title='bbox 287 2498 312 2547; x_wconf 88' lang='grc' dir='ltr'><strong><em>οῦ</em></strong></span> <span class='ocrx_word' id='word_1_307' title='bbox 322 2502 426 2558; x_wconf 85' lang='grc' dir='ltr'><strong><em>Ἕλληνες,</em></strong></span> <span class='ocrx_word' id='word_1_308' title='bbox 440 2506 475 2546; x_wconf 83' lang='grc' dir='ltr'><strong><em>καὶ</em></strong></span> <span class='ocrx_word' id='word_1_309' title='bbox 483 2504 623 2560; x_wconf 85' lang='grc' dir='ltr'><strong><em>Ἰουδαϊσμδς,</em></strong></span> <span class='ocrx_word' id='word_1_310' title='bbox 638 2503 675 2558; x_wconf 84' lang='grc' dir='ltr'><strong><em>άφ’</em></strong></span> <span class='ocrx_word' id='word_1_311' title='bbox 687 2499 712 2547; x_wconf 84' lang='grc' dir='ltr'><strong><em>οῦ</em></strong></span> <span class='ocrx_word' id='word_1_312' title='bbox 719 2503 816 2547; x_wconf 82' lang='grc' dir='ltr'><strong><em>Ἰουδαῖοι</em></strong></span> <span class='ocrx_word' id='word_1_313' title='bbox 827 2505 861 2547; x_wconf 80' lang='grc' dir='ltr'><strong><em>καί</em></strong></span> <span class='ocrx_word' id='word_1_314' title='bbox 873 2504 926 2561; x_wconf 81' lang='grc' dir='ltr'><strong><em>αἶρέ-</em></strong></span> 
     </span>
     <span class='ocr_line' id='line_1_34' title="bbox 144 2567 926 2631; baseline -0.004 -13"><span class='ocrx_word' id='word_1_315' title='bbox 144 2590 194 2627; x_wconf 87' lang='grc' dir='ltr'><strong><em>σεις,</em></strong></span> <span class='ocrx_word' id='word_1_316' title='bbox 214 2575 248 2617; x_wconf 84' lang='grc' dir='ltr'><strong><em>καί</em></strong></span> <span class='ocrx_word' id='word_1_317' title='bbox 263 2571 409 2630; x_wconf 76' lang='grc' dir='ltr'><strong><em>Σαμαρειτικὴ,</em></strong></span> <span class='ocrx_word' id='word_1_318' title='bbox 430 2570 465 2626; x_wconf 78' lang='grc' dir='ltr'><strong><em>αἰψ’</em></strong></span> <span class='ocrx_word' id='word_1_319' title='bbox 482 2567 506 2615; x_wconf 85' lang='grc' dir='ltr'><strong><em>οῦ</em></strong></span> <span class='ocrx_word' id='word_1_320' title='bbox 521 2572 691 2631; x_wconf 85' lang='grc' dir='ltr'><strong><em>Σαμαρειτισμδς,</em></strong></span> <span class='ocrx_word' id='word_1_321' title='bbox 713 2574 748 2617; x_wconf 86' lang='grc' dir='ltr'><strong><em>καλ</em></strong></span> <span class='ocrx_word' id='word_1_322' title='bbox 764 2571 926 2630; x_wconf 85' lang='grc' dir='ltr'><strong><em>Χριστιννισμδς,</em></strong></span> 
     </span>
     <span class='ocr_line' id='line_1_35' title="bbox 145 2638 928 2699; baseline -0.004 -13"><span class='ocrx_word' id='word_1_323' title='bbox 145 2638 385 2696; x_wconf 80' lang='grc' dir='ltr'><strong><em>οἰφόῦέξεκλάσθησαν,</em></strong></span> <span class='ocrx_word' id='word_1_324' title='bbox 408 2640 473 2697; x_wconf 84' lang='grc' dir='ltr'><strong><em>ῶςπερ</em></strong></span> <span class='ocrx_word' id='word_1_325' title='bbox 488 2641 569 2695; x_wconf 90' lang='grc' dir='ltr'><strong><em>κλάδοι,</em></strong></span> <span class='ocrx_word' id='word_1_326' title='bbox 591 2644 614 2685; x_wconf 88' lang='grc' dir='ltr'><strong><em>αῖ</em></strong></span> <span class='ocrx_word' id='word_1_327' title='bbox 627 2642 771 2699; x_wconf 87' lang='grc' dir='ltr'><strong><em>ιἰφορισθεῖσαι</em></strong></span> <span class='ocrx_word' id='word_1_328' title='bbox 785 2643 879 2697; x_wconf 77' lang='grc' dir='ltr'><strong><em>αἱρέσεις,</em></strong></span> <span class='ocrx_word' id='word_1_329' title='bbox 899 2642 928 2692; x_wconf 91' lang='grc' dir='ltr'><strong><em>εἰς</em></strong></span> 
     </span>
     <span class='ocr_line' id='line_1_36' title="bbox 144 2704 927 2767; baseline -0.004 -12"><span class='ocrx_word' id='word_1_330' title='bbox 144 2711 209 2766; x_wconf 77' lang='grc' dir='ltr'><strong><em>ὄνομα</em></strong></span> <span class='ocrx_word' id='word_1_331' title='bbox 222 2715 310 2767; x_wconf 85' lang='grc' dir='ltr'><strong><em>Χριστοῦ</em></strong></span> <span class='ocrx_word' id='word_1_332' title='bbox 320 2716 436 2764; x_wconf 77' lang='grc' dir='ltr'><strong><em>κληθεῖσαν,</em></strong></span> <span class='ocrx_word' id='word_1_333' title='bbox 452 2707 480 2764; x_wconf 74' lang='grc' dir='ltr'><strong><em>μὴ</em></strong></span> <span class='ocrx_word' id='word_1_334' title='bbox 492 2704 550 2753; x_wconf 87' lang='grc' dir='ltr'><strong><em>οῦσαι</em></strong></span> <span class='ocrx_word' id='word_1_335' title='bbox 561 2710 583 2753; x_wconf 85' lang='grc' dir='ltr'><strong><em>δέ</em></strong></span> <span class='ocrx_word' id='word_1_336' title='bbox 594 2710 669 2762; x_wconf 79' lang='grc' dir='ltr'><strong><em>αὐτοῦ,</em></strong></span> <span class='ocrx_word' id='word_1_337' title='bbox 684 2708 724 2753; x_wconf 74' lang='grc' dir='ltr'><strong><em>ἄλλ’</em></strong></span> <span class='ocrx_word' id='word_1_338' title='bbox 735 2712 758 2753; x_wconf 83' lang='grc' dir='ltr'><strong><em>αἰ</em></strong></span> <span class='ocrx_word' id='word_1_339' title='bbox 766 2710 802 2764; x_wconf 80' lang='grc' dir='ltr'><strong><em>μέν</em></strong></span> <span class='ocrx_word' id='word_1_340' title='bbox 812 2708 852 2753; x_wconf 86' lang='grc' dir='ltr'><strong><em>άπδ</em></strong></span> <span class='ocrx_word' id='word_1_341' title='bbox 865 2708 927 2765; x_wconf 75' lang='grc' dir='ltr'><strong><em>μήκο-</em></strong></span> 
     </span>
    </p>

    <p class='ocr_par' dir='ltr' id='par_1_6' title="bbox 47 2777 927 2901">
     <span class='ocr_line' id='line_1_37' title="bbox 47 2777 927 2834; baseline -0.003 -11"><span class='ocrx_word' id='word_1_342' title='bbox 47 2803 84 2834; x_wconf 59' lang='lat' dir='ltr'><strong><em>pag.</em></strong></span> <span class='ocrx_word' id='word_1_343' title='bbox 96 2794 135 2823; x_wconf 77' lang='grc' dir='ltr'><strong><em>ιοιε.</em></strong></span> <span class='ocrx_word' id='word_1_344' title='bbox 144 2788 182 2824; x_wconf 87' lang='grc' dir='ltr'><strong><em>θεν</em></strong></span> <span class='ocrx_word' id='word_1_345' title='bbox 194 2778 257 2822; x_wconf 79' lang='grc' dir='ltr'><strong><em>αὐτοῦ</em></strong></span> <span class='ocrx_word' id='word_1_346' title='bbox 266 2778 318 2822; x_wconf 83' lang='grc' dir='ltr'><strong><em>πολύ</em></strong></span> <span class='ocrx_word' id='word_1_347' title='bbox 329 2781 440 2829; x_wconf 88' lang='grc' dir='ltr'><strong><em>διεστῶσαι,</em></strong></span> <span class='ocrx_word' id='word_1_348' title='bbox 455 2779 478 2819; x_wconf 89' lang='grc' dir='ltr'><strong><em>αί</em></strong></span> <span class='ocrx_word' id='word_1_349' title='bbox 486 2778 508 2819; x_wconf 83' lang='grc' dir='ltr'><strong><em>δέ</em></strong></span> <span class='ocrx_word' id='word_1_350' title='bbox 520 2777 554 2820; x_wconf 89' lang='grc' dir='ltr'><strong><em>διά</em></strong></span> <span class='ocrx_word' id='word_1_351' title='bbox 565 2796 583 2821; x_wconf 90' lang='grc' dir='ltr'><strong><em>τι</em></strong></span> <span class='ocrx_word' id='word_1_352' title='bbox 595 2777 697 2833; x_wconf 75' lang='grc' dir='ltr'><strong><em>ἐλάχιστον</em></strong></span> <span class='ocrx_word' id='word_1_353' title='bbox 707 2777 884 2834; x_wconf 84' lang='grc' dir='ltr'><strong><em>άποκληρονόμονς</em></strong></span> <span class='ocrx_word' id='word_1_354' title='bbox 892 2779 927 2820; x_wconf 84' lang='grc' dir='ltr'><strong><em>καί</em></strong></span> 
     </span>
     <span class='ocr_line' id='line_1_38' title="bbox 145 2843 927 2901; baseline -0.004 -9"><span class='ocrx_word' id='word_1_355' title='bbox 145 2851 203 2901; x_wconf 81' lang='grc' dir='ltr'><strong><em>ξένας</em></strong></span> <span class='ocrx_word' id='word_1_356' title='bbox 219 2847 285 2891; x_wconf 88' lang='grc' dir='ltr'><strong><em>αῦτοῦ</em></strong></span> <span class='ocrx_word' id='word_1_357' title='bbox 301 2846 374 2896; x_wconf 86' lang='grc' dir='ltr'><strong><em>έαυτάς</em></strong></span> <span class='ocrx_word' id='word_1_358' title='bbox 388 2844 546 2900; x_wconf 76' lang='grc' dir='ltr'><strong><em>καταστήσασαι,</em></strong></span> <span class='ocrx_word' id='word_1_359' title='bbox 565 2847 601 2889; x_wconf 84' lang='grc' dir='ltr'><strong><em>καὶ</em></strong></span> <span class='ocrx_word' id='word_1_360' title='bbox 616 2846 641 2889; x_wconf 87' lang='grc' dir='ltr'><strong><em>τά</em></strong></span> <span class='ocrx_word' id='word_1_361' title='bbox 656 2845 741 2889; x_wconf 61' lang='grc' dir='ltr'><strong><em>ὄαῦτῶν</em></strong></span> <span class='ocrx_word' id='word_1_362' title='bbox 751 2846 820 2897; x_wconf 87' lang='grc' dir='ltr'><strong><em>τέκνα,</em></strong></span> <span class='ocrx_word' id='word_1_363' title='bbox 840 2850 880 2889; x_wconf 86' lang='grc' dir='ltr'><strong><em>τῶν</em></strong></span> <span class='ocrx_word' id='word_1_364' title='bbox 889 2843 927 2889; x_wconf 88' lang='grc' dir='ltr'><strong><em>οῦκ</em></strong></span> 
     </span>
    </p>

    <p class='ocr_par' dir='ltr' id='par_1_7' title="bbox 146 2937 928 3033">
     <span class='ocr_line' id='line_1_39' title="bbox 167 2937 881 2985; baseline -0.008 -9"><span class='ocrx_word' id='word_1_365' title='bbox 167 2942 184 2976; x_wconf 82' lang='grc'><strong><em>3.</em></strong></span> <span class='ocrx_word' id='word_1_366' title='bbox 192 2939 302 2985; x_wconf 60' lang='grc' dir='ltr'><strong><em>παραμυθίας</em></strong></span> <span class='ocrx_word' id='word_1_367' title='bbox 312 2941 359 2973; x_wconf 73' lang='lat' dir='ltr'><strong>codd.</strong></span> <span class='ocrx_word' id='word_1_368' title='bbox 365 2949 403 2973; x_wconf 85' lang='lat' dir='ltr'><em>mss.</em></span> <span class='ocrx_word' id='word_1_369' title='bbox 411 2943 480 2981; x_wconf 71' lang='lat' dir='ltr'><strong><em>uterque.</em></strong></span> <span class='ocrx_word' id='word_1_370' title='bbox 492 2949 525 2972; x_wconf 85' lang='grc' dir='ltr'><strong><em>ποι-</em></strong></span> <span class='ocrx_word' id='word_1_371' title='bbox 569 2939 585 2973; x_wconf 80' lang='lat'><strong><em>2.</em></strong></span> <span class='ocrx_word' id='word_1_372' title='bbox 597 2942 671 2974; x_wconf 72' lang='lat' dir='ltr'><strong><em>Fortasse</em></strong></span> <span class='ocrx_word' id='word_1_373' title='bbox 681 2940 740 2973; x_wconf 77' lang='grc' dir='ltr'><strong><em>ωιῶδὶι</em></strong></span> <span class='ocrx_word' id='word_1_374' title='bbox 751 2941 847 2980; x_wconf 77' lang='lat' dir='ltr'><em>praepositio</em></span> <span class='ocrx_word' id='word_1_375' title='bbox 858 2937 881 2973; x_wconf 79' lang='grc' dir='ltr'><strong><em>ἐν.</em></strong></span> 
     </span>
     <span class='ocr_line' id='line_1_40' title="bbox 146 2984 928 3033; baseline -0.006 -10"><span class='ocrx_word' id='word_1_376' title='bbox 146 2987 234 3033; x_wconf 63' lang='grc' dir='ltr'><strong><em>ραμοῆλειι</em></strong></span> <span class='ocrx_word' id='word_1_377' title='bbox 246 2988 285 3021; x_wconf 70' lang='lat' dir='ltr'><strong><em>editi</em></strong></span> <span class='ocrx_word' id='word_1_378' title='bbox 296 2988 337 3019; x_wconf 77' lang='lat' dir='ltr'><strong><em>libri.</em></strong></span> <span class='ocrx_word' id='word_1_379' title='bbox 571 2984 588 3019; x_wconf 80' lang='lat'><strong><em>3.</em></strong></span> <span class='ocrx_word' id='word_1_380' title='bbox 600 2985 630 3020; x_wconf 84' lang='grc' dir='ltr'><strong><em>καλ</em></strong></span> <span class='ocrx_word' id='word_1_381' title='bbox 645 2988 688 3018; x_wconf 74' lang='lat' dir='ltr'><em>abest</em></span> <span class='ocrx_word' id='word_1_382' title='bbox 702 2995 713 3017; x_wconf 84' lang='grc' dir='ltr'><strong><em>α</em></strong></span> <span class='ocrx_word' id='word_1_383' title='bbox 724 2986 770 3018; x_wconf 79' lang='lat' dir='ltr'><em>codd.</em></span> <span class='ocrx_word' id='word_1_384' title='bbox 780 2995 818 3019; x_wconf 82' lang='lat' dir='ltr'><em>mss.</em></span> <span class='ocrx_word' id='word_1_385' title='bbox 833 2989 898 3026; x_wconf 74' lang='lat' dir='ltr'><strong><em>utroque</em></strong></span> <span class='ocrx_word' id='word_1_386' title='bbox 913 2988 928 3018; x_wconf 83' lang='grc' dir='ltr'><strong><em>ιλ</em></strong></span> 
     </span>
    </p>
   </div>
   <div class='ocr_carea' id='block_1_5' title="bbox 145 3027 864 3123">
    <p class='ocr_par' dir='ltr' id='par_1_8' title="bbox 145 3027 864 3123">
     <span class='ocr_line' id='line_1_41' title="bbox 169 3027 647 3074; baseline -0.002 -9"><span class='ocrx_word' id='word_1_387' title='bbox 169 3034 209 3067; x_wconf 69' lang='grc' dir='ltr'><strong><em>Ωιι.</em></strong></span> <span class='ocrx_word' id='word_1_388' title='bbox 214 3033 239 3067; x_wconf 85' lang='lat' dir='ltr'><strong><em>X.</em></strong></span> <span class='ocrx_word' id='word_1_389' title='bbox 247 3050 268 3058; x_wconf 86' lang='lat'>—</span> <span class='ocrx_word' id='word_1_390' title='bbox 286 3032 301 3066; x_wconf 82' lang='lat'><strong><em>1.</em></strong></span> <span class='ocrx_word' id='word_1_391' title='bbox 311 3032 357 3065; x_wconf 74' lang='lat' dir='ltr'><strong><em>Libri</em></strong></span> <span class='ocrx_word' id='word_1_392' title='bbox 365 3033 412 3074; x_wconf 79' lang='grc' dir='ltr'><strong><em>ναλςο</em></strong></span> <span class='ocrx_word' id='word_1_393' title='bbox 421 3031 478 3065; x_wconf 72' lang='lat' dir='ltr'><em>habent</em></span> <span class='ocrx_word' id='word_1_394' title='bbox 484 3027 525 3073; x_wconf 75' lang='grc' dir='ltr'><strong><em>ύμε-</em></strong></span> <span class='ocrx_word' id='word_1_395' title='bbox 548 3032 585 3064; x_wconf 74' lang='lat' dir='ltr'><strong><em>edit.</em></strong></span> <span class='ocrx_word' id='word_1_396' title='bbox 595 3034 647 3072; x_wconf 79' lang='grc' dir='ltr'><strong><em>μιιπα</em></strong></span> 
     </span>
     <span class='ocr_line' id='line_1_42' title="bbox 145 3073 864 3123; baseline -0.008 -10"><span class='ocrx_word' id='word_1_397' title='bbox 145 3078 200 3123; x_wconf 74' lang='grc' dir='ltr'><strong><em>τέραα.</em></strong></span> <span class='ocrx_word' id='word_1_398' title='bbox 570 3075 585 3110; x_wconf 69' lang='grc'><strong><em>4.</em></strong></span> <span class='ocrx_word' id='word_1_399' title='bbox 598 3077 719 3110; x_wconf 59' lang='lat' dir='ltr'><strong><em>&amp;scribendum</em></strong></span> <span class='ocrx_word' id='word_1_400' title='bbox 729 3080 751 3109; x_wconf 80' lang='lat' dir='ltr'><strong><em>est</em></strong></span> <span class='ocrx_word' id='word_1_401' title='bbox 761 3073 864 3120; x_wconf 80' lang='grc' dir='ltr'><strong><em>ὄνομασίαις.</em></strong></span> 
     </span>
    </p>
   </div>
   <div class='ocr_carea' id='block_1_6' title="bbox 0 0 1012 3392">
    <p class='ocr_par' dir='ltr' id='par_1_9' title="bbox 0 0 1012 3392">
     <span class='ocr_line' id='line_1_43' title="bbox 0 0 1012 3392; baseline 0 0"><span class='ocrx_word' id='word_1_402' title='bbox 0 0 1012 3392; x_wconf 95' lang='lat' dir='ltr'><strong><em> </em></strong></span> 
     </span>
    </p>
   </div>
  </div>
 </body>
</html>
