1988 3392
110 208 152 249 134
398 217 481 251 εκαοτι
492 214 608 249 κειειτιαιι

17 294 61 337 Κεφ·
69 292 101 337 δί’·
167 293 243 349 Διόπερ
255 292 339 346 ἀφέντες
348 296 442 348 περὶτῶν
452 293 647 346 ἀμφιςβητουμένωυ
658 297 789 344 φιλονεικεῖν,
805 293 896 350 καὶπερὶ

109 365 149 403 τῶν
160 358 210 415 άπέρ
221 358 285 414 ἡμᾶς,
301 359 435 417 κρατοῦμενὸί
449 358 605 414 παρειλήφαμεν.
639 362 673 409 Τίς
683 358 721 415 γάρ
732 359 785 401 ἔστιν
795 356 808 401 ὁ
817 363 896 413 τολμοῑν

109 427 214 485 ἐπιγνώσει
225 434 362 483 φνσιωθῆναι,
377 425 438 471 ὁπότε
449 424 510 477 αύτὸς
520 425 533 471 ὁ
543 431 584 470 τῶν
595 426 745 482 ἀποκαλύψεων
754 428 896 482 καταξιωθεὶς,

111 495 161 550 δεῖς
176 496 265 558 ούρανὸν
278 501 343 556 τρίτον
359 495 496 552 ἀναληφθεὶς,
516 494 529 541 ὁ
541 492 632 549 ἀκούσας
647 494 724 556 ἀρρητα
738 494 829 555 ῥύματα,
849 497 897 543 ἐσο-

112 573 215 627 φρονίσθη
232 567 265 614 διά
283 573 319 612 τοῦ
333 565 384 611 κατά
399 565 436 624 τήν
451 565 516 625 σάρκα
529 567 629 619 σκόλοπος
643 567 672 625 μη
686 565 842 626 ύπεραίρεσθοις
863 571 897 614 καὶ

112 638 173 692 αύτός
183 639 195 684 ὁ
206 639 311 698 προφήτης
322 635 334 682 ὁ
344 637 417 690 είποίν,
439 635 566 690 Ἐπίστευσα,
588 636 620 681 διό
631 637 724 693 ἐλάλησα,
736 637 897 693 Ἐταπεινολθηυ,

112 710 173 765 φησί,
195 710 231 765 ούχ
247 707 325 760 ύπλῦς,
346 705 395 751 ἀλλά
413 706 498 764 σφόδρα.
532 705 597 766 ι’Όσῳ
615 705 653 763 γάρ
671 706 697 750 ἀν
707 725 737 758 τις
752 708 851 767 ἐγγυτέρῳ
861 712 898 763 τῆς

84 801 88 808 ’
111 778 203 836 γυαίσεως
219 775 269 820 εἶναι
285 780 346 836 δοκῇ,
366 777 456 834 τοσούτῳ
468 780 541 831 μᾶλλον
554 774 628 830 ὀφείλει
642 779 755 833 λογίζεσθαι
765 774 817 833 πρός
827 774 898 820 ἑαυτόν

111 845 142 890 ὅτι
155 845 264 901 ἀνθρωπός
275 846 321 887 ε’στι.
354 846 406 899 Περὶ
417 843 492 888 τούτου
505 842 567 887 ἀκουε
577 847 596 886 τί
606 845 668 900 λέγει,
688 842 739 901 Ἐγοδ
751 845 773 888 δὲ
784 842 831 887 εἶπα
841 846 863 887 έν
872 846 898 904 τῇ

112 912 200 957 ἐκστάσει
210 930 262 966 μου,
279 916 325 961 Πᾶς
337 908 449 967 ἀνθρωπος
458 911 553 965 ψεύστης.
577 910 669 966 Ἔχοντες
682 907 720 955 οῦν
730 912 766 955 τόν
779 912 898 956 διδάσκαλον

111 985 147 1033 τῆς
162 978 269 1033 ἀληθείας,
289 980 358 1033 μηκέτι
373 977 513 1031 ἀνθρωπίνοις
524 978 650 1028 διδασκάλοις
662 978 836 1035 Ξπροςχρνέμεθα,
858 976 898 1021 ἀλλ’

112 1048 234 1097 ἐννοοῦντες.
271 1047 313 1088 Καὶ
333 1044 382 1100 μήτε
401 1045 489 1101 τρόπους
507 1044 693 1103 περιεργαζόμεθα,
721 1045 769 1103 μήτε
786 1044 853 1104 ἕτερόν
873 1063 898 1090 τι.

26 1133 60 1162 νας·
69 1115 185 1173 δίκὭςπερ
200 1114 238 1173 γάρ
247 1112 285 1170 τὴν
298 1116 390 1172 γέννησιν
402 1119 439 1157 τοῦ
450 1116 497 1157 υἱοῦ
507 1112 545 1158 οῦκ
554 1116 608 1158 ἔστιν
619 1117 692 1169 εἰπεῖν,
712 1115 761 1160 οῦδὲ
773 1114 809 1160 τὸν
822 1114 899 1172 τρόπον

112 1191 149 1243 τῆς
159 1184 270 1244 γεννήσεως
278 1190 315 1230 τοῦ
324 1182 400 1242 πατρός
408 1185 461 1229 ἔστιν
471 1183 624 1242 ἀποφήνασθαι.
653 1183 711 1230 Ἀλλά
721 1185 791 1244 ἀρκεῖν
802 1184 899 1245 δὴγεῑσθε

113 1257 165 1314 πρὸς
176 1259 304 1300 διδασκαλίαν
314 1260 379 1308 τοῦτο,
393 1254 425 1300 ὅτι
435 1253 501 1298 πάντα
511 1253 535 1299 δι’
547 1255 611 1298 αὐτοῦ
621 1257 704 1312 ἐγένετο,
718 1258 753 1300 καὶ
763 1258 825 1313 χωρίς
836 1255 900 1301 αύτοῦ

113 1327 189 1383 ἐγένετο
199 1325 247 1369 οῦδὲ
259 1326 285 1369 έν.
316 1323 365 1384 Δῴη
376 1325 398 1368 δὲ
409 1323 480 1380 κύριος
494 1323 545 1368 κατά
557 1323 593 1368 τόν
604 1323 695 1383 Ἀβραάμ
707 1330 835 1381 φρονοῦντας
846 1323 900 1381 ἡμᾶς

113 1394 149 1438 τόν
159 1396 252 1452 λέγοντο,
268 1398 315 1437 Νῦν
325 1392 418 1449 ἠρξάμην
431 1399 497 1437 λαλεῖν
509 1398 537 1452 τῷ
549 1396 613 1453 κυρίῳ
626 1411 676 1448 μου,
697 1392 736 1450 ἒγυδ
748 1395 771 1437 δέ
780 1395 819 1448 εἰμι
829 1399 855 1451 γη
865 1395 900 1437 καί

114 1463 200 1514 σποδός,
222 1461 295 1518 καὶμὴ
308 1460 480 1518 ύπεραιρομένους
493 1461 732 1518 κατδτάςκέδρουςτοῦ
744 1460 848 1517 Λιβάνου,
869 1461 900 1506 λίτι

114 1531 141 1586 μὴ
153 1533 174 1573 ἐν
187 1533 289 1580 διδακτοῖς
300 1529 432 1584 ἀνθρωπίνης
442 1532 516 1582 σοφίας
525 1528 604 1585 λόγοις,
619 1528 660 1572 ἀλλ’
671 1532 693 1573 ἐν
702 1532 804 1579 διδακτοῖς
816 1532 900 1581 πίστεως

113 1597 128 1652 ’ὁ
140 1597 205 1652 ὁμαλὴ
215 1600 250 1640 καὶ
261 1597 351 1652 είρηνικη
363 1601 501 1652 κατορθοῦται
512 1600 585 1650 σοφία,
606 1596 655 1651 μήτε
666 1600 771 1653 διαπορεῖν
781 1595 845 1651 ἡμᾶς,
861 1594 900 1639 ἀλλ’

115 1664 185 1708 ὁτιοῦν
201 1670 307 1713 ποιοῦντες
324 1663 486 1719 εύαρεστήσωμεν
501 1668 530 1721 τῷ
544 1668 588 1721 θεῷ
602 1665 719 1720 καίπατρλ,
740 1665 775 1706 καὶ
787 1663 827 1718 μετ’
837 1664 901 1707 αύτοῦ

115 1734 150 1776 καὶ
159 1732 197 1776 σύν
208 1732 263 1791 αύτῷ
274 1733 320 1791 4τῷ
331 1733 377 1790 υίηῖ,
393 1733 414 1776 έν
421 1729 472 1791 ἀγίτμ
481 1729 580 1786 πνεύματι
590 1729 604 1786 ἡ
616 1729 676 1783 δόξα,
690 1730 713 1775 τό
723 1731 806 1788 κράτος,
821 1729 835 1787 ἡ
846 1730 900 1787 τιμὴ,

116 1802 151 1846 καί
159 1799 173 1859 ὁ
181 1800 266 1858 δύναμις
280 1804 318 1845 νῦν
332 1801 366 1844 καί
381 1797 413 1845 ἀεὶ
427 1800 462 1844 καὶ
476 1801 504 1852 είς
519 1797 567 1852 τούς
581 1801 656 1852 αίτῦυας
670 1804 710 1845 τῶν
726 1799 818 1857 αίτόναν,
832 1798 901 1859 Ἀμήν.

236 1884 404 1922 ΠΕΠΔΗῬΩΤΑΙ
416 1884 435 1921 Η
446 1883 495 1920 ΤΟΥ
506 1884 636 1921 ΜΕΔΕΤΙΟΥ
648 1884 780 1921 ΟΜΟΔΟῙῚΑ.

23 2229 107 2275 Κεφηδῇ
166 2214 238 2267 Ἔδοξε
259 2215 280 2257 δέ
301 2214 379 2264 τούτοις
396 2215 510 2270 μετενέγκαι
529 2213 592 2257 αύτὸν
608 2212 649 2258 άπὸ
665 2220 701 2270 τῆς
718 2219 820 2270 Ποντικῆς
835 2215 902 2272 χαίροις

115 2281 163 2331 τούς
174 2287 256 2332 πλείους
266 2288 306 2324 τῶν
316 2280 433 2336 Ἀρειαυῶν,
449 2281 487 2323 ούκ
499 2282 532 2324 ε’πί
544 2286 618 2337 χαράς,
633 2280 681 2324 ούδὲ
693 2284 722 2331 είς
733 2281 800 2324 αύττῦν
810 2282 902 2325 ἀνάπαυ·

116 2362 158 2399 σιν,
174 2347 213 2390 ἀλλ’
222 2351 250 2398 εἰς
261 2347 375 2401 ἕπάχθειαν.
401 2348 510 2390 Ἐντεῦθεν
520 2354 598 2391 κινοῦσι
608 2347 644 2391 τόν
655 2350 743 2402 βασιλέα,
758 2351 793 2392 καί
804 2348 901 2393 συσκευά-

116 2420 181 2469 ζονται
194 2415 229 2461 τόν
242 2414 316 2474 ἀνδρα,
337 2414 365 2466 τίς
380 2414 414 2460 διαί
427 2415 449 2460 τό
462 2414 490 2472 μη
502 2414 650 2474 αλμολογηκέναι
663 2419 735 2473 κτίσμα
748 2418 822 2462 τέλειον
832 2416 901 2474 αὐτόν,

116 2487 150 2530 καί
169 2487 245 2540 ίξεοῦσι
257 2491 294 2544 τῆς
310 2483 372 2531 αύτοῦ
382 2488 491 2546 καθέδρας.
521 2488 562 2532 Καὶ
577 2486 656 2546 νύκτωρ
669 2488 803 2546 φυγαδεύεται
815 2487 829 2534 δ
841 2487 901 2548 ἀνὴρ,

117 2559 155 2609 ἕως
166 2562 205 2602 τῶν
215 2557 292 2615 χρόνον
302 2556 388 2602 τούτων·
403 2557 426 2610 ὁς
436 2559 471 2602 καί
481 2560 539 2616 δεῦρο
549 2556 634 2616 ύπάρχει
647 2559 669 2603 ἐν
680 2564 704 2619 τῇ
715 2562 757 2620 ἰδίη
767 2562 857 2618 πατρίδι,
872 2564 900 2604 τί·

117 2646 163 2684 μιος
173 2626 225 2684 ἀνὴρ
235 2629 270 2671 καί
280 2626 410 2683 ε’πιπόθητος,
426 2627 510 2683 μάλιστα
521 2626 547 2671 δι’
558 2623 586 2671 οἷν
596 2629 642 2671 νυνί
653 2630 780 2684 ε’νηχούμεθα
791 2636 901 2686 κατωρθω-

116 2698 179 2749 κέναι,
195 2697 230 2740 καὶ
241 2694 276 2751 ἀφ’
285 2691 314 2740 νῦν
321 2698 365 2740 νυνί
376 2699 397 2740 οἱ
406 2695 441 2740 ὁπ’
453 2695 517 2740 αὐτόν
526 2698 547 2740 ἒν
556 2696 666 2756 Ἀντιοχείᾳ
676 2696 818 2756 ὁμολογοῦσιν,
833 2698 901 2743 ούκέτι

117 2765 168 2816 ὅλως
174 2764 220 2810 οῦτε
228 2768 251 2810 ἒν
259 2768 380 2825 παραδρομῇ
387 2767 509 2821 μεμνημένοι
517 2768 622 2820 κτίσματος
629 2766 736 2822 ύυόματος,
745 2765 785 2809 ἀλλ’
792 2764 901 2821 όμοούσιον

117 2833 262 2892 ὁμολογοῦντες
272 2835 358 2889 πατέρα,
374 2836 408 2877 καί
418 2833 474 2886 νίὸν,
495 2835 530 2877 καὶ
540 2832 599 2890 ἀγιον
609 2840 697 2890 πνεῦμα,
712 2841 765 2892 τρεῖς
775 2833 900 2888 ύποστάσεις,

140 2973 273 3005 (1ιν.ΧΧΧΠΙ.
283 2990 305 2997 -—
317 2971 333 3005 1.
345 2967 498 3015 ὁοα--ίγγυτίρα
519 2973 574 3012 μείλια.

118 3017 157 3061 (sic)
170 3019 204 3050 cod.
218 3019 282 3058 λῐλεσίς.
542 3015 558 3050 3.
570 3019 615 3051 Libri
626 3019 683 3051 λοῦται
694 3014 783 3061 τῖγεῖοδακ

140 3063 157 3098 2.
168 3061 284 3109 πραχρώμεξοα
299 3064 324 3097 εδ.
336 3064 391 3100 Ρτλαν,
403 3064 456 3101 σολοκ.
471 3071 496 3098 τε·
542 3058 558 3097 4,
571 3064 622 3098 Verba
632 3064 657 3112 τῷ
669 3063 701 3110 υἱῷ
712 3073 744 3098 ναι
753 3067 844 3107 comparent
853 3066 871 3098 in
879 3063 904 3098 lis
