1988 3392
326 264 402 300 INDEX
413 267 499 302 RERUM.
764 258 804 299 753

42 349 60 382 in
70 344 157 390 scripturis
170 355 205 378 nou
221 344 326 389 reperiatur,
343 351 399 379 tamen
423 346 492 380 Daridis
499 346 548 379 sedes
555 346 601 390 regia
608 345 674 379 sublata
682 356 704 378 ex
714 355 748 389 quo
758 343 806 376 Chri-

43 403 64 440 ad
80 413 147 437 sensum
163 400 256 446 scripturae
272 401 401 446 intelligendum
446 411 481 437 stus
494 403 586 438 bethleemi
597 410 623 436 est
634 410 683 436 natus
695 405 736 436 118.

44 458 156 498 necessarium
169 461 208 494 798.
425 460 493 495 Davidis
503 460 552 496 sedes
562 460 610 507 regia
621 473 652 507 per
664 460 726 495 Christi
735 470 807 506 regnum

23 523 73 558 Cures
91 518 137 565 apud
155 517 277 553 Alexandrinos
296 517 349 552 cultus
361 520 400 552 444.
431 542 432 545 ¹
447 518 480 553 tuit
491 520 509 554 in
520 520 609 555 ecclesiam
620 519 702 554 translata
713 522 752 554 118.

44 577 140 623 (addend.)
425 577 494 612 Davidis
504 579 632 614 tabernaculum
639 590 727 624 resurgere
737 578 779 625 quid
784 578 808 612 sit

23 638 99 677 Corium,
111 635 264 670 Alexandrinorum
272 635 354 681 templum
362 638 402 668 444.
448 639 487 670 559.

45 693 141 741 (addend.)
426 693 519 728 Decimatio
524 695 564 741 quid
571 695 680 729 adumbraret
685 694 807 740 apudlutlaeos

25 755 87 798 Corpus
104 750 195 786 homiuisa
206 750 240 784 deo
253 751 275 784 ad
290 761 358 784 omnem
368 750 403 783 bo·
450 754 477 785 20.

45 815 128 844 nestatem
138 819 175 841 esse
185 814 269 849 creatum,
280 807 315 841 imo
326 814 343 841 et
356 818 403 840 usum
426 809 459 843 Dei
470 821 534 843 summa
544 809 636 844 liberalitas
647 810 665 844 in
679 821 729 843 omne
740 816 807 843 ereatu-

46 867 71 902 rei
91 877 173 900 venereae
190 864 212 899 ad
229 864 258 899 dei
273 866 323 899 decus
343 864 404 899 referri
449 878 505 900 rarum
515 879 567 911 genus
580 869 619 900 959.

47 928 86 960 2⁸9.
427 923 487 957 ludeo
497 923 540 957 nihil
547 931 573 957 est
581 924 627 968 prius
638 925 666 958 vel
673 924 758 969 posterius
768 926 808 956 965.

26 984 88 1025 Corpus
109 971 171 1013 Christi
188 990 218 1022 per
236 989 305 1023 grantun
324 977 405 1015 frumeuti
428 980 482 1012 Deum
497 992 508 1013 a
524 980 637 1025 potestatibus
653 993 673 1013 ac
687 981 809 1026 priucipatibus

47 1036 164 1073 adumbratum
178 1037 216 1068 597.
229 1054 252 1061 -
274 1035 320 1067 idem
336 1034 405 1067 omuino
450 1036 513 1069 rictum
529 1048 564 1070 nou
581 1037 633 1070 fuisse
650 1037 733 1082 probatur
750 1044 810 1071 contra

48 1094 80 1128 fuit
91 1098 131 1136 post
142 1091 292 1131 resurrectionem,
311 1090 357 1135 quod
369 1096 406 1123 erat
452 1093 560 1125 Manichacus
572 1096 611 1125 stt.

48 1150 88 1184 dum
99 1149 164 1181 viveret
176 1149 215 1180 598.
272 1145 274 1153 ”
430 1148 466 1180 Deo
477 1148 537 1181 melius
547 1155 574 1181 est
584 1148 638 1189 nihil,
650 1161 670 1182 uc
680 1148 753 1192 proinde
764 1148 811 1192 qnod

28 1207 90 1251 Corpus
96 1203 159 1238 Christi
167 1215 201 1237 uon
209 1202 243 1236 fuit
251 1202 368 1247 imaginarium
375 1200 406 1235 sed
452 1202 506 1237 simile
522 1208 552 1237 est'
561 1204 587 1237 illi
598 1204 673 1238 omnium
687 1212 713 1238 est
728 1206 811 1249 optimum

48 1273 108 1297 verum
117 1263 168 1294 1003,
179 1280 201 1286 -
218 1266 277 1293 contra
288 1258 407 1292 Manichaeum
453 1262 491 1293 952.
504 1280 526 1287 -υ
547 1261 565 1294 in
576 1261 609 1294 deo
621 1273 659 1295 esse
669 1261 769 1296 affectiones
777 1261 812 1295 im-

49 1320 90 1354 ibid.
453 1318 500 1364 pium
516 1326 542 1352 est
558 1318 616 1352 dicere
628 1321 667 1352 953.
679 1338 702 1344 —
729 1319 770 1353 deus
786 1326 813 1353 est

29 1379 92 1424 Corpus
104 1376 169 1412 animae
181 1374 266 1410 vinculum
278 1387 312 1410 nou
325 1385 361 1408 esse
374 1373 407 1408 de-
453 1376 559 1423 omnipotens
568 1376 638 1411 ibid-
649 1377 733 1423 passionis
743 1385 770 1412 est
780 1389 811 1412 es·

50 1442 153 1472 monstratur
164 1426 203 1470 588.
263 1426 266 1430 ⁸
453 1447 492 1482 pers
504 1435 522 1469 in
533 1435 630 1481 generando
643 1438 681 1470 954.

30 1496 93 1542 Corpus
110 1494 196 1541 depositio
208 1493 261 1527 instar
277 1492 325 1538 agri,
345 1499 363 1526 et
379 1502 409 1525 cur
432 1496 487 1528 Deum
496 1506 531 1528 uon
541 1494 595 1528 videri
605 1507 615 1528 a
625 1507 716 1541 quoquam,
728 1495 813 1529 Christum

51 1554 75 1588 ita
87 1556 126 1586 602.
454 1559 512 1586 tamen
522 1564 553 1597 per
565 1563 633 1586 carnem
644 1552 751 1587 divinitatem
762 1552 814 1586 t'uisse

31 1612 93 1657 Corpus
104 1609 176 1645 animale
189 1616 207 1643 et
217 1608 304 1654 spiritale,
323 1605 410 1653 quomodo
455 1611 545 1656 probatam
558 1613 597 1645 613.
605 1630 626 1636 -
639 1610 725 1655 quomodo
738 1610 814 1645 Christus

52 1669 74 1702 sit
84 1668 212 1713 intelligendum
224 1669 263 1700 592.
455 1668 473 1700 iu
484 1675 534 1713 patre
545 1680 580 1701 uon
591 1667 623 1709 sit,
636 1668 683 1702 utin
694 1668 747 1701 corde
756 1668 815 1702 homi-

32 1726 85 1760 Creati
103 1733 121 1759 et
140 1724 194 1770 geniti
213 1722 309 1757 differentia
326 1722 376 1767 plane
392 1728 410 1753 et
456 1724 482 1757 nis
494 1725 564 1758 verbum
575 1724 618 1759 ibid,

53 1789 111 1827 aperte
123 1782 208 1827 explicata
220 1783 258 1813 986.
433 1781 509 1814 Deorum
520 1781 620 1826 genealogia
632 1793 653 1814 ex
664 1781 742 1815 Hesiodo
754 1781 783 1827 qui
796 1793 817 1815 ex

33 1839 121 1873 creaturae
138 1850 197 1873 omnes
214 1838 300 1871 subiectae
320 1842 359 1869 sunt
377 1835 411 1868 deo
458 1838 505 1871 Chao
515 1838 615 1882 prodierunt
627 1840 695 1872 1611-
707 1838 749 1871 item
760 1845 777 1871 et
787 1837 817 1872 atii

54 1902 113 1930 contra
125 1896 183 1929 Arium
195 1897 234 1927 741.
422 1903 424 1939 Ι
458 1894 487 1938 qui
498 1894 577 1927 dicuntur
588 1894 609 1928 ab
621 1905 642 1927 eo
654 1895 724 1928 conficti
735 1884 775 1927 18¹1.

33 1951 90 1985 Cretes
98 1952 188 1986 mendaces
196 1951 238 1984 dicti
246 1950 348 1984 auctoritate
359 1947 412 1981 Calli·
436 1953 510 1984 Deorum
523 1950 615 1984 Gentilium
627 1951 701 1992 Saturni,
713 1952 770 1992 loris,
784 1958 817 1984 etc.

54 2008 109 2042 machi
125 2016 144 2041 et
160 2007 274 2052 Epimenidis‚
293 2007 322 2050 qui
335 2018 345 2039 a
360 2004 412 2039 Paulo
458 2007 506 2051 origo
523 2010 539 2039 8.

55 2065 127 2098 citantur
139 2067 178 2098 362.
436 2065 481 2097 Deus
498 2062 584 2107 quomodo
601 2075 611 2095 a
628 2062 717 2108 prophetis
732 2063 755 2096 sit
772 2064 818 2098 visus

35 2120 99 2163 Cronia,
113 2122 234 2168 Aegyptiorum
244 2121 306 2154 festum
315 2122 356 2153 444.
366 2118 413 2161 (sd-
459 2123 498 2153 817.
508 2116 511 2123 '

57 2177 118 2221 deud.)
437 2172 481 2211 Deus
497 2176 582 2222 quomodo
594 2175 658 2221 rideri,
676 2188 696 2211 ac
712 2188 747 2211 nou
764 2177 818 2212 videri

32 2226 78 2270 ⁴Crtur
89 2236 197 2271 maledictum
208 2235 256 2282 legis,
269 2242 286 2270 et
299 2247 328 2270 cur
338 2234 363 2269 ita
374 2235 413 2268 too.
459 2247 510 2283 posse
522 2234 587 2269 dicatur
599 2237 638 2269 818.

36 2292 93 2329 Crucis
102 2295 169 2342 signum
179 2301 258 2342 quantam
267 2294 301 2329 vim
309 2293 371 2328 habeat
381 2292 414 2327 ad-
437 2294 469 2329 Dei
479 2295 559 2329 immensa
571 2300 597 2327 est
610 2293 698 2340 potentia,
710 2301 728 2328 et
738 2294 774 2328 eius
785 2306 818 2329 vu-

57 2364 114 2387 uersus
125 2353 209 2388 maleficas
221 2360 271 2395 artes,
284 2359 302 2387 et
314 2352 414 2399 praestigias
459 2353 521 2388 luntati
529 2364 579 2386 nemo
590 2359 649 2398 potest
659 2352 737 2387 resistere
747 2352 789 2387 ibid.
796 2373 819 2380 —

58 2410 158 2446 daemonum
167 2415 207 2446 132.
226 2442 228 2446 ,
425 2371 428 2447 4
459 2409 568 2445 similitudine
579 2410 674 2444 declaratur
691 2410 777 2457 quomodo
791 2411 819 2446 vi·

38 2466 94 2502 Crucis
110 2469 158 2514 siguo
170 2469 288 2504 daemoniacus
300 2475 368 2502 sanatur
384 2480 415 2513 per
461 2468 520 2502 dentur
531 2467 572 2500 deus
584 2470 624 2500 819.

59 2536 112 2571 aquae
122 2527 237 2572 aspersionem
248 2529 287 2560 134.
439 2528 485 2560 Deus
496 2524 582 2570 quomodo
591 2524 651 2569 giguit,
661 2525 703 2559 item
713 2525 820 2571 bomo'quo-

39 2581 85 2627 Cycli
100 2583 163 2617 lunaris
182 2590 234 2629 atque
255 2589 352 2629 epactarum
373 2582 416 2616 ratio
462 2581 514 2617 modo
525 2581 579 2626 gignit
592 2584 629 2614 ⁷50.

63 2641 102 2673 825.
441 2642 486 2674 Deus
502 2646 520 2672 et
530 2639 601 2672 materia
617 2639 651 2672 duo
667 2639 751 2685 principia
763 2639 821 2673 Mani-

39 2694 103 2740 Cyprus
117 2697 172 2730 insula
185 2697 246 2731 Citium
261 2705 332 2739 vocata,
354 2704 372 2731 et
383 2696 418 2741 Cy·
465 2697 553 2730 chaeorum
564 2702 582 2727 et
593 2706 649 2728 eorum
660 2696 742 2731 refutatio
753 2699 822 2729 630.-

60 2752 134 2795 priorum
151 2753 289 2798 Rhodiorumque
308 2765 369 2787 nomeu
387 2753 418 2786 sub
464 2753 534 2786 dirersis
546 2764 566 2785 ea
577 2752 767 2786 nominibusvocabaut
779 2752 821 2786 ibid.

63 2807 106 2842 Citio
119 2809 215 2844 continetur
226 2813 265 2843 150.
444 2811 488 2843 Deus
505 2808 558 2842 malus
575 2820 612 2842 esse
629 2820 664 2842 non
679 2815 748 2853 potest,
766 2820 822 2855 neque

465 2865 505 2900 mali
517 2872 575 2899 auctor
587 2868 626 2900 631.

217 2914 239 2947 D·
444 2925 488 2957 Deus
499 2923 562 2956 saeculi
578 2923 614 2968 quis
629 2922 695 2956 ditatur
705 2922 724 2956 in
735 2923 823 2968 evangelio

41 2975 134 3014 Daemones
144 2993 175 3027 per
184 2980 256 3016 feminas
267 2992 332 3016 errores
343 2979 420 3015 introdu·
467 2983 505 3014 684.
518 3013 521 3019 7,

64 3041 164 3074 eunt1058.
445 3041 489 3074 Deus
505 3038 547 3073 nihil
562 3038 653 3073 femineum
664 3045 722 3084 potest
733 3039 824 3075 admittere

42 3092 97 3129 David
108 3097 171 3143 primus
181 3110 211 3134 rex
223 3099 283 3134 etribu
289 3099 335 3141 luda,
347 3098 421 3134 serlSaul
468 3105 526 3132 contra
539 3098 646 3132 Manichacus
659 3100 697 3132 658.

64 3153 94 3187 illo
105 3155 152 3200 prior
161 3168 182 3190 ex
193 3158 239 3192 tribu
251 3158 337 3192 Beniamin
349 3160 376 3192 15.
433 3193 434 3203 ἢ

77 3209 137 3250 corpus
145 3213 238 3245 Haereseoh
248 3214 268 3244 11.
277 3216 291 3244 8·
433 3209 435 3213 ¹
659 3218 687 3259 48
