1988 3392
225 226 317 271 raanan
329 236 371 269 nra.
379 237 409 270 nr.
421 237 476 271 ron.
483 238 496 271 1.
508 235 657 270 nauaaxxv.
675 248 677 250 -
788 224 834 267 ’189

48 331 127 368 remus,
150 317 247 359 insuram
261 324 327 358 antem
345 324 364 358 el
379 324 456 373 palrum
471 332 495 359 ae
511 315 669 374 patriarcharum
685 314 834 370 prophetarum,

47 386 194 440 aposlolorum,
215 386 396 440 evangelistarum,
419 392 539 442 martyrum,
562 385 711 433 eorrlessorum,
732 382 835 438 episeopo-

47 468 104 505 rum,
124 455 302 506 siracusinorum,
324 468 348 494 ae
369 460 438 495 noetus
453 454 505 496 illius
520 453 622 505 universi,
645 460 666 493 ul
685 450 785 492 dominum
804 449 836 492 le·

47 535 91 564 sum
103 520 205 565 Clarislum
217 522 313 578 singulari
329 522 412 577 quodam
429 522 504 564 nonore
520 530 665 579 prosequentes
682 519 707 561 ab
722 527 836 561 eelerornm

47 590 148 632 horariarum
161 590 230 633 ordine
243 604 385 646 segregemus,
402 591 528 647 dehilmnqne
540 593 613 634 nullum
625 590 678 632 illius
689 588 788 630 maieslali
802 587 837 629 lri·

47 648 153 713 basinus,¹
164 660 209 701 dum
226 659 273 702 illud
290 676 333 702 υιιιιι
349 661 415 702 ιιιιίιιιο
431 668 500 702 noslro
514 668 641 718 repulamus,
663 674 703 701 non
716 672 763 701 esse
774 657 836 699 dumi·

48 743 94 771 num
105 743 148 772 uum
158 729 204 772 ullis
214 730 329 772 mortalibus
340 730 502 786 adaequandum
519 731 608 788 quannis
619 729 692 786 singuli
701 728 778 771 inlinila
788 741 836 784 qua·

47 798 105 851 dam,
129 808 162 841 an!
179 800 237 841 eliam
256 800 351 856 ampliore
367 799 443 842 iustilia
458 800 541 857 praediti
557 801 604 842 sint.
636 798 689 842 Nam
704 812 755 856 quae
770 803 837 855 polest

47 882 93 910 esse
104 870 239 925 urrinnandin,
256 884 299 910 uum
312 869 345 911 ille
358 870 419 922 deus,
436 870 468 911 laio
480 869 538 911 homo
550 869 589 923 sit,
611 868 644 911 ille
654 869 675 910 in
687 869 755 921 coelo,
772 867 803 909 lriu
815 867 835 908 in

48 945 113 990 lerra,
130 945 210 995 propter
222 938 302 980 relielas
316 938 388 980 ibidem
400 939 490 994 eorporis
501 938 609 993 reliquias,
624 945 728 991 versetur3
744 935 836 994 exeeplis

47 1008 72 1049 iis
89 1007 121 1064 qni
138 1022 148 1047 a
165 1007 248 1049 moriaris
267 1007 349 1048 eneilali
366 1006 386 1048 in
404 1006 508 1048 llralamum
525 1006 583 1048 simul
601 1006 687 1061 ingressi
698 1013 761 1058 sunl,
783 1013 805 1048 ul
816 1006 836 1046 in

47 1071 152 1130 evaugelio
164 1084 269 1118 narralur:
290 1078 354 1117 Multa
365 1090 409 1116 uero
422 1090 504 1130 corpora
513 1084 623 1116 sanctorum
634 1083 796 1126 resurreaemmr,
817 1082 906 1148 etrqqapi

47 1147 165 1186 introierunt
174 1148 194 1186 in
206 1153 292 1186 sunctum
303 1148 405 1185 eim'tutem.
438 1143 468 1186 De
479 1159 562 1200 quanam
574 1159 623 1186 reru
635 1151 705 1185 sanela
716 1145 796 1186 uivilale
807 1144 835 1185 lo·
874 1140 879 1153 '
906 1140 910 1149 '

47 1213 127 1269 quilur?
154 1212 207 1256 Nam
220 1215 243 1255 ad
255 1221 370 1268 alrmnqne.
394 1221 432 1255 lani
450 1221 575 1269 praesentem
593 1213 686 1255 rideliuel
700 1228 758 1269 quarn
771 1213 838 1255 eoele-

47 1288 98 1323 slem
114 1282 166 1323 illam
183 1283 238 1324 loeus
254 1283 292 1324 isle
311 1283 410 1339 pertinere
427 1290 500 1338 polest.
531 1281 558 1323 El
575 1282 653 1338 quidem
669 1289 769 1324 terrenam
786 1283 837 1324 liano

47 1348 157 1392 lerusalem
168 1351 250 1406 primum
262 1351 307 1393 illos
316 1352 419 1405 ingressos
429 1365 475 1393 esse
487 1349 561 1391 alemini
571 1350 651 1391 dubium
662 1358 701 1391 esa.
732 1351 760 1391 Aa
772 1351 837 1405 prius·

49 1433 106 1473 quam
125 1419 215 1459 salvalor
230 1419 249 1459 in
262 1420 338 1460 eoelum
356 1420 486 1470 ascenderet,
507 1419 626 1459 ascenderat
641 1432 711 1469 ne1n03
732 1419 795 1460 donee
809 1419 837 1460 illi

47 1501 92 1527 oum
103 1500 128 1526 eo
140 1486 215 1541 pariter
225 1486 290 1526 es'uuli
302 1493 356 1527 suad.
387 1488 447 1527 Nemo
458 1489 507 1526 enain
518 1489 605 1526 aseendit
613 1489 633 1526 in
646 1487 730 1535 eoelum,
752 1490 792 1527 nisi
802 1489 942 1539 qualemnala.

48 1556 72 1594 de
87 1556 139 1594 coelo
154 1556 252 1593 deseendit
259 1555 319 1606 filans
335 1556 423 1594 dominis.
455 1552 530 1594 Verum
548 1554 597 1595 duas
613 1567 636 1594 ea
652 1554 676 1594 de
693 1567 715 1594 re
727 1554 838 1595 sentenlias

48 1634 85 1663 suo
101 1621 145 1663 loeo
163 1621 310 1676 proposuimus.
341 1620 429 1676 Quodsi
443 1620 487 1677 quis
501 1619 610 1662 lernsalem
628 1620 732 1675 ingressos
747 1636 794 1663 esse
809 1622 839 1663 di-

49 1696 93 1741 ual,
115 1688 168 1730 seire
185 1689 243 1730 duhel
258 1687 292 1730 illa
308 1688 339 1730 die
356 1688 429 1730 clausis
444 1689 509 1730 ianuis
525 1688 565 1730 illie
580 1688 681 1731 adslilisse
694 1689 794 1732 dominum
805 1692 840 1731 ubi
850 1701 902 1749 ipsun.

48 1766 106 1799 erunt
119 1759 211 1811 dr'serpuli
223 1761 349 1810 congregati,
366 1758 475 1813 iisdemque
490 1756 579 1809 dixisse,
595 1760 638 1798 Pan
652 1759 712 1798 undas.
857 1738 912 1772 Μ’

106 1824 146 1869 Sed
157 1827 187 1867 ais
199 1814 279 1868 omissis
291 1840 316 1867 eo
328 1826 379 1867 arnde
390 1826 509 1868 diverleram
521 1826 593 1878 redeo,
610 1841 633 1867 au
646 1827 761 1868 necessario
772 1829 838 1869 lacere
850 1835 942 1881 capvul.

48 1894 95 1937 illrrd
109 1895 215 1937 ecelesiam
227 1895 283 1946 diuo,
305 1909 354 1952 quae
372 1895 464 1938 {radilnrn
479 1895 517 1938 silai
529 1895 587 1937 rilum
597 1895 652 1937 illum
662 1909 673 1937 a
684 1896 793 1939 maioribus
804 1911 838 1938 au-

49 1964 132 2022 ueperil.
163 1963 232 2007 Poaesl
243 1969 291 2007 iero
301 1964 397 2022 quispiam
409 1973 517 2007 malernam
531 1965 667 2019 sanelionem,
684 1973 718 2008 aul
728 1967 792 2022 legem
803 1981 837 2022 pa-

49 2035 86 2076 lris
104 2035 211 2076 euerlere'l
231 2035 393 2091 quomadmodum
409 2049 420 2075 a
436 2032 544 2077 Salomone
562 2034 656 2091 scriplum
673 2044 717 2087 esl,
737 2040 794 2078 Audi
801 2039 840 2091 fili
845 2043 933 2083 Praene

48 2119 144 2146 sermones
159 2107 222 2158 patras
234 2107 273 2154 lai,
295 2112 314 2145 et
323 2119 347 2144 ne
357 2106 439 2158 repellas
450 2107 502 2156 leges
511 2107 578 2145 enutris
590 2112 644 2145 taue:
667 2105 738 2160 quibus
751 2114 835 2161 palrem,

50 2173 88 2216 lroo
103 2180 136 2216 est
150 2174 272 2229 unigenitum
283 2173 353 2225 deam,
376 2187 421 2215 eum
439 2171 510 2230 spiriln
521 2180 591 2215 sanem
602 2174 690 2216 declarat
705 2173 776 2231 parlim
786 2175 837 2217 seri·

41 2250 95 2300 ¹plo,
118 2243 188 2299 parlim
201 2234 245 2285 sine
257 2242 332 2299 seriplu
347 2242 450 2294 docuisse,
472 2250 554 2284 mairem
566 2257 616 2284 vero
629 2249 717 2285 nostram
730 2244 837 2286 ecelesiam

50 2312 130 2354 deurela
142 2312 237 2368 quaedam
252 2312 325 2354 lrabere
343 2326 404 2368 penes
417 2326 439 2353 se
451 2325 502 2368 quae
513 2311 596 2354 dissolvi
609 2311 712 2368 urendique
727 2321 836 2369 nequeunl.

51 2377 110 2435 Qarae
122 2381 199 2435 quidem
216 2396 260 2422 earm
277 2380 297 2422 in
309 2380 394 2422 ecelesia
409 2381 516 2423 uouslilula
532 2389 590 2432 sunl,
612 2382 713 2436 praeclara
726 2382 803 2438 quidem
814 2397 838 2424 ae

51 2449 129 2506 penilus
139 2448 262 2500 admiranda,
273 2463 301 2491 ex
312 2449 349 2490 lane
359 2449 402 2506 ipso
411 2449 474 2504 caprile
485 2456 587 2491 veleralor
595 2448 628 2490 illu
638 2450 771 2492 uurrvinuilnr.
795 2449 837 2494 Sed

51 2532 88 2560 nos
98 2532 122 2560 eo
133 2518 211 2568 reliulo,
225 2517 394 2560 velnlsuarabaeo
405 2519 499 2574 quodam,
512 2525 546 2560 aul
556 2518 679 2570 oanllraride,
690 2520 722 2561 vel
734 2515 835 2576 buprestis,

51 2587 103 2642 quud
116 2592 148 2627 esl
160 2585 231 2628 iuseuli
247 2587 344 2641 quoddam
358 2601 433 2642 genus,
457 2601 480 2628 au
494 2587 557 2628 solido
572 2586 671 2629 eeclesiae
688 2588 780 2644 dogmale
796 2589 838 2631 dei-

51 2669 89 2711 que
104 2654 178 2697 virlale
193 2655 296 2696 eonlraero
311 2655 335 2696 ad
347 2654 475 2711 insequentes
490 2655 584 2697 haereses
599 2670 644 2698 uum
657 2657 726 2699 eodem
738 2657 769 2699 dei
779 2671 837 2714 prae-

52 2723 103 2766 sidio
118 2731 250 2766 transeamus.

53 2863 138 2896 abeodem
146 2861 432 2904 munusedrudrocoloreadpielo,
453 2862 487 2907 τῆς
496 2861 534 2907 γῆς.
559 2859 640 2908 diosas}
653 2860 739 2909 ἀναλήψει
755 2864 837 2908 monsfal-

53 2904 81 2942 ὅτι
89 2907 105 2943 οἱ
114 2904 218 2946 ἀναστάντες
227 2906 255 2943 ἐπὶ
263 2907 296 2950 τῆς
306 2907 382 2950 Χριστοῦ
392 2905 432 2943 ἀνα·
456 2909 485 2944 fior
494 2908 520 2954 τῷ
534 2906 590 2952 ἰησιιῖ.

54 2951 134 2991 στάσεως
152 2953 174 2997 'pi'
192 2949 261 2996 η’μέρας
277 2950 390 2996 πεποιήκασιν
407 2951 436 2987 ἐπὶ
