1988 3392
163 218 205 261 434
451 226 658 262 ειαοτισειειιιαιι

166 305 232 349 πόκου
249 307 270 349 έν
286 310 360 366 σοφία,
381 305 406 349 δι’
423 305 495 363 ἀρετῆς
511 307 575 350 αὐτοῦ
592 308 669 361 ἔνδυμα
686 304 809 362 ἀφθαρσίας.
837 307 893 352 Ἀλλολ
911 312 945 354 καλ

167 376 234 431 ἕτερον
249 375 385 431 περὶτούτων
400 378 525 418 διανοεῖσθαί
541 378 581 419 ἔστι
597 373 726 430 θαυμαστόν,
746 378 791 431 περί
807 392 827 418 τε
841 382 876 431 τῆς
888 377 945 429 Είίας

163 445 198 486 καὶ
209 445 248 498 τῆς
256 447 344 499 Μαρίας,
373 441 400 484 Ἡ
409 444 444 497 μὲν
457 442 494 500 γολρ
507 443 554 486 Εέία
564 444 666 499 πρόφασις
677 444 790 499 γεγέννηται
800 445 892 487 θανάτου
904 453 945 496 τοῖς

164 508 291 566 ιίνθρώποις·
307 509 333 552 δι’
344 509 405 564 αὐτῆς
417 509 455 566 γαρ
466 509 578 564 εἷςῆλθενό
590 511 680 559 θιλνατος
692 512 720 558 είς
731 508 767 552 τόν
777 509 860 563 κόσμον.
888 509 914 552 Ἡ
924 514 945 554 δὲ

164 580 238 635 Μαρία
253 577 354 634 πρόφασις
365 581 427 632 ζωῆς,
448 576 473 620 δι’
485 572 509 632 ἧς
520 576 619 634 ἐγεννήθη
631 574 680 632 ήμῖν
690 575 736 631 ζωή,
766 578 808 620 Καὶ
820 574 945 622 διᾶτοῦτοό

164 645 209 697 υἱός
227 651 280 690 5τοῦ
295 651 347 690 θεοῦ
360 646 477 705 παρεγίνετο
490 647 518 697 εἰς
533 645 568 690 τόν
582 644 670 701 κόσμον,
690 646 725 690 καὶ
737 640 768 689 Οὗ
787 645 945 705 ῦέπλεόνασενή

164 714 260 776 όμαρτία,
280 716 568 778 ότιερεπερίσσενσευήχοίρις·
590 718 625 762 καὶ
640 716 691 762 ὅθεν
707 718 774 776 γέγονε
785 716 885 773 θάνατος,
906 721 947 765 ἐκεῖ

163 790 273 844 προέλαβεν
285 788 299 844 ή
310 788 360 844 ζωή,
381 791 415 832 λ’να
428 787 468 845 ζωή
484 788 529 831 ἄντί
544 788 636 832 θανᾶτου
653 789 755 845 γέννηται,
779 790 893 832 εἰιιιλείσασα
911 789 945 834 τόν

163 856 254 902 θοίνατον
269 857 305 902 τόν
318 860 340 901 ἐκ
352 856 459 914 γυναικός,
479 857 539 901 πόλιν
549 855 561 901 ό
571 856 606 901 θιολ
614 856 710 915 γυναικός
724 855 771 912 ήμῖν
783 856 822 912 ζωή
832 860 944 914 γεγεννημέ-

163 943 204 975 νος.
235 928 277 968 Καὶ
292 926 360 980 ἐπειδή
378 928 420 968 ἐκεῖ
434 927 469 979 μέν
482 928 511 969 ἔτι
527 923 579 969 οὖσα
592 927 696 981 παρθένος
706 923 720 979 ἡ
732 924 779 967 Εὕα
793 927 814 969 ἒν
825 926 945 983 παρεκβαίσει

162 1000 268 1049 παρακοῆς
284 996 362 1050 γέγονε,
383 995 442 1036 πόλιν
453 993 488 1036 διαί
498 999 534 1047 τῆς
544 996 650 1048 παρθένου
660 995 740 1048 γέγονεν
750 991 764 1045 ή
775 992 855 1047 ὑπακοή
866 998 901 1046 τῆς
911 995 944 1047 χοί-

163 1078 217 1116 ριτος
223 1095 229 1112 ,
245 1061 418 1117 εὖαγγελισθείσης
428 1066 463 1113 τῆς
474 1059 508 1102 ἀπ’
521 1059 610 1116 οὐρανοῦ
617 1059 710 1102 καθόδου
721 1059 818 1114 ἒνσιίριιου
828 1064 944 1116 παρουσίας,

73 1129 156 1168 naz-1⁰5¹·
166 1129 201 1171 καὶ
211 1133 262 1184 ζωῆς
275 1132 363 1172 αἰωνίου.
390 1128 447 1171 Ἐκεῖ
455 1127 505 1186 γολρ,
520 1129 571 1183 φησὶ
583 1126 635 1186 πρός
644 1126 679 1171 τόν
692 1126 751 1181 όφιν,
767 1130 809 1171 Καὶ
821 1129 896 1185 ἔχθραν
907 1129 945 1184 θή·

164 1212 192 1243 σω
203 1198 304 1256 ιλναμέσον
315 1214 362 1253 σου,
378 1199 411 1243 καλ
423 1194 522 1255 οἷναμέσον
533 1196 606 1255 αὐτῆς,
627 1199 662 1243 καὶ
673 1197 773 1255 ιλναμέσον
784 1202 821 1245 τοῦ
833 1197 945 1257 σπέρματός

164 1284 212 1325 σου,
234 1271 267 1314 καλ
280 1269 379 1325 οἶναμέσον
390 1275 426 1314 τοῦ
435 1271 546 1328 σπέρματος
557 1269 625 1326 αὐτῆς.
658 1267 756 1325 Οὐδαμοῦ
770 1270 792 1313 δὲ
802 1271 880 1327 σπέρμα
895 1268 946 1329 εὑρί-

163 1355 229 1383 σκεται
241 1340 346 1395 γυναικός·
367 1339 405 1381 αλλ’
419 1338 494 1393 ήκατιλ
510 1338 532 1383 τό
542 1341 624 1395 αίνιγμα
640 1340 674 1382 έπὶ
685 1344 721 1393 τῆς
733 1338 790 1390 Εὔας
800 1338 921 1394 λαμβάνεται
932 1337 946 1394 ή

163 1409 227 1465 ἔχθρα
244 1407 296 1465 πρός
312 1407 336 1450 τιλ
354 1405 388 1450 ὕπ’
407 1407 470 1462 αὐτῆς
486 1407 608 1464 γεννώμενα,
627 1412 664 1449 τοῦ
678 1424 697 1449 τε
711 1406 777 1461 όφεως
793 1409 906 1455 καλτουέν
918 1412 946 1466 τῷ

164 1473 212 1527 όφει
228 1478 336 1531 γενομένου
352 1475 447 1529 διαβόλου
462 1477 496 1518 καὶ
512 1475 602 1527 φθόνου,

70 1612 117 1659 Κεφ·
129 1610 157 1648 ιδ’.
223 1607 271 1651 Ἀλλ’
282 1605 319 1652 οὗν
329 1626 351 1667 γε
361 1608 411 1652 κατιλ
420 1607 442 1652 τό
454 1607 574 1651 τελειότατον
584 1606 610 1651 οὔ
622 1607 706 1651 δόναται
716 1609 738 1651 ἒν
749 1605 800 1668 αὐτῇ
811 1606 833 1651 τό
844 1613 885 1651 πᾶν
896 1613 943 1664 πλη-

164 1682 269 1736 ρωθῆναι,
284 1680 438 1736 πληρωθήσεται
451 1678 473 1722 δέ
486 1675 514 1729 οἷς
525 1675 607 1733 ιῖληθοῖς
620 1678 641 1720 ἕν
650 1682 678 1739 τῷ
689 1678 786 1735 σπέρματι
797 1681 824 1738 τῷ
835 1675 896 1739 ιλγίῳ,
917 1681 945 1739 τῷ

164 1751 268 1810 ἐξαιρέτῳ,
288 1756 315 1811 τῷ
328 1749 447 1810 μονωτότρι,
467 1754 494 1809 τῷ
506 1747 547 1794 όττό
560 1751 645 1806 Μαρίας
656 1748 717 1805 μόνον
729 1746 841 1806 εὑρεθέντι,
861 1750 895 1794 καλ
907 1748 945 1794 οόιι

164 1819 204 1863 όπό
223 1824 316 1878 συζυγίας
332 1822 412 1877 ολνόρίς.
446 1815 510 1869 Οὗτος
520 1819 557 1877 γαρ
569 1815 632 1874 ήλθευ
647 1818 722 1863 όνελεῖν
735 1818 771 1873 τήν
781 1837 802 1862 τε
811 1818 896 1875 δύναμιν
909 1824 945 1864 τοῦ

163 1888 274 1946 ὄρόκοντος
288 1892 324 1933 καλ
336 1895 417 1933 σκολιοῦ
433 1887 499 1942 όφεως
515 1888 636 1944 φεύγοντος,
656 1889 691 1931 καὶ
701 1886 737 1942 τήν
748 1893 814 1931 πᾶσαν
825 1890 945 1944 οἰκουμένην

163 1959 302 2011 κατειληφέναι
316 1960 414 2014 λέγοντος.
444 1956 484 1999 Διιλ
494 1962 553 1999 τοῦτο
566 1958 683 2012 παρεγένετο
696 1958 719 1998 ἐκ
733 1955 828 2012 γυναικός
839 1955 852 1999 ό
864 1973 944 2012 μονογε-

162 2023 209 2077 νής,
225 2027 253 2073 είς
264 2024 364 2079 οίναίρεσιν
374 2025 409 2077 μὲν
418 2029 454 2065 τοῦ
467 2023 545 2075 όφεως,
560 2025 648 2065 τουτέστι
660 2027 696 2076 τῆς
707 2026 896 2074 κακοδιδασκαλίας,
911 2024 945 2065 καὶ

163 2097 257 2147 φθορᾶς,
277 2091 412 2144 καὶαποίτης,
432 2089 509 2143 πλάνης
520 2107 541 2132 τε
550 2091 585 2132 καλ
596 2088 685 2143 ιῖνομίας.
718 2086 784 2140 Οὗτός
796 2092 848 2133 ἐστιν
863 2088 945 2144 οἷληθῶς

164 2157 249 2219 ἆνοίγων
266 2159 343 2217 μήτραν
358 2159 437 2217 μητρός.
469 2157 547 2210 Πάντες
558 2157 595 2217 γὰρ
609 2158 653 2202 ὅσοι
666 2159 802 2217 ἐγεννήθησαν
813 2158 944 2217 πρωτότοκοι,

163 2233 197 2276 λ’να
212 2232 247 2276 καλ
263 2230 380 2289 σεμνότερον
398 2233 494 2286 ε’ίπαμεν,
514 2227 551 2274 ουίι
563 2228 697 2286 ήδννήθησαν
712 2236 770 2275 τοῦτο
786 2236 886 2289 πληροῦν,
906 2228 945 2275 ἄλλ’

163 2300 178 2357 ή
190 2301 252 2356 μόνος
264 2300 276 2345 ό
288 2300 409 2359 μονογενής,
422 2301 501 2358 μήτραν
512 2301 617 2358 παρθένου
629 2299 714 2353 νλνυίξας.
742 2300 776 2345 Ἐν
786 2301 850 2361 τούτῳ
861 2300 899 2359 γολρ
910 2301 945 2357 μό-

165 2388 194 2428 νφ
206 2374 333 2423 τετελείωται,
349 2373 383 2413 καὶ
396 2372 417 2413 ἐν
429 2368 479 2429 ίίλλφ
489 2370 563 2413 οὐθενί.
591 2369 648 2413 Ἀλλιλ
661 2371 695 2412 καὶ
707 2368 740 2413 ἄπ’
750 2366 859 2426 αότήςτής
868 2368 944 2415 ὑποθέ-

166 2452 215 2488 σεως
226 2441 278 2482 ἔστιν
289 2442 343 2482 ιἰλεῖν.
372 2438 421 2482 Ἀπό
432 2442 516 2494 Μαρίας
527 2438 565 2493 γιλρ
576 2437 697 2493 λαμβάνεται
709 2437 723 2493 ή
733 2440 793 2492 λέξις,
808 2441 842 2482 καὶ
853 2441 899 2495 περὶ
909 2444 945 2494 τής

165 2508 269 2560 ἐκκλησίας
283 2509 336 2549 έσται
349 2525 382 2561 μοι
393 2512 451 2549 τοῦτο
463 2507 535 2561 λέγειν,
552 2505 635 2548 Ἕνεκεν
650 2506 724 2548 τοότυυ
734 2509 849 2558 καταλείψει
864 2506 944 2563 ἅνθρω-

164 2589 203 2621 πος
214 2572 249 2614 τόν
260 2575 337 2629 πατέρα
349 2573 424 2625 αὐτοῦ,
440 2571 522 2625 καλιήν
534 2573 609 2627 μητέρα
619 2571 692 2623 αὐτοῦ,
707 2574 742 2615 καὶ
750 2573 944 2627 προςκολληθήσεται

164 2644 189 2699 τῇ
203 2642 283 2697 γυναικὶ
298 2640 372 2694 αὐτοῦ,
392 2642 426 2684 καί
442 2641 521 2683 έσονται
537 2640 559 2683 οἷ
570 2638 607 2683 ὅόο
619 2642 647 2691 είς
660 2640 725 2697 σαρκο
738 2643 791 2697 μίαν.
819 2638 841 2684 ‘O
853 2640 944 2700 δέόγιος

165 2708 277 2764 όιπόστολός
293 2728 353 2769 φησι,
377 2710 403 2757 Τό
421 2710 529 2769 μυστήριον
544 2715 603 2757 τοῦτο
619 2712 669 2771 μέγα
687 2713 747 2757 ἐστίν·
768 2709 806 2770 έγιό
820 2711 901 2771 δὲλέγω
916 2714 944 2765 είς

166 2781 254 2840 Χριστόν
265 2786 298 2827 καὶ
309 2783 346 2839 τήν
358 2785 469 2839 ἐκκλησίαν.
499 2784 539 2826 Καὶ
551 2781 589 2839 όρα
600 2800 634 2838 μοι
644 2782 681 2839 τήν
690 2787 730 2827 τῶν
740 2787 823 2840 γραφῶν
832 2784 943 2841 ἀκρίβειαν,

165 2851 196 2895 ότι
211 2853 245 2896 ἐπὶ
261 2853 296 2906 μέν
310 2858 338 2912 τῷ
348 2851 410 2907 Ἀδολμ
421 2850 521 2894 ’Ἐπλασεν
535 2852 607 2908 λέγων,
626 2853 660 2895 ἐπὶ
677 2852 698 2895 δέ
708 2856 734 2911 τῇ
743 2850 791 2910 Είίρι
806 2852 874 2897 οὐκέτι
887 2857 942 2896 ΙΠε-

164 2920 338 2977 πλόσθαιλέγαν,
359 2919 400 2963 ἀλλ’
416 2922 579 2973 Οίκοόομεῖσθαι.
602 2920 676 2975 ’Έλαβε
688 2919 737 2977 γολρ,
759 2923 821 2974 φησὶ,
841 2924 888 2975 μίαν
903 2925 944 2964 τῶν

187 3003 203 3035 5.
219 3004 249 3037 τοῦ
265 3006 317 3036 omiss.
333 3005 351 3035 ιἰι
366 3004 403 3035 edit.
419 3004 474 3035 Ριλον.
491 3002 544 3034 Coton.
591 3002 630 3034 Gn.
641 3001 692 3034 XIX.
703 3020 726 3025 —
750 3001 765 3033 1.
783 3002 881 3037 πεπλᾶυδαι
897 3002 943 3036 coda.

163 3051 211 3086 repet.
565 3056 598 3079 mss
615 3050 629 3078 et
641 3048 665 3079 αί.
676 3048 726 3087 princ,
731 3070 737 3087 ,
747 3056 777 3086 pro
788 3056 835 3079 more.

187 3090 204 3125 6.
216 3089 308 3126 πλεόνατεν
319 3093 355 3125 edit.
368 3093 422 3125 Ριιου.
