1988 3392
249 242 343 276 Pattttttt
353 242 395 277 Uli.
407 244 436 277 tn.
447 244 502 278 Tem.
514 244 528 276 t.
540 242 607 276 HAER.
618 241 701 275 LXXVI.
822 232 863 274 271

81 329 173 366 creatura
189 321 306 378 opificioque
323 323 464 378 praestantior.
495 321 542 364 Non
558 329 664 379 propterea
676 321 730 379 quod
741 320 865 376 productisa

81 405 104 432 se
114 390 205 432 omnibns
216 390 329 440 antecellit,
346 404 386 431 non
399 391 468 431 eadem
482 390 520 431 ista
533 391 649 431 moliturae
662 396 762 445 procreat.
793 388 866 444 Neque

81 458 134 500 euim
148 470 198 511 quae
209 457 262 497 illius
274 464 304 498 est
316 456 407 507 bonitas,
424 457 498 498 invidia
510 458 609 512 tangitur,
633 456 791 511 quandoquidem
803 457 865 510 ipsam

81 525 101 566 in
112 537 135 566 se
147 523 255 566 bonitatem
271 524 421 582 complectitur,
446 539 497 580 quae
513 539 546 565 res
562 540 600 567 arna
613 524 686 566 ceteris
702 530 791 580 praestat
803 522 866 565 omrai·

80 594 126 637 bus.
156 592 229 649 Neque
245 591 426 650 perturbationibus
438 593 537 635 obnoxius
549 601 592 645 est,
615 594 670 635 velut
685 593 785 645 inuidiae,
807 592 866 633 livori

82 672 122 708 ete.
153 660 221 720 Quare
233 677 372 721 quaecumque.
381 665 459 706 dernnm
471 664 573 718 existunt,
591 679 602 707 e
614 664 675 708 nihilo
691 665 782 722 periccit.
812 661 866 705 Nam

81 748 132 792 quae
147 734 171 776 ab
188 734 232 792 ipso
249 735 328 776 condita
345 743 403 788 sunt,
430 749 519 792 quaeque
535 735 684 793 incomparabili
701 735 745 778 eius
762 733 866 776 diuinitate

82 805 141 861 longe
152 803 247 846 inl'eriora
261 811 319 857 sunt,
343 819 382 845 non
395 805 492 847 adversus
508 805 570 860 ipsrnu
588 805 700 861 excogitata
716 806 809 855 luerunt,
830 804 866 847 sed

20 911 21 915 ,
82 874 105 916 ad
121 872 165 915 eins
181 873 276 915 honorem
293 888 317 915 ao
328 873 424 928 gloriam,
446 881 468 915 nt
482 875 607 929 magnificam
624 881 645 914 et
657 873 745 915 invidiae
762 880 865 929 expertem

81 941 134 984 illins
150 942 273 983 divinitatem
292 942 389 983 indicent.
428 940 485 996 Quae
505 943 582 996 quidem
600 943 685 998 ipsamet
704 948 734 982 est
750 942 828 983 bonitas
846 949 865 983 et

82 1011 205 1060 substantia,
229 1024 278 1065 qnae
289 1025 333 1050 cuin
345 1009 370 1051 iis
382 1009 441 1050 rebus
457 1024 505 1064 quas
518 1023 529 1050 e
542 1010 603 1051 nihilo
614 1009 692 1050 crearit
707 1022 743 1063 sua
757 1009 865 1050 commuui-

82 1085 128 1127 cat,
145 1078 264 1131 easdemque
276 1084 296 1119 et
308 1090 353 1118 esse
365 1077 407 1117 vult
419 1084 440 1117 et
450 1090 608 1131 unamquamque
620 1090 655 1131 pro
668 1083 749 1117 naturae
760 1090 808 1117 suae
819 1090 867 1117 cou-

45 1157 47 1159 ’
82 1144 157 1185 ditione
171 1158 251 1185 suorum
263 1143 405 1185 beneficiorum
419 1157 464 1184 esse
474 1144 596 1199 participem.
627 1142 685 1185 Unde
697 1150 718 1183 et
728 1143 826 1184 sideribus
838 1144 867 1184 lu-

82 1225 125 1252 cem
136 1210 248 1268 impertitus
260 1219 303 1262 est,
321 1218 341 1253 et
351 1211 407 1253 coelo
418 1210 558 1268 descriptionis
568 1211 682 1267 ordinisque
694 1209 866 1267 pulchritudinem,

83 1288 103 1323 et
115 1291 193 1333 terrae,
214 1282 342 1338 ceterisque,
363 1295 398 1338 pro
411 1295 435 1322 eo
447 1295 471 1323 ae
483 1282 545 1322 voluit
557 1288 632 1338 partem
645 1281 730 1336 aliquam
746 1280 826 1322 virtutis
837 1287 867 1322 at—

83 1351 165 1405 tribuit,
186 1358 206 1394 et
217 1352 293 1408 angelis
305 1366 328 1394 ae
339 1351 421 1409 reliquis
432 1352 507 1395 sanctis
522 1351 621 1395 uncialibus
637 1350 805 1394 immortalitatem
819 1367 867 1395 con-

83 1423 158 1475 cessit,
174 1429 194 1464 et
209 1422 308 1464 bominem
325 1422 410 1479 deinque
420 1421 513 1477 imaginis
524 1422 632 1478 dignitate,
654 1423 707 1474 rita,
727 1422 822 1475 seientia,
843 1437 867 1464 ac

83 1492 167 1535 rationis
184 1491 264 1548 proprio
282 1505 365 1534 munere
382 1492 471 1534 donavit.
504 1489 563 1546 Quod
580 1493 658 1547 quidem
675 1492 738 1548 ipsum
757 1506 796 1533 non
814 1492 867 1534 illius

83 1563 104 1604 in
118 1562 161 1604 sola
174 1561 277 1603 voluntate
288 1561 373 1615 positum
387 1561 432 1612 luit,
449 1561 505 1616 quasi
516 1561 639 1611 coarctando,
660 1567 681 1602 et
690 1559 710 1601 in
722 1561 807 1602 futurum
820 1561 868 1602 deli·

83 1630 183 1681 berando,
204 1636 225 1671 ut
235 1628 262 1670 ita
276 1630 354 1680 dicam,
376 1630 426 1683 apud
438 1643 460 1670 se
473 1636 580 1681 tractaret,
601 1629 636 1670 sed
652 1643 687 1685 pro
698 1629 794 1684 ipsamet,
816 1644 867 1685 quae

72 1691 103 1740 ¹in
114 1698 148 1739 illo
158 1704 200 1748 est,
216 1697 305 1738 bonitate
317 1697 413 1753 perleeit;
429 1697 486 1738 errius
498 1697 535 1738 boe
547 1697 647 1752 proprium
659 1703 702 1747 est,
723 1703 746 1737 ut
756 1710 868 1752 congruen-

83 1773 115 1807 ter
127 1766 164 1806 sibi
178 1764 291 1816 contineat,
312 1765 384 1812 efficiat
394 1779 418 1805 ac
429 1765 510 1805 molitur
520 1764 594 1805 omnia.
626 1762 797 1817 Quemadmodum
808 1765 869 1818 igitur

83 1833 134 1887 quod
148 1833 221 1873 dictum
234 1839 277 1882 est,
295 1832 343 1873 nibil
356 1832 458 1885 indignum
470 1840 504 1872 aut
515 1832 611 1872 indecens
623 1831 706 1870 bonitati
718 1832 761 1872 eius
772 1832 866 1886 aspersit,

83 1901 118 1941 sed
129 1899 212 1955 gloriam
223 1912 247 1940 ao
259 1913 303 1940 curn
315 1899 463 1955 praedicatione
473 1898 598 1940 coniunctam
608 1897 705 1953 largitatis
718 1911 767 1940 snae
777 1899 868 1940 notitiam

83 1968 173 2025 peperit,
189 1968 221 2009 nbi
234 1968 258 2009 ad
272 1981 342 2009 eorum
353 1982 402 2023 quos
413 1967 501 2009 condidit
513 1968 648 2021 cognitionem
662 1981 783 2023 sensnrnqne
796 1982 868 2024 perre-

83 2038 124 2092 nit‚
145 2037 173 2081 ita
184 2045 204 2079 et
215 2052 290 2080 summa
306 2037 327 2079 in
337 2051 362 2080 eo
373 2036 482 2079 divinitatis
494 2036 556 2095 gloria
570 2045 613 2090 est,
637 2052 676 2080 non
692 2038 726 2080 illa
740 2038 817 2095 quidem
830 2052 867 2082 ex·

83 2109 183 2151 trinsecus
198 2108 273 2150 adscita
289 2109 337 2161 (nec
350 2107 402 2149 enim
420 2106 507 2149 divinum
526 2121 598 2149 numen
611 2108 747 2150 aecessionem
762 2108 820 2150 ullam
835 2123 867 2151 re-

83 2178 155 2235 quirit,
177 2177 248 2234 quippe
264 2192 308 2219 curn
324 2178 408 2234 ipsamet
425 2176 488 2232 gloria
503 2176 542 2228 sit,
567 2177 631 2218 virtus
646 2177 701 2233 ipsa,
724 2176 866 2220 admirabilitas

83 2245 139 2303 ipsa,
159 2246 203 2302 ipsa
221 2245 362 2302 praedicatio),
386 2245 423 2287 boc
440 2246 519 2300 inquam
530 2245 550 2286 in
562 2245 614 2287 illins
630 2244 713 2301 gloriam
730 2246 794 2297 cedit,
815 2247 867 2302 quod

83 2322 141 2371 pater
152 2314 196 2370 ipse
206 2321 290 2368 generet
302 2328 314 2355 a
324 2313 380 2355 nullo
388 2314 480 2369 genitus,
497 2319 554 2354 ulex
565 2314 648 2368 perenni
662 2317 715 2355 lonte
726 2315 821 2370 perennis
834 2328 869 2356 ae-

84 2396 122 2437 que
134 2383 180 2423 tons
191 2389 282 2433 emanet,
299 2395 343 2423 eum
353 2382 397 2437 ipso
409 2388 429 2422 et
441 2395 467 2422 ex
478 2381 535 2436 ipso,
552 2395 563 2422 e
577 2382 643 2433 l'onte,
659 2383 751 2436 inquam,
768 2384 813 2423 fons
824 2383 869 2425 exi·

84 2458 152 2500 stens,
172 2450 221 2490 deus
232 2462 259 2489 ex
271 2450 322 2500 deo,
343 2448 410 2490 lumen
421 2449 445 2490 de
460 2448 546 2499 lumine,
568 2448 656 2502 quisine
667 2450 708 2491 ullo
720 2449 777 2490 initio
789 2463 869 2507 semper

85 2517 135 2568 luit,
156 2531 197 2558 non
207 2515 309 2557 subiectus
320 2515 417 2569 tempori,
439 2516 489 2557 adeo
501 2522 521 2556 ut
534 2523 554 2556 et
564 2522 640 2570 patrem
653 2517 704 2557 lilius
714 2516 736 2558 in
748 2531 770 2558 se
781 2531 830 2559 vere
842 2519 868 2558 sit

84 2584 214 2640 complexus,
231 2590 251 2623 et
262 2590 319 2639 pater
332 2584 402 2636 tilium,
416 2585 448 2639 qni
460 2597 497 2624 nec
509 2583 542 2624 illo
553 2583 646 2638 indignus
658 2590 701 2635 est,
718 2598 755 2626 nec
765 2586 868 2643 incompa-

27 2648 32 2670 ²
85 2652 143 2696 rabili
157 2652 200 2695 eius
217 2651 349 2694 excellentiae
361 2652 465 2708 quiequam
476 2652 568 2695 detrabit.
600 2649 703 2708 Siquidem
715 2667 754 2696 non
770 2669 868 2712 corporea

86 2723 182 2781 quaedam
196 2721 298 2765 distractio
308 2721 372 2764 locum
384 2722 424 2765 illie
438 2722 508 2776 babet,
531 2723 565 2765 sed
577 2722 658 2765 verbum
672 2723 795 2779 subsistens,
819 2727 868 2770 deus

86 2799 164 2851 epatre
181 2793 303 2849 procedens,
325 2791 406 2849 spiritns
422 2793 526 2849 aspiritu,
549 2794 597 2834 deus
611 2806 638 2834 ex
651 2794 699 2846 deo,
723 2797 868 2853 onnresspllo-

86 2862 195 2918 gismorum
206 2862 295 2917 argutias
305 2860 425 2912 excludens,
442 2876 465 2903 ac
476 2862 565 2904 bdelibns
577 2860 637 2903 vitam
649 2862 770 2915 concilians,
786 2865 867 2907 univer·

86 2930 154 2985 sisque
169 2945 219 2986 quos
231 2937 287 2987 pater
299 2943 334 2985 per
346 2929 409 2985 ipsum
421 2936 441 2971 et
453 2929 532 2987 abipso
547 2930 651 2987 produxit,
673 2931 710 2973 lide
721 2931 824 2983 nimirum,
847 2940 868 2975 et

87 2997 201 3054 cognitione
212 2997 318 3052 praeditis,
335 2998 367 3054 qui
378 2997 409 3039 dei
421 2998 460 3040 vim
471 3012 495 3039 ae
506 2998 633 3053 sapientiam,
656 3013 706 3053 quae
718 2999 867 3054 inquisitionem

86 3090 135 3130 uutpo
145 3088 202 3122 tutent
213 3086 274 3123 elida.
511 3087 527 3124 7.
540 3087 621 3124 euaserant
636 3088 682 3122 eona.
694 3098 731 3123 mss.
742 3092 757 3122 et
768 3090 806 3124 edit.
815 3091 867 3131 pone.
