<?xml version="1.0" encoding="UTF-8"?>
<!DOCTYPE html PUBLIC "-//W3C//DTD XHTML 1.0 Transitional//EN"
    "http://www.w3.org/TR/xhtml1/DTD/xhtml1-transitional.dtd">
<html xmlns="http://www.w3.org/1999/xhtml" xml:lang="en" lang="en">
 <head>
  <title>
</title>
<meta http-equiv="Content-Type" content="text/html;charset=utf-8" />
  <meta name='ocr-system' content='tesseract 3.04.00' />
  <meta name='ocr-capabilities' content='ocr_page ocr_carea ocr_par ocr_line ocrx_word'/>
</head>
<body>
  <div class='ocr_page' id='page_1' title='image "./MN41650ucmf_1/MN41650ucmf_1_0149.png"; bbox 0 0 1988 3392; ppageno 0'>
   <div class='ocr_carea' id='block_1_1' title="bbox 237 219 855 271">
    <p class='ocr_par' dir='ltr' id='par_1_1' title="bbox 237 219 855 271">
     <span class='ocr_line' id='line_1_1' title="bbox 237 219 855 271; baseline -0.003 -9"><span class='ocrx_word' id='word_1_1' title='bbox 237 228 331 271; x_wconf 73' lang='lat' dir='ltr'>rinnau</span> <span class='ocrx_word' id='word_1_2' title='bbox 342 229 385 263; x_wconf 88' lang='lat' dir='ltr'>LlB.</span> <span class='ocrx_word' id='word_1_3' title='bbox 395 230 425 263; x_wconf 88' lang='lat' dir='ltr'>lll.</span> <span class='ocrx_word' id='word_1_4' title='bbox 438 229 494 264; x_wconf 80' lang='lat' dir='ltr'>Toni.</span> <span class='ocrx_word' id='word_1_5' title='bbox 502 230 515 263; x_wconf 93' lang='lat' dir='ltr'>l.</span> <span class='ocrx_word' id='word_1_6' title='bbox 527 229 596 263; x_wconf 48' lang='lat' dir='ltr'>flaua,</span> <span class='ocrx_word' id='word_1_7' title='bbox 603 228 686 262; x_wconf 88' lang='lat' dir='ltr'>LXXlll.</span> <span class='ocrx_word' id='word_1_8' title='bbox 813 219 855 261; x_wconf 80' lang='grc'>127</span> 
     </span>
    </p>
   </div>
   <div class='ocr_carea' id='block_1_2' title="bbox 63 307 957 3049">
    <p class='ocr_par' dir='ltr' id='par_1_2' title="bbox 69 307 855 365">
     <span class='ocr_line' id='line_1_2' title="bbox 69 307 855 365; baseline 0.003 -17"><span class='ocrx_word' id='word_1_9' title='bbox 69 315 186 362; x_wconf 77' lang='lat' dir='ltr'>contempta,</span> <span class='ocrx_word' id='word_1_10' title='bbox 202 317 222 350; x_wconf 90' lang='lat' dir='ltr'>et</span> <span class='ocrx_word' id='word_1_11' title='bbox 235 324 331 350; x_wconf 78' lang='lat' dir='ltr'><em>sermones</em></span> <span class='ocrx_word' id='word_1_12' title='bbox 345 313 386 351; x_wconf 86' lang='lat' dir='ltr'>eins</span> <span class='ocrx_word' id='word_1_13' title='bbox 400 326 438 352; x_wconf 90' lang='lat' dir='ltr'>noa</span> <span class='ocrx_word' id='word_1_14' title='bbox 452 313 565 352; x_wconf 81' lang='lat' dir='ltr'>audiantur.</span> <span class='ocrx_word' id='word_1_15' title='bbox 597 307 639 351; x_wconf 93' lang='lat' dir='ltr'>lam</span> <span class='ocrx_word' id='word_1_16' title='bbox 655 323 706 351; x_wconf 90' lang='lat' dir='ltr'>vero</span> <span class='ocrx_word' id='word_1_17' title='bbox 721 322 764 350; x_wconf 90' lang='lat' dir='ltr'>cum</span> <span class='ocrx_word' id='word_1_18' title='bbox 783 321 855 365; x_wconf 85' lang='lat' dir='ltr'>corpus</span> 
     </span>
    </p>

    <p class='ocr_par' dir='ltr' id='par_1_3' title="bbox 68 376 855 437">
     <span class='ocr_line' id='line_1_3' title="bbox 68 376 855 437; baseline 0 -19"><span class='ocrx_word' id='word_1_19' title='bbox 68 376 133 433; x_wconf 88' lang='lat' dir='ltr'>ipsum</span> <span class='ocrx_word' id='word_1_20' title='bbox 145 392 184 419; x_wconf 92' lang='lat' dir='ltr'>uon</span> <span class='ocrx_word' id='word_1_21' title='bbox 200 392 260 420; x_wconf 92' lang='lat' dir='ltr'>unum</span> <span class='ocrx_word' id='word_1_22' title='bbox 275 378 302 420; x_wconf 90' lang='lat' dir='ltr'>sit</span> <span class='ocrx_word' id='word_1_23' title='bbox 317 378 439 432; x_wconf 81' lang='lat' dir='ltr'>membrum,</span> <span class='ocrx_word' id='word_1_24' title='bbox 456 381 491 421; x_wconf 88' lang='lat' dir='ltr'>sed</span> <span class='ocrx_word' id='word_1_25' title='bbox 506 378 637 437; x_wconf 79' lang='lat' dir='ltr'>expluribus</span> <span class='ocrx_word' id='word_1_26' title='bbox 653 385 781 429; x_wconf 82' lang='lat' dir='ltr'>contextum,</span> <span class='ocrx_word' id='word_1_27' title='bbox 804 390 855 433; x_wconf 88' lang='lat' dir='ltr'>quae</span> 
     </span>
    </p>

    <p class='ocr_par' dir='ltr' id='par_1_4' title="bbox 68 445 853 503">
     <span class='ocr_line' id='line_1_4' title="bbox 68 445 853 503; baseline 0 -16"><span class='ocrx_word' id='word_1_28' title='bbox 68 445 134 487; x_wconf 80' lang='lat' dir='ltr'>omunia</span> <span class='ocrx_word' id='word_1_29' title='bbox 148 445 172 488; x_wconf 91' lang='lat' dir='ltr'>de</span> <span class='ocrx_word' id='word_1_30' title='bbox 184 460 206 489; x_wconf 86' lang='lat' dir='ltr'>se</span> <span class='ocrx_word' id='word_1_31' title='bbox 218 453 287 489; x_wconf 85' lang='lat' dir='ltr'>mutuo</span> <span class='ocrx_word' id='word_1_32' title='bbox 298 447 383 489; x_wconf 89' lang='lat' dir='ltr'>sollicita</span> <span class='ocrx_word' id='word_1_33' title='bbox 398 455 455 500; x_wconf 88' lang='lat' dir='ltr'>sunt,</span> <span class='ocrx_word' id='word_1_34' title='bbox 472 462 497 490; x_wconf 92' lang='lat' dir='ltr'>ne</span> <span class='ocrx_word' id='word_1_35' title='bbox 507 449 567 491; x_wconf 93' lang='lat' dir='ltr'>ullum</span> <span class='ocrx_word' id='word_1_36' title='bbox 578 448 604 490; x_wconf 87' lang='lat' dir='ltr'>sit</span> <span class='ocrx_word' id='word_1_37' title='bbox 615 447 636 489; x_wconf 91' lang='lat' dir='ltr'>in</span> <span class='ocrx_word' id='word_1_38' title='bbox 647 460 732 503; x_wconf 88' lang='lat' dir='ltr'>corpore</span> <span class='ocrx_word' id='word_1_39' title='bbox 742 445 853 498; x_wconf 85' lang='lat' dir='ltr'>dissidium,</span> 
     </span>
    </p>

    <p class='ocr_par' dir='ltr' id='par_1_5' title="bbox 68 515 855 573">
     <span class='ocr_line' id='line_1_5' title="bbox 68 515 855 573; baseline 0.001 -18"><span class='ocrx_word' id='word_1_40' title='bbox 68 527 133 569; x_wconf 89' lang='lat' dir='ltr'>neque</span> <span class='ocrx_word' id='word_1_41' title='bbox 145 522 205 572; x_wconf 85' lang='lat' dir='ltr'>caput</span> <span class='ocrx_word' id='word_1_42' title='bbox 216 515 299 572; x_wconf 88' lang='lat' dir='ltr'>pedibus</span> <span class='ocrx_word' id='word_1_43' title='bbox 310 515 376 558; x_wconf 81' lang='lat' dir='ltr'>dicere</span> <span class='ocrx_word' id='word_1_44' title='bbox 389 523 465 573; x_wconf 88' lang='lat' dir='ltr'>potest,</span> <span class='ocrx_word' id='word_1_45' title='bbox 487 516 536 559; x_wconf 88' lang='lat' dir='ltr'>nihil</span> <span class='ocrx_word' id='word_1_46' title='bbox 549 517 607 560; x_wconf 82' lang='lat' dir='ltr'>vobis</span> <span class='ocrx_word' id='word_1_47' title='bbox 622 530 672 572; x_wconf 89' lang='lat' dir='ltr'>opus</span> <span class='ocrx_word' id='word_1_48' title='bbox 688 515 764 567; x_wconf 88' lang='lat' dir='ltr'>habeo,</span> <span class='ocrx_word' id='word_1_49' title='bbox 784 529 855 557; x_wconf 87' lang='lat' dir='ltr'>verum</span> 
     </span>
    </p>

    <p class='ocr_par' dir='ltr' id='par_1_6' title="bbox 67 580 932 653">
     <span class='ocr_line' id='line_1_6' title="bbox 67 580 932 653; baseline 0.001 -30"><span class='ocrx_word' id='word_1_50' title='bbox 67 585 120 624; x_wconf 80' lang='lat' dir='ltr'>neas</span> <span class='ocrx_word' id='word_1_51' title='bbox 131 598 201 638; x_wconf 83' lang='lat' dir='ltr'>corpas</span> <span class='ocrx_word' id='word_1_52' title='bbox 212 587 240 625; x_wconf 85' lang='lat' dir='ltr'>ita</span> <span class='ocrx_word' id='word_1_53' title='bbox 252 589 363 639; x_wconf 70' lang='lat' dir='ltr'>temperanti</span> <span class='ocrx_word' id='word_1_54' title='bbox 376 594 398 626; x_wconf 89' lang='lat' dir='ltr'>at</span> <span class='ocrx_word' id='word_1_55' title='bbox 409 589 429 627; x_wconf 85' lang='lat' dir='ltr'>ei</span> <span class='ocrx_word' id='word_1_56' title='bbox 434 589 492 640; x_wconf 88' lang='lat' dir='ltr'>parti</span> <span class='ocrx_word' id='word_1_57' title='bbox 504 601 552 640; x_wconf 86' lang='lat' dir='ltr'>qnae</span> <span class='ocrx_word' id='word_1_58' title='bbox 566 588 651 627; x_wconf 80' lang='lat' dir='ltr'>deterior</span> <span class='ocrx_word' id='word_1_59' title='bbox 665 592 715 626; x_wconf 89' lang='lat' dir='ltr'>esset</span> <span class='ocrx_word' id='word_1_60' title='bbox 727 585 853 625; x_wconf 85' lang='lat' dir='ltr'>abnndantia-</span> <span class='ocrx_word' id='word_1_61' title='bbox 871 580 932 653; x_wconf 53' lang='lat' dir='ltr'>,lffl</span> 
     </span>
    </p>

    <p class='ocr_par' dir='ltr' id='par_1_7' title="bbox 67 653 854 710">
     <span class='ocr_line' id='line_1_7' title="bbox 67 653 854 710; baseline 0.003 -17"><span class='ocrx_word' id='word_1_62' title='bbox 67 666 107 693; x_wconf 87' lang='lat' dir='ltr'>rem</span> <span class='ocrx_word' id='word_1_63' title='bbox 123 654 212 694; x_wconf 87' lang='lat' dir='ltr'>bonorem</span> <span class='ocrx_word' id='word_1_64' title='bbox 230 655 327 696; x_wconf 81' lang='lat' dir='ltr'>tribuerit.</span> <span class='ocrx_word' id='word_1_65' title='bbox 365 653 429 697; x_wconf 91' lang='lat' dir='ltr'>Porro</span> <span class='ocrx_word' id='word_1_66' title='bbox 444 669 488 697; x_wconf 88' lang='lat' dir='ltr'>curn</span> <span class='ocrx_word' id='word_1_67' title='bbox 505 662 567 697; x_wconf 90' lang='lat' dir='ltr'>totum</span> <span class='ocrx_word' id='word_1_68' title='bbox 584 654 648 710; x_wconf 91' lang='lat' dir='ltr'>ipsum</span> <span class='ocrx_word' id='word_1_69' title='bbox 666 668 739 710; x_wconf 88' lang='lat' dir='ltr'>corpus</span> <span class='ocrx_word' id='word_1_70' title='bbox 754 660 854 706; x_wconf 83' lang='lat' dir='ltr'>movetur,</span> 
     </span>
    </p>

    <p class='ocr_par' dir='ltr' id='par_1_8' title="bbox 67 722 856 781">
     <span class='ocr_line' id='line_1_8' title="bbox 67 722 856 781; baseline 0.003 -19"><span class='ocrx_word' id='word_1_71' title='bbox 67 722 203 764; x_wconf 90' lang='lat' dir='ltr'>necessarium</span> <span class='ocrx_word' id='word_1_72' title='bbox 220 736 265 765; x_wconf 88' lang='lat' dir='ltr'>esse</span> <span class='ocrx_word' id='word_1_73' title='bbox 285 724 363 780; x_wconf 92' lang='lat' dir='ltr'>penitus</span> <span class='ocrx_word' id='word_1_74' title='bbox 385 731 407 766; x_wconf 89' lang='lat' dir='ltr'>ut</span> <span class='ocrx_word' id='word_1_75' title='bbox 421 723 512 780; x_wconf 78' lang='lat' dir='ltr'>singulae</span> <span class='ocrx_word' id='word_1_76' title='bbox 531 730 598 781; x_wconf 91' lang='lat' dir='ltr'>partes</span> <span class='ocrx_word' id='word_1_77' title='bbox 614 738 652 765; x_wconf 91' lang='lat' dir='ltr'>una</span> <span class='ocrx_word' id='word_1_78' title='bbox 668 729 799 775; x_wconf 88' lang='lat' dir='ltr'>moveantur,</span> <span class='ocrx_word' id='word_1_79' title='bbox 823 722 856 764; x_wconf 87' lang='lat' dir='ltr'>vel</span> 
     </span>
    </p>

    <p class='ocr_par' dir='ltr' id='par_1_9' title="bbox 67 788 858 916">
     <span class='ocr_line' id='line_1_9' title="bbox 67 788 858 852; baseline 0.009 -21"><span class='ocrx_word' id='word_1_80' title='bbox 67 788 113 832; x_wconf 90' lang='lat' dir='ltr'>iude</span> <span class='ocrx_word' id='word_1_81' title='bbox 128 798 221 833; x_wconf 72' lang='lat' dir='ltr'>constare</span> <span class='ocrx_word' id='word_1_82' title='bbox 236 798 310 848; x_wconf 88' lang='lat' dir='ltr'>potest.</span> <span class='ocrx_word' id='word_1_83' title='bbox 855 844 858 852; x_wconf 21' lang='grc' dir='ltr'><em>γ</em></span> 
     </span>
     <span class='ocr_line' id='line_1_10' title="bbox 124 857 854 916; baseline 0 -15"><span class='ocrx_word' id='word_1_84' title='bbox 124 857 207 915; x_wconf 83' lang='lat' dir='ltr'>Ecquod</span> <span class='ocrx_word' id='word_1_85' title='bbox 222 874 273 902; x_wconf 88' lang='lat' dir='ltr'>vero</span> <span class='ocrx_word' id='word_1_86' title='bbox 291 859 364 902; x_wconf 84' lang='lat' dir='ltr'>dicenti</span> <span class='ocrx_word' id='word_1_87' title='bbox 381 860 427 903; x_wconf 85' lang='lat' dir='ltr'>mihi</span> <span class='ocrx_word' id='word_1_88' title='bbox 442 860 493 916; x_wconf 93' lang='lat' dir='ltr'>apud</span> <span class='ocrx_word' id='word_1_89' title='bbox 509 874 545 903; x_wconf 87' lang='lat' dir='ltr'>vos</span> <span class='ocrx_word' id='word_1_90' title='bbox 561 860 692 903; x_wconf 86' lang='lat' dir='ltr'>adhibendum</span> <span class='ocrx_word' id='word_1_91' title='bbox 708 867 739 902; x_wconf 89' lang='lat' dir='ltr'>est</span> <span class='ocrx_word' id='word_1_92' title='bbox 756 858 854 901; x_wconf 86' lang='lat' dir='ltr'>orationis</span> 
     </span>
    </p>

    <p class='ocr_par' dir='ltr' id='par_1_10' title="bbox 67 926 855 984">
     <span class='ocr_line' id='line_1_11' title="bbox 67 926 855 984; baseline 0.003 -17"><span class='ocrx_word' id='word_1_93' title='bbox 67 926 187 968; x_wconf 77' lang='lat' dir='ltr'>exordium?</span> <span class='ocrx_word' id='word_1_94' title='bbox 216 927 299 970; x_wconf 80' lang='lat' dir='ltr'>Auluoc</span> <span class='ocrx_word' id='word_1_95' title='bbox 314 928 497 984; x_wconf 69' lang='lat' dir='ltr'>perspicuumst,</span> <span class='ocrx_word' id='word_1_96' title='bbox 518 941 661 983; x_wconf 88' lang='lat' dir='ltr'>quemcumque</span> <span class='ocrx_word' id='word_1_97' title='bbox 674 942 799 979; x_wconf 89' lang='lat' dir='ltr'>sermonem,</span> <span class='ocrx_word' id='word_1_98' title='bbox 821 927 855 969; x_wconf 90' lang='lat' dir='ltr'>vel</span> 
     </span>
    </p>

    <p class='ocr_par' dir='ltr' id='par_1_11' title="bbox 67 994 854 1050">
     <span class='ocr_line' id='line_1_12' title="bbox 67 994 854 1050; baseline 0.003 -16"><span class='ocrx_word' id='word_1_99' title='bbox 67 1007 117 1050; x_wconf 90' lang='lat' dir='ltr'>opus</span> <span class='ocrx_word' id='word_1_100' title='bbox 127 995 258 1050; x_wconf 79' lang='lat' dir='ltr'>aggrediare,</span> <span class='ocrx_word' id='word_1_101' title='bbox 280 995 358 1037; x_wconf 90' lang='lat' dir='ltr'>initium</span> <span class='ocrx_word' id='word_1_102' title='bbox 377 1002 395 1038; x_wconf 92' lang='lat' dir='ltr'>et</span> <span class='ocrx_word' id='word_1_103' title='bbox 408 996 484 1037; x_wconf 82' lang='lat' dir='ltr'>exitum</span> <span class='ocrx_word' id='word_1_104' title='bbox 500 995 579 1050; x_wconf 87' lang='lat' dir='ltr'>apacis</span> <span class='ocrx_word' id='word_1_105' title='bbox 594 996 695 1037; x_wconf 90' lang='lat' dir='ltr'>mentione</span> <span class='ocrx_word' id='word_1_106' title='bbox 712 1009 757 1036; x_wconf 89' lang='lat' dir='ltr'>esse</span> <span class='ocrx_word' id='word_1_107' title='bbox 774 994 854 1050; x_wconf 90' lang='lat' dir='ltr'>capien-</span> 
     </span>
    </p>

    <p class='ocr_par' dir='ltr' id='par_1_12' title="bbox 67 1062 854 1118">
     <span class='ocr_line' id='line_1_13' title="bbox 67 1062 854 1118; baseline 0.001 -15"><span class='ocrx_word' id='word_1_108' title='bbox 67 1062 124 1113; x_wconf 87' lang='lat' dir='ltr'>dum,</span> <span class='ocrx_word' id='word_1_109' title='bbox 145 1069 166 1104; x_wconf 89' lang='lat' dir='ltr'>ut</span> <span class='ocrx_word' id='word_1_110' title='bbox 176 1062 201 1104; x_wconf 85' lang='lat' dir='ltr'>ab</span> <span class='ocrx_word' id='word_1_111' title='bbox 213 1076 236 1105; x_wconf 92' lang='lat' dir='ltr'>ea</span> <span class='ocrx_word' id='word_1_112' title='bbox 247 1070 268 1104; x_wconf 89' lang='lat' dir='ltr'>et</span> <span class='ocrx_word' id='word_1_113' title='bbox 278 1062 379 1105; x_wconf 81' lang='lat' dir='ltr'>ordiamur</span> <span class='ocrx_word' id='word_1_114' title='bbox 389 1070 410 1105; x_wconf 88' lang='lat' dir='ltr'>et</span> <span class='ocrx_word' id='word_1_115' title='bbox 419 1062 439 1104; x_wconf 93' lang='lat' dir='ltr'>in</span> <span class='ocrx_word' id='word_1_116' title='bbox 451 1077 495 1104; x_wconf 92' lang='lat' dir='ltr'>eam</span> <span class='ocrx_word' id='word_1_117' title='bbox 511 1063 638 1105; x_wconf 78' lang='lat' dir='ltr'>desinamus?</span> <span class='ocrx_word' id='word_1_118' title='bbox 668 1062 713 1105; x_wconf 89' lang='lat' dir='ltr'>Hoc</span> <span class='ocrx_word' id='word_1_119' title='bbox 725 1062 778 1104; x_wconf 89' lang='lat' dir='ltr'>enim</span> <span class='ocrx_word' id='word_1_120' title='bbox 791 1063 854 1118; x_wconf 88' lang='lat' dir='ltr'>ipsum</span> 
     </span>
    </p>

    <p class='ocr_par' dir='ltr' id='par_1_13' title="bbox 66 1129 854 1187">
     <span class='ocr_line' id='line_1_14' title="bbox 66 1129 854 1187; baseline 0.001 -17"><span class='ocrx_word' id='word_1_121' title='bbox 66 1129 186 1171; x_wconf 87' lang='lat' dir='ltr'>adsalutem</span> <span class='ocrx_word' id='word_1_122' title='bbox 199 1131 322 1186; x_wconf 85' lang='lat' dir='ltr'>prolaturum</span> <span class='ocrx_word' id='word_1_123' title='bbox 334 1132 392 1172; x_wconf 90' lang='lat' dir='ltr'>docet</span> <span class='ocrx_word' id='word_1_124' title='bbox 402 1131 512 1187; x_wconf 86' lang='lat' dir='ltr'>apostolus,</span> <span class='ocrx_word' id='word_1_125' title='bbox 528 1138 641 1172; x_wconf 86' lang='lat' dir='ltr'>vestrarum</span> <span class='ocrx_word' id='word_1_126' title='bbox 652 1130 730 1186; x_wconf 91' lang='lat' dir='ltr'>quidem</span> <span class='ocrx_word' id='word_1_127' title='bbox 742 1130 854 1171; x_wconf 90' lang='lat' dir='ltr'>orationum</span> 
     </span>
    </p>

    <p class='ocr_par' dir='ltr' id='par_1_14' title="bbox 66 1196 855 1254">
     <span class='ocr_line' id='line_1_15' title="bbox 66 1196 855 1254; baseline 0.001 -16"><span class='ocrx_word' id='word_1_128' title='bbox 66 1196 175 1252; x_wconf 79' lang='lat' dir='ltr'>suffragio,</span> <span class='ocrx_word' id='word_1_129' title='bbox 197 1198 414 1254; x_wconf 82' lang='lat' dir='ltr'>comnrunicationeque</span> <span class='ocrx_word' id='word_1_130' title='bbox 430 1197 523 1254; x_wconf 89' lang='lat' dir='ltr'>spiritus,</span> <span class='ocrx_word' id='word_1_131' title='bbox 546 1212 603 1253; x_wconf 91' lang='lat' dir='ltr'>quem</span> <span class='ocrx_word' id='word_1_132' title='bbox 617 1196 711 1240; x_wconf 82' lang='lat' dir='ltr'>Claristns</span> <span class='ocrx_word' id='word_1_133' title='bbox 727 1197 855 1239; x_wconf 89' lang='lat' dir='ltr'>credentibus</span> 
     </span>
    </p>

    <p class='ocr_par' dir='ltr' id='par_1_15' title="bbox 66 1264 859 1323">
     <span class='ocr_line' id='line_1_16' title="bbox 66 1264 859 1323; baseline 0.003 -17"><span class='ocrx_word' id='word_1_134' title='bbox 66 1264 87 1306; x_wconf 93' lang='lat' dir='ltr'>in</span> <span class='ocrx_word' id='word_1_135' title='bbox 97 1278 143 1307; x_wconf 89' lang='lat' dir='ltr'>sese</span> <span class='ocrx_word' id='word_1_136' title='bbox 153 1265 243 1322; x_wconf 81' lang='lat' dir='ltr'>largitur.</span> <span class='ocrx_word' id='word_1_137' title='bbox 269 1267 300 1308; x_wconf 82' lang='lat' dir='ltr'>Aa</span> <span class='ocrx_word' id='word_1_138' title='bbox 310 1266 354 1309; x_wconf 88' lang='lat' dir='ltr'>sive</span> <span class='ocrx_word' id='word_1_139' title='bbox 364 1266 459 1323; x_wconf 83' lang='lat' dir='ltr'>quispiam</span> <span class='ocrx_word' id='word_1_140' title='bbox 469 1265 611 1308; x_wconf 86' lang='lat' dir='ltr'>aedificationis</span> <span class='ocrx_word' id='word_1_141' title='bbox 622 1266 684 1309; x_wconf 88' lang='lat' dir='ltr'>verba</span> <span class='ocrx_word' id='word_1_142' title='bbox 694 1266 795 1322; x_wconf 90' lang='lat' dir='ltr'>loquatur,</span> <span class='ocrx_word' id='word_1_143' title='bbox 811 1266 859 1308; x_wconf 87' lang='lat' dir='ltr'>sive</span> 
     </span>
    </p>

    <p class='ocr_par' dir='ltr' id='par_1_16' title="bbox 66 1334 854 1392">
     <span class='ocr_line' id='line_1_17' title="bbox 66 1334 854 1392; baseline 0.001 -16"><span class='ocrx_word' id='word_1_144' title='bbox 66 1334 222 1387; x_wconf 72' lang='lat' dir='ltr'>adhortationis,</span> <span class='ocrx_word' id='word_1_145' title='bbox 248 1335 291 1377; x_wconf 89' lang='lat' dir='ltr'>sive</span> <span class='ocrx_word' id='word_1_146' title='bbox 315 1335 472 1387; x_wconf 79' lang='lat' dir='ltr'>consolationis,</span> <span class='ocrx_word' id='word_1_147' title='bbox 499 1350 550 1392; x_wconf 89' lang='lat' dir='ltr'>quae</span> <span class='ocrx_word' id='word_1_148' title='bbox 573 1350 584 1377; x_wconf 89' lang='lat' dir='ltr'>a</span> <span class='ocrx_word' id='word_1_149' title='bbox 606 1335 689 1377; x_wconf 90' lang='lat' dir='ltr'>caritate</span> <span class='ocrx_word' id='word_1_150' title='bbox 712 1334 854 1391; x_wconf 86' lang='lat' dir='ltr'>proficiscitur,</span> 
     </span>
    </p>

    <p class='ocr_par' dir='ltr' id='par_1_17' title="bbox 66 1401 854 1462">
     <span class='ocr_line' id='line_1_18' title="bbox 66 1401 854 1462; baseline 0.003 -18"><span class='ocrx_word' id='word_1_151' title='bbox 66 1401 110 1445; x_wconf 87' lang='lat' dir='ltr'>sive</span> <span class='ocrx_word' id='word_1_152' title='bbox 124 1404 268 1447; x_wconf 86' lang='lat' dir='ltr'>communionis</span> <span class='ocrx_word' id='word_1_153' title='bbox 281 1404 373 1462; x_wconf 90' lang='lat' dir='ltr'>spiritus,</span> <span class='ocrx_word' id='word_1_154' title='bbox 390 1403 517 1447; x_wconf 87' lang='lat' dir='ltr'>haecomnia</span> <span class='ocrx_word' id='word_1_155' title='bbox 528 1404 553 1446; x_wconf 88' lang='lat' dir='ltr'>ab</span> <span class='ocrx_word' id='word_1_156' title='bbox 564 1418 587 1447; x_wconf 92' lang='lat' dir='ltr'>ea</span> <span class='ocrx_word' id='word_1_157' title='bbox 598 1418 659 1461; x_wconf 86' lang='lat' dir='ltr'>pace,</span> <span class='ocrx_word' id='word_1_158' title='bbox 681 1418 732 1461; x_wconf 87' lang='lat' dir='ltr'>quae</span> <span class='ocrx_word' id='word_1_159' title='bbox 744 1404 854 1446; x_wconf 87' lang='lat' dir='ltr'>secundum</span> 
     </span>
    </p>

    <p class='ocr_par' dir='ltr' id='par_1_18' title="bbox 66 1472 855 1532">
     <span class='ocr_line' id='line_1_19' title="bbox 66 1472 855 1532; baseline 0.004 -16"><span class='ocrx_word' id='word_1_160' title='bbox 66 1472 124 1517; x_wconf 83' lang='lat' dir='ltr'>deun</span> <span class='ocrx_word' id='word_1_161' title='bbox 137 1481 180 1528; x_wconf 87' lang='lat' dir='ltr'>est,</span> <span class='ocrx_word' id='word_1_162' title='bbox 203 1475 362 1532; x_wconf 83' lang='lat' dir='ltr'>proficiscuntur.</span> <span class='ocrx_word' id='word_1_163' title='bbox 394 1472 518 1531; x_wconf 78' lang='lat' dir='ltr'>Quamquam</span> <span class='ocrx_word' id='word_1_164' title='bbox 536 1488 575 1516; x_wconf 93' lang='lat' dir='ltr'>non</span> <span class='ocrx_word' id='word_1_165' title='bbox 591 1473 703 1532; x_wconf 91' lang='lat' dir='ltr'>promiscue</span> <span class='ocrx_word' id='word_1_166' title='bbox 717 1475 809 1518; x_wconf 89' lang='lat' dir='ltr'>omnibus</span> <span class='ocrx_word' id='word_1_167' title='bbox 820 1476 855 1520; x_wconf 90' lang='lat' dir='ltr'>illa</span> 
     </span>
    </p>

    <p class='ocr_par' dir='ltr' id='par_1_19' title="bbox 65 1543 852 1602">
     <span class='ocr_line' id='line_1_20' title="bbox 65 1543 852 1602; baseline 0.004 -16"><span class='ocrx_word' id='word_1_168' title='bbox 65 1544 163 1601; x_wconf 82' lang='lat' dir='ltr'>suppetit,</span> <span class='ocrx_word' id='word_1_169' title='bbox 185 1545 220 1587; x_wconf 93' lang='lat' dir='ltr'>sed</span> <span class='ocrx_word' id='word_1_170' title='bbox 235 1544 259 1588; x_wconf 88' lang='lat' dir='ltr'>iis</span> <span class='ocrx_word' id='word_1_171' title='bbox 271 1545 368 1587; x_wconf 81' lang='lat' dir='ltr'>duntaxat</span> <span class='ocrx_word' id='word_1_172' title='bbox 379 1544 411 1601; x_wconf 94' lang='lat' dir='ltr'>qui</span> <span class='ocrx_word' id='word_1_173' title='bbox 423 1544 488 1600; x_wconf 81' lang='lat' dir='ltr'>legem</span> <span class='ocrx_word' id='word_1_174' title='bbox 501 1544 596 1601; x_wconf 81' lang='lat' dir='ltr'>diligunt,</span> <span class='ocrx_word' id='word_1_175' title='bbox 618 1551 640 1587; x_wconf 91' lang='lat' dir='ltr'>ut</span> <span class='ocrx_word' id='word_1_176' title='bbox 654 1543 748 1602; x_wconf 87' lang='lat' dir='ltr'>propheta</span> <span class='ocrx_word' id='word_1_177' title='bbox 761 1552 852 1589; x_wconf 88' lang='lat' dir='ltr'>testatur.</span> 
     </span>
    </p>

    <p class='ocr_par' dir='ltr' id='par_1_20' title="bbox 66 1602 854 1672">
     <span class='ocr_line' id='line_1_21' title="bbox 66 1602 854 1672; baseline 0.005 -17"><span class='ocrx_word' id='word_1_178' title='bbox 66 1610 142 1670; x_wconf 82' lang='lat' dir='ltr'>Legem</span> <span class='ocrx_word' id='word_1_179' title='bbox 154 1602 203 1656; x_wconf 80' lang='lat' dir='ltr'>uero</span> <span class='ocrx_word' id='word_1_180' title='bbox 216 1629 256 1656; x_wconf 81' lang='lat' dir='ltr'>raon</span> <span class='ocrx_word' id='word_1_181' title='bbox 269 1628 397 1670; x_wconf 89' lang='lat' dir='ltr'>corpoream,</span> <span class='ocrx_word' id='word_1_182' title='bbox 421 1628 472 1670; x_wconf 92' lang='lat' dir='ltr'>quae</span> <span class='ocrx_word' id='word_1_183' title='bbox 486 1615 596 1656; x_wconf 81' lang='lat' dir='ltr'>futurarum</span> <span class='ocrx_word' id='word_1_184' title='bbox 608 1613 698 1656; x_wconf 83' lang='lat' dir='ltr'>umbram</span> <span class='ocrx_word' id='word_1_185' title='bbox 714 1621 774 1671; x_wconf 91' lang='lat' dir='ltr'>atque</span> <span class='ocrx_word' id='word_1_186' title='bbox 784 1617 854 1672; x_wconf 80' lang='lat' dir='ltr'>imagi-</span> 
     </span>
    </p>

    <p class='ocr_par' dir='ltr' id='par_1_21' title="bbox 66 1683 854 1742">
     <span class='ocr_line' id='line_1_22' title="bbox 66 1683 854 1742; baseline 0.005 -18"><span class='ocrx_word' id='word_1_187' title='bbox 66 1696 112 1725; x_wconf 89' lang='lat' dir='ltr'>nem</span> <span class='ocrx_word' id='word_1_188' title='bbox 123 1683 223 1737; x_wconf 67' lang='lat' dir='ltr'>contusa,</span> <span class='ocrx_word' id='word_1_189' title='bbox 246 1685 281 1725; x_wconf 93' lang='lat' dir='ltr'>sed</span> <span class='ocrx_word' id='word_1_190' title='bbox 293 1683 416 1740; x_wconf 90' lang='lat' dir='ltr'>spiritualem</span> <span class='ocrx_word' id='word_1_191' title='bbox 431 1684 536 1736; x_wconf 84' lang='lat' dir='ltr'>uidelicet,</span> <span class='ocrx_word' id='word_1_192' title='bbox 558 1697 609 1739; x_wconf 91' lang='lat' dir='ltr'>quae</span> <span class='ocrx_word' id='word_1_193' title='bbox 620 1697 688 1725; x_wconf 90' lang='lat' dir='ltr'>eorum</span> <span class='ocrx_word' id='word_1_194' title='bbox 704 1685 791 1727; x_wconf 90' lang='lat' dir='ltr'>omnium</span> <span class='ocrx_word' id='word_1_195' title='bbox 803 1699 854 1742; x_wconf 92' lang='lat' dir='ltr'>qnae</span> 
     </span>
    </p>

    <p class='ocr_par' dir='ltr' id='par_1_22' title="bbox 66 1751 949 1810">
     <span class='ocr_line' id='line_1_23' title="bbox 66 1751 949 1810; baseline 0.003 -17"><span class='ocrx_word' id='word_1_196' title='bbox 66 1751 167 1808; x_wconf 89' lang='lat' dir='ltr'>praedicta</span> <span class='ocrx_word' id='word_1_197' title='bbox 185 1759 231 1794; x_wconf 91' lang='lat' dir='ltr'>sunt</span> <span class='ocrx_word' id='word_1_198' title='bbox 248 1752 325 1795; x_wconf 82' lang='lat' dir='ltr'>exitum</span> <span class='ocrx_word' id='word_1_199' title='bbox 346 1753 450 1795; x_wconf 80' lang='lat' dir='ltr'>nuaaileste</span> <span class='ocrx_word' id='word_1_200' title='bbox 470 1753 601 1795; x_wconf 84' lang='lat' dir='ltr'>demonstrat.</span> <span class='ocrx_word' id='word_1_201' title='bbox 636 1755 679 1793; x_wconf 78' lang='lat' dir='ltr'>Pan</span> <span class='ocrx_word' id='word_1_202' title='bbox 697 1756 756 1803; x_wconf 81' lang='lat' dir='ltr'>earm,</span> <span class='ocrx_word' id='word_1_203' title='bbox 780 1754 949 1810; x_wconf 61' lang='lat' dir='ltr'>inquinamus.</span> 
     </span>
    </p>

    <p class='ocr_par' dir='ltr' id='par_1_23' title="bbox 66 1819 854 1879">
     <span class='ocr_line' id='line_1_24' title="bbox 66 1819 854 1879; baseline 0.004 -17"><span class='ocrx_word' id='word_1_204' title='bbox 66 1822 126 1861; x_wconf 87' lang='lat' dir='ltr'>malta</span> <span class='ocrx_word' id='word_1_205' title='bbox 135 1823 259 1875; x_wconf 78' lang='lat' dir='ltr'>diligentibus</span> <span class='ocrx_word' id='word_1_206' title='bbox 269 1830 299 1871; x_wconf 87' lang='lat' dir='ltr'>te,</span> <span class='ocrx_word' id='word_1_207' title='bbox 316 1829 336 1862; x_wconf 91' lang='lat' dir='ltr'>et</span> <span class='ocrx_word' id='word_1_208' title='bbox 345 1836 383 1862; x_wconf 91' lang='lat' dir='ltr'>non</span> <span class='ocrx_word' id='word_1_209' title='bbox 393 1829 423 1862; x_wconf 89' lang='lat' dir='ltr'>est</span> <span class='ocrx_word' id='word_1_210' title='bbox 434 1824 474 1862; x_wconf 88' lang='lat' dir='ltr'>illis</span> <span class='ocrx_word' id='word_1_211' title='bbox 483 1824 601 1863; x_wconf 88' lang='lat' dir='ltr'>soandolam.</span> <span class='ocrx_word' id='word_1_212' title='bbox 634 1819 667 1863; x_wconf 78' lang='lat' dir='ltr'>Ex</span> <span class='ocrx_word' id='word_1_213' title='bbox 678 1836 716 1877; x_wconf 91' lang='lat' dir='ltr'>quo</span> <span class='ocrx_word' id='word_1_214' title='bbox 728 1836 854 1879; x_wconf 86' lang='lat' dir='ltr'>consequeus</span> 
     </span>
    </p>

    <p class='ocr_par' dir='ltr' id='par_1_24' title="bbox 66 1890 852 1947">
     <span class='ocr_line' id='line_1_25' title="bbox 66 1890 852 1947; baseline 0.003 -16"><span class='ocrx_word' id='word_1_215' title='bbox 66 1897 109 1942; x_wconf 85' lang='lat' dir='ltr'>est,</span> <span class='ocrx_word' id='word_1_216' title='bbox 128 1904 164 1932; x_wconf 91' lang='lat' dir='ltr'>eos</span> <span class='ocrx_word' id='word_1_217' title='bbox 175 1890 230 1947; x_wconf 91' lang='lat' dir='ltr'>ipsos</span> <span class='ocrx_word' id='word_1_218' title='bbox 241 1891 261 1932; x_wconf 94' lang='lat' dir='ltr'>in</span> <span class='ocrx_word' id='word_1_219' title='bbox 273 1890 388 1932; x_wconf 88' lang='lat' dir='ltr'>scandalum</span> <span class='ocrx_word' id='word_1_220' title='bbox 398 1890 502 1933; x_wconf 90' lang='lat' dir='ltr'>incurrere</span> <span class='ocrx_word' id='word_1_221' title='bbox 517 1890 550 1946; x_wconf 95' lang='lat' dir='ltr'>qui</span> <span class='ocrx_word' id='word_1_222' title='bbox 561 1904 629 1947; x_wconf 68' lang='lat' dir='ltr'>[racem</span> <span class='ocrx_word' id='word_1_223' title='bbox 641 1890 687 1932; x_wconf 90' lang='lat' dir='ltr'>adio</span> <span class='ocrx_word' id='word_1_224' title='bbox 697 1899 852 1947; x_wconf 85' lang='lat' dir='ltr'>prosequuntur.</span> 
     </span>
    </p>

    <p class='ocr_par' dir='ltr' id='par_1_25' title="bbox 65 1955 852 2016">
     <span class='ocr_line' id='line_1_26' title="bbox 65 1955 852 2016; baseline 0.004 -17"><span class='ocrx_word' id='word_1_225' title='bbox 65 1955 94 1999; x_wconf 79' lang='lat' dir='ltr'>Ea</span> <span class='ocrx_word' id='word_1_226' title='bbox 104 1972 139 2000; x_wconf 91' lang='lat' dir='ltr'>eos</span> <span class='ocrx_word' id='word_1_227' title='bbox 151 1966 241 2015; x_wconf 88' lang='lat' dir='ltr'>oportet,</span> <span class='ocrx_word' id='word_1_228' title='bbox 265 1960 297 2015; x_wconf 93' lang='lat' dir='ltr'>qui</span> <span class='ocrx_word' id='word_1_229' title='bbox 309 1958 333 2001; x_wconf 90' lang='lat' dir='ltr'>ab</span> <span class='ocrx_word' id='word_1_230' title='bbox 344 1959 375 2000; x_wconf 86' lang='lat' dir='ltr'>his</span> <span class='ocrx_word' id='word_1_231' title='bbox 385 1958 466 2000; x_wconf 85' lang='lat' dir='ltr'>liberari</span> <span class='ocrx_word' id='word_1_232' title='bbox 476 1959 567 2016; x_wconf 86' lang='lat' dir='ltr'>cupiant,</span> <span class='ocrx_word' id='word_1_233' title='bbox 589 1958 672 2000; x_wconf 89' lang='lat' dir='ltr'>caritate</span> <span class='ocrx_word' id='word_1_234' title='bbox 683 1973 732 2015; x_wconf 83' lang='lat' dir='ltr'>erga</span> <span class='ocrx_word' id='word_1_235' title='bbox 742 1959 852 2012; x_wconf 88' lang='lat' dir='ltr'>dominum,</span> 
     </span>
    </p>

    <p class='ocr_par' dir='ltr' id='par_1_26' title="bbox 65 2026 949 2083">
     <span class='ocr_line' id='line_1_27' title="bbox 65 2026 949 2083; baseline -0.001 -16"><span class='ocrx_word' id='word_1_236' title='bbox 65 2026 120 2068; x_wconf 86' lang='lat' dir='ltr'>uelut</span> <span class='ocrx_word' id='word_1_237' title='bbox 131 2034 189 2069; x_wconf 89' lang='lat' dir='ltr'>scuto</span> <span class='ocrx_word' id='word_1_238' title='bbox 202 2027 297 2083; x_wconf 87' lang='lat' dir='ltr'>quadam,</span> <span class='ocrx_word' id='word_1_239' title='bbox 314 2041 360 2069; x_wconf 93' lang='lat' dir='ltr'>sese</span> <span class='ocrx_word' id='word_1_240' title='bbox 372 2033 486 2083; x_wconf 84' lang='lat' dir='ltr'>protegere.</span> <span class='ocrx_word' id='word_1_241' title='bbox 517 2030 554 2067; x_wconf 79' lang='lat' dir='ltr'>Est</span> <span class='ocrx_word' id='word_1_242' title='bbox 562 2030 612 2068; x_wconf 88' lang='lat' dir='ltr'>enim</span> <span class='ocrx_word' id='word_1_243' title='bbox 623 2030 714 2081; x_wconf 78' lang='lat' dir='ltr'>ipseper</span> <span class='ocrx_word' id='word_1_244' title='bbox 724 2036 803 2078; x_wconf 90' lang='lat' dir='ltr'>nostra,</span> <span class='ocrx_word' id='word_1_245' title='bbox 820 2032 856 2083; x_wconf 85' lang='lat' dir='ltr'>qai</span> <span class='ocrx_word' id='word_1_246' title='bbox 861 2037 949 2078; x_wconf 71' lang='lat' dir='ltr'>Equam.</span> 
     </span>
    </p>

    <p class='ocr_par' dir='ltr' id='par_1_27' title="bbox 63 2096 853 2150">
     <span class='ocr_line' id='line_1_28' title="bbox 63 2096 853 2150; baseline 0.003 -14"><span class='ocrx_word' id='word_1_247' title='bbox 63 2096 112 2149; x_wconf 85' lang='lat' dir='ltr'>serit</span> <span class='ocrx_word' id='word_1_248' title='bbox 128 2104 210 2150; x_wconf 82' lang='lat' dir='ltr'>atraque</span> <span class='ocrx_word' id='word_1_249' title='bbox 224 2110 293 2145; x_wconf 79' lang='lat' dir='ltr'>anum,</span> <span class='ocrx_word' id='word_1_250' title='bbox 316 2104 337 2136; x_wconf 87' lang='lat' dir='ltr'>et</span> <span class='ocrx_word' id='word_1_251' title='bbox 347 2098 427 2136; x_wconf 80' lang='lat' dir='ltr'>medriam</span> <span class='ocrx_word' id='word_1_252' title='bbox 439 2099 532 2149; x_wconf 86' lang='lat' dir='ltr'>parietem</span> <span class='ocrx_word' id='word_1_253' title='bbox 546 2098 640 2136; x_wconf 74' lang='lat' dir='ltr'>ricoarae</span> <span class='ocrx_word' id='word_1_254' title='bbox 655 2098 730 2136; x_wconf 87' lang='lat' dir='ltr'>soluens</span> <span class='ocrx_word' id='word_1_255' title='bbox 742 2099 853 2138; x_wconf 75' lang='lat' dir='ltr'>inimicitias</span> 
     </span>
    </p>

    <p class='ocr_par' dir='ltr' id='par_1_28' title="bbox 66 2155 852 2220">
     <span class='ocr_line' id='line_1_29' title="bbox 66 2155 852 2220; baseline 0.001 -15"><span class='ocrx_word' id='word_1_256' title='bbox 66 2166 86 2205; x_wconf 89' lang='lat' dir='ltr'>in</span> <span class='ocrx_word' id='word_1_257' title='bbox 99 2178 167 2213; x_wconf 89' lang='lat' dir='ltr'>earne,</span> <span class='ocrx_word' id='word_1_258' title='bbox 192 2166 234 2217; x_wconf 80' lang='lat' dir='ltr'>tege</span> <span class='ocrx_word' id='word_1_259' title='bbox 247 2172 393 2218; x_wconf 88' lang='lat' dir='ltr'>praeceptorum</span> <span class='ocrx_word' id='word_1_260' title='bbox 409 2167 429 2205; x_wconf 90' lang='lat' dir='ltr'>in</span> <span class='ocrx_word' id='word_1_261' title='bbox 443 2165 564 2217; x_wconf 79' lang='lat' dir='ltr'>dogmatibus</span> <span class='ocrx_word' id='word_1_262' title='bbox 580 2155 683 2217; x_wconf 83' lang='lat' dir='ltr'>abrogata.</span> <span class='ocrx_word' id='word_1_263' title='bbox 712 2162 786 2220; x_wconf 86' lang='lat' dir='ltr'>Neque</span> <span class='ocrx_word' id='word_1_264' title='bbox 802 2179 852 2206; x_wconf 92' lang='lat' dir='ltr'>vero</span> 
     </span>
    </p>

    <p class='ocr_par' dir='ltr' id='par_1_29' title="bbox 65 2228 852 2289">
     <span class='ocr_line' id='line_1_30' title="bbox 65 2228 852 2289; baseline 0.001 -15"><span class='ocrx_word' id='word_1_265' title='bbox 65 2232 109 2274; x_wconf 90' lang='lat' dir='ltr'>lieri</span> <span class='ocrx_word' id='word_1_266' title='bbox 119 2239 185 2289; x_wconf 88' lang='lat' dir='ltr'>potest</span> <span class='ocrx_word' id='word_1_267' title='bbox 198 2239 218 2274; x_wconf 90' lang='lat' dir='ltr'>ut</span> <span class='ocrx_word' id='word_1_268' title='bbox 230 2232 304 2274; x_wconf 87' lang='lat' dir='ltr'>domini</span> <span class='ocrx_word' id='word_1_269' title='bbox 315 2233 408 2275; x_wconf 88' lang='lat' dir='ltr'>mandata</span> <span class='ocrx_word' id='word_1_270' title='bbox 420 2240 549 2285; x_wconf 80' lang='lat' dir='ltr'>serventur,</span> <span class='ocrx_word' id='word_1_271' title='bbox 561 2232 599 2274; x_wconf 90' lang='lat' dir='ltr'>nisi</span> <span class='ocrx_word' id='word_1_272' title='bbox 611 2232 642 2274; x_wconf 92' lang='lat' dir='ltr'>dei</span> <span class='ocrx_word' id='word_1_273' title='bbox 653 2231 726 2274; x_wconf 87' lang='lat' dir='ltr'>caritas</span> <span class='ocrx_word' id='word_1_274' title='bbox 736 2228 852 2288; x_wconf 83' lang='lat' dir='ltr'>praecesse-</span> 
     </span>
    </p>

    <p class='ocr_par' dir='ltr' id='par_1_30' title="bbox 65 2299 917 2376">
     <span class='ocr_line' id='line_1_31' title="bbox 65 2299 917 2376; baseline -0.001 -35"><span class='ocrx_word' id='word_1_275' title='bbox 65 2300 99 2343; x_wconf 89' lang='lat' dir='ltr'>rit.</span> <span class='ocrx_word' id='word_1_276' title='bbox 130 2303 213 2342; x_wconf 89' lang='lat' dir='ltr'>Sienirn</span> <span class='ocrx_word' id='word_1_277' title='bbox 228 2303 360 2354; x_wconf 57' lang='lat' dir='ltr'>attingebatur,</span> <span class='ocrx_word' id='word_1_278' title='bbox 382 2301 457 2356; x_wconf 87' lang='lat' dir='ltr'>iuquit,</span> <span class='ocrx_word' id='word_1_279' title='bbox 478 2304 567 2342; x_wconf 87' lang='lat' dir='ltr'>mandata</span> <span class='ocrx_word' id='word_1_280' title='bbox 584 2315 625 2341; x_wconf 89' lang='lat' dir='ltr'>mea</span> <span class='ocrx_word' id='word_1_281' title='bbox 640 2301 748 2341; x_wconf 74' lang='lat' dir='ltr'>sementen.</span> <span class='ocrx_word' id='word_1_282' title='bbox 779 2299 917 2376; x_wconf 61' lang='lat' dir='ltr'>Nequelqpnp5</span> 
     </span>
    </p>

    <p class='ocr_par' dir='ltr' id='par_1_31' title="bbox 66 2367 922 2424">
     <span class='ocr_line' id='line_1_32' title="bbox 66 2367 922 2424; baseline -0.001 -13"><span class='ocrx_word' id='word_1_283' title='bbox 66 2376 88 2411; x_wconf 85' lang='lat' dir='ltr'>ut</span> <span class='ocrx_word' id='word_1_284' title='bbox 102 2369 167 2421; x_wconf 90' lang='lat' dir='ltr'>oculi,</span> <span class='ocrx_word' id='word_1_285' title='bbox 191 2369 223 2410; x_wconf 86' lang='lat' dir='ltr'>uel</span> <span class='ocrx_word' id='word_1_286' title='bbox 240 2370 300 2411; x_wconf 89' lang='lat' dir='ltr'>corda</span> <span class='ocrx_word' id='word_1_287' title='bbox 318 2370 471 2422; x_wconf 77' lang='lat' dir='ltr'>collustrantur,</span> <span class='ocrx_word' id='word_1_288' title='bbox 495 2369 534 2410; x_wconf 94' lang='lat' dir='ltr'>nisi</span> <span class='ocrx_word' id='word_1_289' title='bbox 549 2369 586 2410; x_wconf 85' lang='lat' dir='ltr'>lux</span> <span class='ocrx_word' id='word_1_290' title='bbox 603 2383 615 2410; x_wconf 91' lang='lat' dir='ltr'>a</span> <span class='ocrx_word' id='word_1_291' title='bbox 632 2367 730 2410; x_wconf 88' lang='lat' dir='ltr'>mandatis</span> <span class='ocrx_word' id='word_1_292' title='bbox 750 2368 851 2424; x_wconf 84' lang='lat' dir='ltr'>affulgeat.</span> <span class='ocrx_word' id='word_1_293' title='bbox 889 2369 894 2384; x_wconf 85' lang='lat'>&#39;</span> <span class='ocrx_word' id='word_1_294' title='bbox 917 2368 922 2377; x_wconf 89' lang='lat'>&#39;</span> 
     </span>
    </p>

    <p class='ocr_par' dir='ltr' id='par_1_32' title="bbox 65 2435 923 2508">
     <span class='ocr_line' id='line_1_33' title="bbox 65 2435 923 2508; baseline 0.002 -31"><span class='ocrx_word' id='word_1_295' title='bbox 65 2439 188 2490; x_wconf 73' lang='lat' dir='ltr'>Praeceptum</span> <span class='ocrx_word' id='word_1_296' title='bbox 203 2439 264 2486; x_wconf 82' lang='lat' dir='ltr'>enam,</span> <span class='ocrx_word' id='word_1_297' title='bbox 285 2437 358 2492; x_wconf 88' lang='lat' dir='ltr'>iuquit,</span> <span class='ocrx_word' id='word_1_298' title='bbox 380 2440 453 2477; x_wconf 77' lang='lat' dir='ltr'>domnini</span> <span class='ocrx_word' id='word_1_299' title='bbox 466 2439 560 2486; x_wconf 74' lang='lat' dir='ltr'>interirem,</span> <span class='ocrx_word' id='word_1_300' title='bbox 581 2439 692 2477; x_wconf 75' lang='lat' dir='ltr'>attaminans</span> <span class='ocrx_word' id='word_1_301' title='bbox 705 2439 777 2477; x_wconf 83' lang='lat' dir='ltr'>oculos.</span> <span class='ocrx_word' id='word_1_302' title='bbox 810 2435 851 2480; x_wconf 88' lang='lat' dir='ltr'>Sed</span> <span class='ocrx_word' id='word_1_303' title='bbox 865 2443 923 2508; x_wconf 57' lang='lat' dir='ltr'>ll’galpn</span> 
     </span>
    </p>

    <p class='ocr_par' dir='ltr' id='par_1_33' title="bbox 65 2498 913 2562">
     <span class='ocr_line' id='line_1_34' title="bbox 65 2498 913 2562; baseline 0.001 -16"><span class='ocrx_word' id='word_1_304' title='bbox 65 2518 129 2561; x_wconf 88' lang='lat' dir='ltr'>neque</span> <span class='ocrx_word' id='word_1_305' title='bbox 141 2504 246 2547; x_wconf 89' lang='lat' dir='ltr'>veritatem</span> <span class='ocrx_word' id='word_1_306' title='bbox 258 2505 323 2561; x_wconf 91' lang='lat' dir='ltr'>eloqui</span> <span class='ocrx_word' id='word_1_307' title='bbox 336 2512 412 2562; x_wconf 90' lang='lat' dir='ltr'>potest,</span> <span class='ocrx_word' id='word_1_308' title='bbox 436 2505 474 2547; x_wconf 91' lang='lat' dir='ltr'>nisi</span> <span class='ocrx_word' id='word_1_309' title='bbox 486 2505 519 2562; x_wconf 90' lang='lat' dir='ltr'>qui</span> <span class='ocrx_word' id='word_1_310' title='bbox 532 2502 634 2548; x_wconf 89' lang='lat' dir='ltr'>Christum</span> <span class='ocrx_word' id='word_1_311' title='bbox 645 2504 666 2546; x_wconf 93' lang='lat' dir='ltr'>in</span> <span class='ocrx_word' id='word_1_312' title='bbox 678 2518 700 2546; x_wconf 88' lang='lat' dir='ltr'>se</span> <span class='ocrx_word' id='word_1_313' title='bbox 712 2504 755 2561; x_wconf 92' lang='lat' dir='ltr'>ipso</span> <span class='ocrx_word' id='word_1_314' title='bbox 768 2505 851 2561; x_wconf 89' lang='lat' dir='ltr'>loqueu-</span> <span class='ocrx_word' id='word_1_315' title='bbox 885 2500 890 2515; x_wconf 90' lang='lat'><strong>’</strong></span> <span class='ocrx_word' id='word_1_316' title='bbox 908 2498 913 2506; x_wconf 77' lang='lat'>&#39;</span> 
     </span>
    </p>

    <p class='ocr_par' dir='ltr' id='par_1_34' title="bbox 65 2573 957 2629">
     <span class='ocr_line' id='line_1_35' title="bbox 65 2573 957 2629; baseline -0.001 -14"><span class='ocrx_word' id='word_1_317' title='bbox 65 2579 105 2615; x_wconf 82' lang='lat' dir='ltr'>iem</span> <span class='ocrx_word' id='word_1_318' title='bbox 118 2573 201 2626; x_wconf 74' lang='lat' dir='ltr'>lrabeat3</span> <span class='ocrx_word' id='word_1_319' title='bbox 223 2580 245 2614; x_wconf 85' lang='lat' dir='ltr'>ut</span> <span class='ocrx_word' id='word_1_320' title='bbox 260 2580 344 2616; x_wconf 89' lang='lat' dir='ltr'>testatur</span> <span class='ocrx_word' id='word_1_321' title='bbox 356 2574 389 2615; x_wconf 92' lang='lat' dir='ltr'>ille</span> <span class='ocrx_word' id='word_1_322' title='bbox 402 2573 435 2629; x_wconf 90' lang='lat' dir='ltr'>qui</span> <span class='ocrx_word' id='word_1_323' title='bbox 450 2573 508 2626; x_wconf 90' lang='lat' dir='ltr'>dicit,</span> <span class='ocrx_word' id='word_1_324' title='bbox 528 2576 580 2614; x_wconf 86' lang='lat' dir='ltr'>Nam</span> <span class='ocrx_word' id='word_1_325' title='bbox 593 2577 742 2626; x_wconf 86' lang='lat' dir='ltr'>enperimenturn</span> <span class='ocrx_word' id='word_1_326' title='bbox 758 2577 957 2627; x_wconf 69' lang='lat' dir='ltr'>paraenetica-canas.</span> 
     </span>
    </p>

    <p class='ocr_par' dir='ltr' id='par_1_35' title="bbox 66 2640 852 2698">
     <span class='ocr_line' id='line_1_36' title="bbox 66 2640 852 2698; baseline 0 -15"><span class='ocrx_word' id='word_1_327' title='bbox 66 2643 194 2697; x_wconf 83' lang='lat' dir='ltr'>ioqaenttsia</span> <span class='ocrx_word' id='word_1_328' title='bbox 206 2656 235 2682; x_wconf 91' lang='lat' dir='ltr'>me</span> <span class='ocrx_word' id='word_1_329' title='bbox 246 2643 335 2683; x_wconf 81' lang='lat' dir='ltr'>Christi?</span> <span class='ocrx_word' id='word_1_330' title='bbox 365 2640 407 2684; x_wconf 84' lang='lat' dir='ltr'>tmo</span> <span class='ocrx_word' id='word_1_331' title='bbox 419 2656 467 2684; x_wconf 91' lang='lat' dir='ltr'>vero</span> <span class='ocrx_word' id='word_1_332' title='bbox 480 2657 520 2685; x_wconf 91' lang='lat' dir='ltr'>non</span> <span class='ocrx_word' id='word_1_333' title='bbox 532 2642 590 2684; x_wconf 91' lang='lat' dir='ltr'>modo</span> <span class='ocrx_word' id='word_1_334' title='bbox 602 2641 714 2698; x_wconf 87' lang='lat' dir='ltr'>loquentis,</span> <span class='ocrx_word' id='word_1_335' title='bbox 735 2642 771 2683; x_wconf 93' lang='lat' dir='ltr'>sed</span> <span class='ocrx_word' id='word_1_336' title='bbox 784 2648 804 2684; x_wconf 93' lang='lat' dir='ltr'>et</span> <span class='ocrx_word' id='word_1_337' title='bbox 815 2641 852 2683; x_wconf 90' lang='lat' dir='ltr'>mi-</span> 
     </span>
    </p>

    <p class='ocr_par' dir='ltr' id='par_1_36' title="bbox 64 2711 931 2787">
     <span class='ocr_line' id='line_1_37' title="bbox 64 2711 931 2787; baseline -0.002 -33"><span class='ocrx_word' id='word_1_338' title='bbox 64 2711 161 2754; x_wconf 83' lang='lat' dir='ltr'>serentis.</span> <span class='ocrx_word' id='word_1_339' title='bbox 192 2714 270 2762; x_wconf 83' lang='lat' dir='ltr'>Veniot,</span> <span class='ocrx_word' id='word_1_340' title='bbox 286 2711 362 2768; x_wconf 86' lang='lat' dir='ltr'>inquit,</span> <span class='ocrx_word' id='word_1_341' title='bbox 378 2715 566 2762; x_wconf 86' lang='lat' dir='ltr'>mz&#39;seriaordiatna,</span> <span class='ocrx_word' id='word_1_342' title='bbox 589 2714 848 2762; x_wconf 83' lang='lat' dir='ltr'>etsolntaretaamr‘nme,</span> <span class='ocrx_word' id='word_1_343' title='bbox 869 2719 931 2787; x_wconf 54' lang='lat' dir='ltr'>¹11un</span> 
     </span>
    </p>

    <p class='ocr_par' dir='ltr' id='par_1_37' title="bbox 65 2777 900 2837">
     <span class='ocr_line' id='line_1_38' title="bbox 65 2777 900 2837; baseline 0.001 -14"><span class='ocrx_word' id='word_1_344' title='bbox 65 2789 85 2823; x_wconf 89' lang='lat' dir='ltr'>et</span> <span class='ocrx_word' id='word_1_345' title='bbox 95 2783 210 2836; x_wconf 84' lang='lat' dir='ltr'>respondebo</span> <span class='ocrx_word' id='word_1_346' title='bbox 221 2783 381 2837; x_wconf 65' lang='lat' dir='ltr'>exprobrantibus</span> <span class='ocrx_word' id='word_1_347' title='bbox 392 2784 441 2824; x_wconf 80' lang='lat' dir='ltr'>malti</span> <span class='ocrx_word' id='word_1_348' title='bbox 450 2784 533 2824; x_wconf 80' lang='lat' dir='ltr'>verbnm.</span> <span class='ocrx_word' id='word_1_349' title='bbox 567 2779 626 2837; x_wconf 78' lang='lat' dir='ltr'>Quod</span> <span class='ocrx_word' id='word_1_350' title='bbox 640 2782 762 2825; x_wconf 89' lang='lat' dir='ltr'>nullomodo</span> <span class='ocrx_word' id='word_1_351' title='bbox 774 2781 852 2824; x_wconf 87' lang='lat' dir='ltr'>coutin-</span> <span class='ocrx_word' id='word_1_352' title='bbox 895 2777 900 2793; x_wconf 88' lang='lat'>&#39;</span> 
     </span>
    </p>

    <p class='ocr_par' dir='ltr' id='par_1_38' title="bbox 65 2848 851 2909">
     <span class='ocr_line' id='line_1_39' title="bbox 65 2848 851 2909; baseline 0.001 -16"><span class='ocrx_word' id='word_1_353' title='bbox 65 2859 135 2909; x_wconf 81' lang='lat' dir='ltr'>geret,</span> <span class='ocrx_word' id='word_1_354' title='bbox 158 2851 195 2894; x_wconf 91' lang='lat' dir='ltr'>nisi</span> <span class='ocrx_word' id='word_1_355' title='bbox 211 2851 255 2909; x_wconf 93' lang='lat' dir='ltr'>quis</span> <span class='ocrx_word' id='word_1_356' title='bbox 267 2853 412 2906; x_wconf 71' lang='lat' dir='ltr'>zastffieationes</span> <span class='ocrx_word' id='word_1_357' title='bbox 427 2855 542 2908; x_wconf 82' lang='lat' dir='ltr'>requireret.</span> <span class='ocrx_word' id='word_1_358' title='bbox 573 2848 614 2906; x_wconf 81' lang='lat' dir='ltr'>Qui</span> <span class='ocrx_word' id='word_1_359' title='bbox 625 2851 678 2894; x_wconf 91' lang='lat' dir='ltr'>enim</span> <span class='ocrx_word' id='word_1_360' title='bbox 691 2851 721 2894; x_wconf 91' lang='lat' dir='ltr'>sic</span> <span class='ocrx_word' id='word_1_361' title='bbox 732 2850 798 2894; x_wconf 83' lang='lat' dir='ltr'>affecti</span> <span class='ocrx_word' id='word_1_362' title='bbox 811 2865 851 2894; x_wconf 89' lang='lat' dir='ltr'>nou</span> 
     </span>
    </p>

    <p class='ocr_par' dir='ltr' id='par_1_39' title="bbox 66 2920 852 2979">
     <span class='ocr_line' id='line_1_40' title="bbox 66 2920 852 2979; baseline -0.001 -16"><span class='ocrx_word' id='word_1_363' title='bbox 66 2928 124 2973; x_wconf 89' lang='lat' dir='ltr'>sunt,</span> <span class='ocrx_word' id='word_1_364' title='bbox 147 2921 217 2964; x_wconf 85' lang='lat' dir='ltr'>horum</span> <span class='ocrx_word' id='word_1_365' title='bbox 235 2921 314 2979; x_wconf 88' lang='lat' dir='ltr'>propria</span> <span class='ocrx_word' id='word_1_366' title='bbox 329 2928 360 2963; x_wconf 84' lang='lat' dir='ltr'>est</span> <span class='ocrx_word' id='word_1_367' title='bbox 376 2920 396 2963; x_wconf 92' lang='lat' dir='ltr'>in</span> <span class='ocrx_word' id='word_1_368' title='bbox 413 2921 525 2979; x_wconf 88' lang='lat' dir='ltr'>opprobriis</span> <span class='ocrx_word' id='word_1_369' title='bbox 542 2920 675 2974; x_wconf 70' lang='lat' dir='ltr'>verecundiaq</span> <span class='ocrx_word' id='word_1_370' title='bbox 698 2921 748 2963; x_wconf 91' lang='lat' dir='ltr'>adeo</span> <span class='ocrx_word' id='word_1_371' title='bbox 763 2926 785 2962; x_wconf 91' lang='lat' dir='ltr'>ut</span> <span class='ocrx_word' id='word_1_372' title='bbox 798 2920 852 2963; x_wconf 88' lang='lat' dir='ltr'>istud</span> 
     </span>
    </p>

    <p class='ocr_par' dir='ltr' id='par_1_40' title="bbox 65 2987 851 3049">
     <span class='ocr_line' id='line_1_41' title="bbox 65 2987 851 3049; baseline -0.003 -15"><span class='ocrx_word' id='word_1_373' title='bbox 65 3004 162 3049; x_wconf 86' lang='lat' dir='ltr'>usurpare</span> <span class='ocrx_word' id='word_1_374' title='bbox 175 2998 285 3048; x_wconf 87' lang='lat' dir='ltr'>nequeant:</span> <span class='ocrx_word' id='word_1_375' title='bbox 301 2992 366 3046; x_wconf 76' lang='lat' dir='ltr'>Anser</span> <span class='ocrx_word' id='word_1_376' title='bbox 377 3005 390 3031; x_wconf 91' lang='lat' dir='ltr'>a</span> <span class='ocrx_word' id='word_1_377' title='bbox 400 3006 430 3032; x_wconf 85' lang='lat' dir='ltr'>are</span> <span class='ocrx_word' id='word_1_378' title='bbox 439 2992 561 3046; x_wconf 79' lang='lat' dir='ltr'>opprobriam</span> <span class='ocrx_word' id='word_1_379' title='bbox 571 2997 593 3030; x_wconf 87' lang='lat' dir='ltr'>et</span> <span class='ocrx_word' id='word_1_380' title='bbox 601 2993 741 3044; x_wconf 85' lang='lat' dir='ltr'>contemptam!</span> <span class='ocrx_word' id='word_1_381' title='bbox 760 2987 813 3032; x_wconf 87' lang='lat' dir='ltr'>Nam</span> <span class='ocrx_word' id='word_1_382' title='bbox 821 3002 851 3032; x_wconf 82' lang='lat' dir='ltr'>ex</span> 
     </span>
    </p>
   </div>
   <div class='ocr_carea' id='block_1_3' title="bbox 88 3079 504 3129">
    <p class='ocr_par' dir='ltr' id='par_1_41' title="bbox 88 3079 504 3129">
     <span class='ocr_line' id='line_1_42' title="bbox 88 3079 504 3129; baseline -0.007 -10"><span class='ocrx_word' id='word_1_383' title='bbox 88 3081 105 3118; x_wconf 66' lang='lat' dir='ltr'>b</span> <span class='ocrx_word' id='word_1_384' title='bbox 121 3079 239 3129; x_wconf 73' lang='grc' dir='ltr'>ἐπισχήματος</span> <span class='ocrx_word' id='word_1_385' title='bbox 248 3084 294 3118; x_wconf 84' lang='lat' dir='ltr'>codd.</span> <span class='ocrx_word' id='word_1_386' title='bbox 304 3085 346 3126; x_wconf 80' lang='lat' dir='ltr'>rm,</span> <span class='ocrx_word' id='word_1_387' title='bbox 361 3083 439 3126; x_wconf 70' lang='lat' dir='ltr'>inedia,</span> <span class='ocrx_word' id='word_1_388' title='bbox 451 3084 504 3119; x_wconf 76' lang='lat' dir='ltr'>Paris.</span> 
     </span>
    </p>
   </div>
   <div class='ocr_carea' id='block_1_4' title="bbox 0 0 998 3392">
    <p class='ocr_par' dir='ltr' id='par_1_42' title="bbox 0 0 998 3392">
     <span class='ocr_line' id='line_1_43' title="bbox 0 0 998 3392; baseline 0 0"><span class='ocrx_word' id='word_1_389' title='bbox 0 0 998 3392; x_wconf 95' lang='lat' dir='ltr'> </span> 
     </span>
    </p>
   </div>
  </div>
 </body>
</html>
