1988 3392
242 261 335 297 33333333
347 255 391 296 333.
400 254 430 297 333.
442 263 497 298 rou.
506 253 527 297 3.
539 254 607 297 unce.
616 260 707 296 Lxxvn
827 243 868 295 tot

84 361 124 390 nou
136 343 183 386 illud
194 344 257 387 solum
274 343 348 401 quode
362 343 439 400 agitur,
460 344 526 387 sedet
539 345 576 387 alia
591 344 689 402 permulta
708 342 870 400 profundioribus

84 413 191 459 sententiis
206 420 333 456 enarrantur.

141 481 202 525 Nunc
210 490 275 525 autem
284 483 308 524 ad
318 483 356 524 alia
367 489 496 539 properantes
506 482 594 525 breviter
604 483 722 526 admonendi
734 496 804 523 caussa
814 482 890 565 istudX
892 485 945 564 X.Cap

85 552 217 609 aspersimus·
232 566 271 606 quo
281 551 388 606 3313333333
398 552 480 606 quilibet
489 550 665 605 animadverteret
679 564 798 607 quicumque
807 532 890 592 semel
892 532 975 565 XXVJH'

85 620 203 663 constitutos
219 619 240 661 in
254 619 340 661 ecclesia
357 618 452 662 terminos
470 634 493 663 ac
506 621 633 676 propheticae
648 629 668 663 et
679 620 801 677 apostolicae
817 619 870 671 lidei,

85 704 142 747 quam
156 689 246 730 traditam
258 689 383 745 accepimus,
406 689 548 745 doctrinaeque
560 704 615 745 spem
627 690 695 746 egredi
708 690 806 740 uoluerit,
829 688 872 730 eius

85 759 172 801 animum
185 771 213 798 ex
223 756 320 799 levissimi
336 757 419 799 alicuius
431 759 537 800 occasione
549 758 596 799 dicti
608 759 629 800 iu
641 774 663 800 re
674 759 752 800 modica
764 773 787 800 ac
799 758 872 799 nullius

85 840 149 884 paene
163 826 256 867 momenti
269 840 280 866 a
292 826 391 867 communi
403 826 436 868 via
447 827 598 880 deflectentem,
615 828 639 868 ad
654 828 774 870 vanissimas
787 826 872 868 subinde

86 895 209 938 assertiones
226 894 445 951 periculosissimasqne
462 896 584 947 sententias,
606 904 626 937 et
636 897 661 937 ad
673 896 768 938 absurdas
780 909 803 937 ac
815 909 873 952 pere-

86 965 154 1020 grinas
166 963 294 1020 quaestiones
306 971 377 1019 atque,
394 971 415 1005 ut
427 965 528 1020 apostolus
541 964 639 1019 loquitur,
661 966 804 1005 t'rreetrr'eube'les
814 979 873 1017 geue·
881 965 977 1003 1·Ti¹¹¹·11⁴-

86 1036 173 1086 3133333,
191 1046 236 1074 3333
248 1032 358 1089 lapsurum.
390 1030 448 1086 Quod
461 1032 538 1087 quidem
552 1032 575 1073 ad
588 1031 620 1084 id,
642 1033 665 1073 de
677 1032 747 1087 quoin
760 1033 874 1088 praesentia

87 1116 154 1144 sermo
165 1108 207 1153 est,
224 1101 303 1152 attinet,
319 1099 457 1142 stultissimum
467 1101 519 1141 istud
528 1114 586 1151 esse,
603 1115 669 1155 neque
679 1101 814 1156 explicatione
825 1115 875 1156 opus

86 1170 172 1220 babere,
188 1170 277 1224 quisquis
290 1168 389 1224 paululum
400 1168 451 1224 sapit
461 1168 554 1209 facillime
565 1169 679 1222 cognoscit,
697 1182 733 1210 nec
746 1169 766 1209 in
777 1169 876 1210 eiusmodi

87 1236 186 1292 sapientia
205 1237 338 1291 opinioneque
355 1236 459 1291 quicquam
475 1250 520 1277 esse
537 1236 589 1290 quod
601 1236 750 1290 inquisitionem
766 1237 875 1277 desideret.

87 1303 140 1346 Nam
150 1304 168 1345 si
177 1304 242 1345 denuo
253 1311 275 1345 ut
284 1303 448 1345 circumcidamur
458 1303 589 1358 resurgimus,
605 1317 641 1344 cur
650 1318 691 1345 non
702 1304 875 1346 circumcisionem

88 1372 247 1414 antevertimus?
276 1370 330 1415 Sene
341 1372 373 1427 qui
384 1373 404 1413 in
416 1372 453 1413 bac
462 1371 503 1413 vita
514 1371 598 1427 idipsum
610 1372 660 1427 quod
671 1373 781 1429 perlectum
791 1372 876 1414 babetur

89 1441 232 1498 cognoverint,
250 1449 270 1483 et
283 1448 338 1483 tauto
350 1448 396 1483 ante
410 1454 507 1496 usurpare
520 1439 635 1497 coeperint,
658 1440 778 1482 luculentius
789 1442 813 1482 ad
825 1442 877 1483 liutu-

88 1525 131 1552 ram
142 1510 194 1552 illam
210 1510 352 1567 perlectionem
368 1509 513 1551 obtinendam
507 1524 538 1551 ius
551 1509 603 1550 nacti
617 1516 671 1550 sunt
703 1508 837 1565 Quorsum
816 1508 878 1550 iritur

89 1580 114 1622 ab
125 1579 298 1637 apostolodictum
310 1581 353 1621 est?
383 1582 408 1620 Si
418 1581 590 1628 eer'eumee'dumz'm,
609 1580 698 1620 Cbrectur
707 1580 821 1620 3333333313
828 1594 876 1633 pro·
887 1595 923 1624 Gal
932 1595 970 1623 33

90 1630 962 1704 33333333331233333333333333333333,33333333333333333Ἰ“3333]3113331”’5”’Ι

91 1721 149 1763 etiam
158 1720 264 1762 salvatoris
276 1720 361 1772 dictum,
382 1723 406 1760 13
417 1723 558 1760 resurreetione
572 1723 622 1760 33333
633 1734 694 1774 neque
708 1723 782 1760 333333
796 1734 875 1767 333333,
889 1724 970 1795 ,plqpbet

90 1805 150 1845 neque
160 1791 245 1838 333333,
261 1791 296 1830 333
304 1791 392 1843 aequales
407 1798 454 1829 3333
466 1791 526 1843 33333
525 1792 548 1830 33.
581 1788 639 1844 Quod
650 1795 717 1830 autem
728 1789 823 1846 scriptum
836 1782 953 1840 3331333311
960 1794 982 1822 35·

91 1860 186 1901 Sedebam
200 1862 226 1900 33
240 1872 322 1899 mensum
341 1862 404 1912 petru
422 1861 470 1907 3333,
492 1861 609 1899 comedentes
623 1866 644 1898 33
657 1859 720 1899 33333
713 1866 752 1907 33,
775 1865 807 1910 33,
829 1860 982 1947 Gumfflmffl

902 1919 929 1940 3ῐῦ
980 1929 984 1935 ·

92 1931 142 1970 illud
156 1928 217 1969 bubum
228 1943 296 1969 333333
309 1929 428 1968 3333333333
419 1943 439 1968 33
453 1942 514 1980 reguo
526 1929 634 1976 coelorum,
651 1941 678 1968 ex
690 1941 714 1968 eo
727 1927 779 1982 qucd
790 1927 883 1981 additur,

92 2013 172 2048 333333,
195 2004 226 2050 33,
242 2000 360 2038 admoneam
371 2011 437 2050 33333,
460 1995 718 2052 aliosensuaecipiendum
731 1996 879 2038 illudvidetur.

94 2067 172 2124 Quippe
187 2074 207 2108 et
220 2080 268 2118 nos,
289 2066 308 2107 id
324 2066 375 2122 quod
387 2079 397 2107 e
407 2065 470 2107 sacris
486 2065 541 2107 libris
554 2065 669 2117 didicimus,
692 2075 758 2122 potum
776 2081 799 2108 ac
815 2067 880 2108 cibum

94 2137 192 2193 quendam
209 2134 248 2177 illic
265 2134 385 2176 ambrosium
400 2148 446 2175 esse
457 2135 593 2186 defendimus,
611 2133 634 2175 de
646 2134 716 2190 quibus
728 2135 824 2191 scriptum
839 2143 879 2188 est,

95 2209 148 2258 Quae
163 2207 229 2246 333133
242 2219 280 2245 333
297 2207 346 2244 ozae
361 2218 396 2243 333
411 2206 466 2243 aceris
480 2205 542 2243 333333
557 2218 617 2256 neque
627 2205 647 2242 33
656 2218 691 2243 eor
699 2206 781 2244 33333333
789 2207 879 2244 3333333-
887 2224 900 2251 1-
907 2220 943 2250 eor.
952 2221 986 2257 33,

94 2282 151 2323 3333,
173 2288 222 2328 quoe
233 2275 358 2326 praeparauit
372 2275 418 2312 3333
433 2273 557 2324 detegentibus
571 2286 598 2311 33.
632 2268 672 2313 Sed
690 2272 718 2313 ita
733 2271 814 2314 statuit:
836 2271 881 2314 Pri-

96 2357 149 2385 mum
165 2343 186 2384 in
199 2349 242 2384 toto
254 2341 288 2383 illo
304 2340 416 2382 millenario
436 2340 535 2382 curriculo
553 2340 676 2381 naturalibus
693 2356 730 2383 nos
748 2342 882 2397 voluptatibus

96 2425 142 2453 esse
153 2410 257 2462 fruituros,
274 2409 342 2451 labore
354 2409 407 2450 omni
418 2423 441 2450 ae
453 2408 521 2449 dolore
533 2407 619 2449 sublato.
651 2407 698 2463 Quo
712 2408 790 2465 quidem
802 2410 883 2452 evoluto

96 2486 194 2536 tompore,
206 2493 275 2520 corum
285 2492 335 2533 quae
345 2478 397 2519 dieta
407 2485 461 2528 snut,
474 2477 579 2533 participes
589 2478 680 2529 futuros,
697 2478 748 2533 quod
760 2478 809 2520 baec
821 2479 884 2522 rerba

98 2548 211 2599 declarant,
229 2549 281 2598 Quae
295 2561 330 2587 nee
345 2548 604 2595 conresurrecturis
619 2548 699 2586 3333333

156 2615 232 2659 Verum
241 2614 272 2656 bic
279 2615 357 2657 illorum
367 2629 433 2657 sermo
441 2614 533 2656 omnibus
542 2614 652 2670 scripturae
661 2615 766 2656 sententiis
775 2623 881 2672 repugnat.
916 2622 958 2666 cap.

100 2683 151 2728 Cum
167 2686 219 2727 enim
238 2684 272 2725 lex
288 2685 390 2725 neminem
404 2685 514 2739 perlectum
534 2682 653 2734 reddiderit,
679 2691 699 2724 et
717 2685 800 2726 eandem
818 2668 980 2727 tomenXXXIX

99 2755 163 2812 legem
178 2761 223 2812 post
237 2753 408 2796 resurrectionem·
424 2753 532 2795 observare
550 2766 587 2794 nos
603 2751 696 2805 iubeant,
719 2768 803 2811 cumque
815 2762 885 2798 sancta

100 2825 132 2867 illa
143 2825 190 2879 len,
206 2839 264 2881 quam
275 2837 311 2881 per
320 2821 414 2879 Mopsem
426 2822 517 2866 dominus
529 2822 586 2865 uobis
598 2821 670 2876 edidit,
686 2826 799 2879 Puedogogr'
808 2841 843 2866 333
855 2829 885 2866 du-
897 2829 933 2857 car.
942 2829 957 2865 3⁷
966 2828 989 2857 ²⁴-

101 2897 177 2938 3333331
189 2892 291 2938 Christum
301 2892 428 2951 perduxerit,
445 2893 491 2946 cui,
513 2895 564 2950 quod
574 2893 632 2949 longe
645 2893 743 2936 absolutis
753 2896 792 2937 illis
805 2910 828 2937 ac
840 2910 885 2951 per-

103 2965 159 3008 lectis
170 2973 225 3008 essct
234 2964 325 3015 inferior,
342 2963 407 3004 dutum
418 2963 519 3019 negotium
533 2972 564 3006 est
575 2970 597 3005 ut
608 2977 645 3004 uos
657 2963 681 3005 ad
693 2965 825 3006 excellentius
837 2965 886 3006 illud

103 3048 126 3076 ac
138 3035 193 3077 velut
205 3041 264 3092 eaput
273 3046 409 3089 summumque
423 3033 543 3087 deduceret,
566 3047 608 3075 cuni
620 3032 724 3089 posthaec
737 3031 829 3076 Christus
841 3049 886 3091 per-

104 3104 168 3145 lectus
178 3103 211 3145 ille
223 3118 246 3146 ac
258 3103 349 3146 dontinus
359 3103 474 3156 advenerit,
491 3118 513 3146 ae
524 3104 547 3145 dc
557 3102 667 3160 paedagogi
681 3117 740 3144 manc
751 3103 851 3146 alumnum
863 3119 887 3146 ac

139 3170 199 3208 Gorpus
207 3170 299 3201 Haereseol.
312 3171 332 3200 ll.
341 3171 354 3200 3.
721 3175 749 3216 2ss
