1988 3392
332 270 503 307 ruonxusnuu.
771 262 807 304 761

30 351 152 390 lsidoriverba
163 351 180 385 in
192 350 256 386 Ethicis
267 350 364 397 plenissima
374 352 408 385 im·
419 351 468 386 lLex
486 359 503 385 et
519 357 607 397 peccatum
624 363 643 386 se
661 350 734 386 invicem
750 362 813 384 conse-

52 409 130 455 puritatis
140 411 179 443 212.
454 415 528 454 quuntnr
543 411 583 442 582.

30 468 60 503 lsis
72 466 194 511 Aegyptiorum
206 469 234 499 11.
432 466 468 498 Lex
479 476 508 498 cnr
519 465 581 500 dicitur
591 466 651 500 mortis
668 464 780 500 ministerium
791 464 813 498 ab

29 523 94 559 Israelis
106 521 192 566 profectio
203 522 221 555 in
234 524 331 567 Aegyptum
346 522 368 554 ad
379 524 410 555 lo-
444 521 533 566 apostolo
545 524 584 555 7⁰0.

56 578 137 624 sephnm,
152 589 223 612 numero
240 579 346 624 septuaginta
360 579 408 623 cepi·
433 578 469 610 Lex
485 578 553 622 spiritns
570 578 616 612 vitae
633 578 674 623 qnid
690 577 723 619 sit,
742 576 813 623 etquid

52 644 88 671 tum
100 637 127 668 10.
455 633 524 668 differat
535 634 557 670 ab
568 635 605 669 aliis
616 634 681 680 legibus
693 637 732 669 590.

30 694 141 729 israelitarum
153 693 231 727 transitus
243 705 275 739 per
283 705 330 727 mare
341 693 409 727 rubrum
433 691 483 736 Legis
494 692 556 726 veteris
566 693 644 726 instituta
656 703 691 727 non
702 691 760 725 statim
771 704 812 738 per·

53 755 80 786 11.
178 788 180 790 ¹
455 749 502 783 fecta
513 756 531 784 et
542 749 575 784 suis
592 749 665 784 numeris
676 749 761 796 completa
772 749 813 785 fue-

30 810 116 847 lsraelitae
127 808 172 844 unde
183 809 225 845 dicti
237 812 265 845 10.
455 815 496 844 runt
508 812 547 844 909.

31 869 91 905 ludaea
103 867 170 915 qnando
182 868 228 903 lacta
240 876 266 903 est
277 868 363 915 vectigalis
373 869 410 904 llo-
432 868 469 902 Lex
480 868 533 902 Mosis
545 868 613 914 qnando
624 867 664 903 data
676 870 703 902 18.

53 926 106 962 manis
118 928 158 961 445.
433 926 469 960 Lex
486 925 540 960 veluti
557 926 664 971 paedagogus
681 926 715 960 tuit
726 937 779 972 usque
790 926 813 961 ad

31 985 88 1020 ludaei
99 984 162 1018 Pascha
179 984 293 1029 anticiparnnt
310 997 348 1019 enm
360 985 410 1019 chri·
456 983 542 1018 Christum
555 986 607 1018 1032.

53 1050 88 1077 stus
99 1054 157 1087 passus
168 1048 194 1075 est
203 1044 243 1077 448.
252 1062 274 1068 -
291 1053 349 1077 eorum
361 1054 409 1077 com·
433 1041 470 1074 Lex
481 1040 548 1083 peceati
558 1052 614 1075 caussa
624 1052 659 1075 non
668 1046 704 1084 est,
717 1049 734 1076 et
746 1053 776 1075 cnr
784 1041 813 1076 in-

53 1107 103 1145 pntus
114 1099 155 1133 ibid.
456 1098 507 1132 ducta
519 1100 557 1131 583.

31 1156 109 1191 Iudaismi
126 1163 144 1189 ct
165 1156 295 1191 circumcisionis
310 1157 376 1191 initium
393 1164 411 1191 et
434 1157 470 1189 Lex
480 1155 566 1200 quomodo
575 1155 641 1189 nonsit
651 1155 697 1190 insto
708 1156 764 1201 posita
773 1158 813 1190 693.

53 1214 100 1258 origo
117 1213 204 1257 posterior
220 1214 280 1257 gentili
291 1213 410 1258 superstitione
434 1214 470 1246 Lex
486 1212 547 1246 veteris
563 1213 660 1246 testamenti
676 1212 733 1246 similis
745 1213 814 1247 umbrae

54 1272 70 1303 9.
455 1269 495 1302 novi
507 1268 583 1314 corporis
592 1271 632 1302 873.

31 1326 130 1360 Indaeorum
141 1325 197 1359 vilitas
208 1326 226 1359 in
239 1329 317 1372 Aegypto
330 1330 357 1360 18.
433 1325 484 1370 Legis
500 1324 562 1358 veteris
579 1332 597 1358 et
612 1337 667 1359 novae
683 1325 777 1359 declaratio
793 1336 815 1358 ex

31 1382 129 1416 ludaeorum
139 1381 158 1414 in
169 1381 204 1415 dno
214 1393 267 1426 regna
278 1382 339 1417 divisio
351 1385 378 1416 21.
455 1381 502 1415 varia
513 1387 589 1415 aetatum
600 1381 688 1426 disciplina
699 1385 740 1416 226.

33 1438 88 1471 ludaei
101 1449 130 1470 cur
141 1437 209 1481 reprobi
221 1440 249 1471 20.
433 1437 516 1471 Libanitis
527 1437 569 1471 item
580 1444 598 1471 et
609 1444 668 1482 styrax
683 1438 733 1482 pellit
743 1448 815 1483 serpen-

32 1493 131 1527 ludaeorum
142 1493 214 1527 caecitas
226 1501 244 1528 et
255 1493 309 1528 scelus
321 1497 372 1528 1036.
455 1501 481 1528 tes
493 1497 532 1528 423.

32 1551 88 1585 Iudaei
100 1557 118 1583 et
129 1551 230 1585 Samaritani
247 1552 291 1585 unde
301 1552 355 1597 iurgia
366 1552 411 1586 inter
433 1551 491 1585 Liberi
502 1551 569 1597 qnando
581 1551 662 1585 desierint
671 1551 770 1597 superstites
779 1563 816 1585 esse

54 1620 72 1642 se
83 1607 188 1643 exercuerint
200 1612 228 1644 29.
457 1609 555 1657 parentibus
567 1612 583 1645 8.

33 1666 130 1702 ludaeorum
145 1675 211 1713 septem
226 1674 283 1703 sectae
294 1675 334 1703 ante
350 1668 411 1704 Christi
434 1668 524 1704 Librorum
540 1668 662 1703 canonicorum
683 1668 729 1715 apnd
744 1668 816 1705 ludaeos

55 1725 146 1760 adventum
158 1729 186 1759 31.
457 1727 561 1762 enumeratio
573 1730 600 1762 19.

34 1783 90 1818 ludaei
102 1784 147 1819 unde
158 1784 199 1819 dicti
211 1788 239 1819 16.
435 1785 538 1831 Linguarum
559 1792 637 1820 auctores
661 1791 701 1832 post
727 1785 817 1832 Babylonis

33 1840 84 1875 ludex
96 1853 135 1886 erga
146 1853 193 1876 reum
204 1843 276 1889 perinde
287 1844 379 1886 sehabet,
392 1856 413 1878 ac
459 1843 575 1877 confusionem
586 1845 625 1877 289.
745 1837 751 1848 “

54 1898 129 1933 medicus
140 1911 181 1944 erga
192 1907 280 1946 aegrotum
292 1903 331 1934 568.
435 1900 537 1946 Linguarum
549 1899 609 1935 divisio
624 1900 643 1934 in
656 1900 763 1947 septuaginta
775 1900 817 1935 duas

32 1956 96 1999 Iupiter
113 1968 123 1989 a
140 1957 196 2001 potitis
213 1957 274 1991 dicitur
290 1958 344 1991 Metin
355 1957 412 1990 ‘filiam
453 1969 489 2003 pro
500 1957 587 1991 hominurn
599 1969 669 1991 numero
682 1961 698 1990 6.

54 2023 100 2045 suam
111 2012 123 2045 i.
132 2025 147 2046 e.
160 2014 268 2047 Prudentiam
279 2015 370 2049 absorbere
382 2018 409 2048 98.
430 2014 503 2048 Literae
518 2027 528 2047 a
541 2014 605 2047 Cadmo
621 2020 700 2058 repertae
715 2021 754 2048 eta
765 2015 816 2048 Pala-

32 2068 146 2103 lnsiurandum
158 2082 209 2104 ornne
220 2077 246 2103 est
258 2071 356 2116 fugiendum
367 2075 395 2106 44.
457 2070 507 2104 rnede
519 2074 558 2103 244.

33 2124 103 2158 lustinus
125 2127 239 2161 Samaritanus
261 2127 372 2173 philosophus
394 2136 412 2162 et
435 2128 516 2161 Lotiones
533 2127 609 2171 corporis
626 2127 668 2160 nihil
687 2128 778 2161 conferunt
793 2128 816 2161 ad

55 2188 118 2226 martyr
139 2183 207 2227 quando
227 2189 245 2216 et
262 2183 291 2217 ubi
314 2184 412 2229 martyrium
457 2183 523 2216 animae
538 2183 656 2227 purgationem
672 2186 711 2216 145.
730 2202 753 2210 -
780 2184 816 2217 imo

55 2249 113 2281 passus
126 2242 166 2272 991.
457 2237 623 2283 reprehenduntura
636 2239 703 2272 Christo
715 2239 757 2272 ibid.

32 2292 97 2326 Iustitia
108 2306 118 2328 a
129 2294 206 2329 bonitate
224 2295 288 2342 seiungi
303 2308 338 2330 non
354 2303 413 2341 potest
435 2295 489 2328 Lucas
501 2305 530 2327 cnr
540 2293 644 2339 evangelium
654 2294 729 2340 scripsit,
743 2301 762 2328 et
771 2296 817 2329 unde

56 2351 95 2384 225,
457 2351 480 2385 sit
491 2363 559 2385 exorsus
570 2355 604 2386 428
616 2358 634 2385 et
645 2354 684 2386 429.

434 2411 489 2443 Lucas
500 2409 517 2442 in
529 2409 586 2442 multis
602 2409 705 2455 provinciis,
722 2408 753 2444 sed
763 2421 817 2457 prae-

209 2457 230 2491 L¹
457 2468 505 2514 cipue
520 2467 539 2501 in
551 2467 606 2502 Gallia
625 2467 730 2515 evangelium
746 2469 817 2515 praedi-

32 2522 114 2560 Lacertae
125 2525 214 2573 prudentia
220 2553 226 2570 ,
238 2539 276 2562 cnm
288 2528 360 2574 caligare
371 2539 412 2563 coe-
458 2526 502 2560 cavit
513 2529 554 2560 493.

55 2583 81 2628 pit
92 2586 132 2618 462.
435 2585 522 2619 Lucernae
533 2590 599 2629 septem
610 2583 627 2618 in
639 2584 742 2621 candelabro
758 2587 817 2632 quoti-

33 2638 92 2675 Lazari
102 2649 158 2684 aetas,
179 2650 197 2677 et
213 2643 236 2677 de
252 2656 272 2678 ea
289 2655 332 2689 quae
349 2644 412 2679 fuerint
458 2642 486 2676 die
498 2654 579 2676 accensae
592 2645 630 2676 704.

55 2698 155 2734 traditiones
167 2702 206 2735 652.
436 2700 496 2734 Lucius
505 2699 594 2745 episcopus
604 2700 674 2735 Arianos
683 2708 735 2735 vexat
744 2701 817 2736 Alexan-

33 2753 110 2789 Leaerrae
127 2757 208 2802 parientis
226 2757 293 2803 elegans
314 2759 411 2804 descriptio,
458 2757 511 2791 driam
524 2759 562 2790 726.

55 2823 88 2856 qua
106 2813 181 2847 christis
202 2826 240 2848 enm
255 2815 305 2849 leone
326 2816 413 2851 confertur
435 2813 569 2847 anisnistarnm
579 2814 654 2848 haeresis
666 2818 694 2848 23.
712 2821 752 2859 post
766 2816 817 2850 01πί-

56 2871 107 2902 1014.
457 2870 561 2904 stianismnm
574 2874 613 2904 378,
625 2890 646 2896 -
670 2882 726 2915 aquo
743 2872 785 2905 dicti
799 2879 817 2906 et

34 2922 109 2959 Levitica
121 2927 198 2972 prosapia
207 2940 228 2962 ex
239 2940 272 2974 qua
283 2931 347 2974 sumpti
355 2940 411 2963 sacer·
458 2933 500 2972 quot
511 2927 581 2961 Luciani
592 2927 656 2961 fuerint
667 2927 708 2961 ibid.

56 2979 105 3014 dotes
117 2986 145 3015 17.
435 2978 505 3016 Luciani
522 2984 612 3017 Marcionis
630 2984 719 3017 sectatoris
736 2984 817 3029 dogmata

34 3033 83 3078 Legis
94 3038 156 3081 triplex
167 3051 219 3083 genns
231 3052 241 3073 a
253 3041 305 3074 Paulo
322 3042 412 3075 constitui-
457 3038 529 3072 ibid-
545 3040 578 3073 tria
587 3039 670 3084 principia
679 3040 738 3074 statuit
746 3040 817 3074 ibid.-

56 3094 134 3129 turbae,
457 3094 525 3139 nuptias
548 3096 650 3129 condemnat
672 3095 713 3130 ibid.
730 3115 753 3123 -
786 3097 817 3131 sed
