1988 3392
245 245 693 282 pantaucum.noumnacauxxn.
829 228 863 282 ’67

75 324 152 367 Eodem
165 325 224 367 etiam
242 327 368 369 anathemate
383 329 538 371 condemnamus
554 329 600 370 illos
611 327 643 384 qui
656 328 715 370 tilium
728 328 790 385 patris
803 327 864 370 colla-

76 394 183 446 tationern,
200 401 234 436 aaut
248 397 418 448 coutructionenr,
435 405 469 440 aut
479 399 577 441 actionem
591 411 638 439 esse
650 397 729 450 dicunt,
749 397 822 453 quiquo
835 397 864 438 di-

75 463 143 507 vinum
154 467 236 509 verbum
248 456 320 523 deique
333 466 392 508 lilium
406 480 446 508 nou
459 467 550 510 omnibus
561 460 647 509 saeculis
661 465 756 522 priorem,
773 466 864 522 patrique

75 541 217 587 coaeteruum,
239 539 262 578 ac
273 534 427 587 subsistentem,
450 534 656 591 perlectuundenique
673 534 745 586 lilium,
766 549 790 576 ac
805 535 863 577 deum

75 615 121 643 esse
136 592 272 646 ιιιιιιιίιειιιιιι,Ι

135 669 158 713 Si
169 672 212 727 quis
226 672 309 714 eurrdem
322 679 397 729 patrem
409 672 500 714 etlilium
513 680 533 714 et
545 672 636 729 spiritum
646 678 737 713 sanctum
749 684 795 713 osse
807 671 863 723 dicit,
873 676 961 721 Capxtt.

75 739 179 782 anathema
190 741 224 783 sit.
247 739 270 783 si
281 741 325 797 quis
337 741 414 782 initium
423 747 458 782 aut
469 741 527 782 finem
540 741 571 782 dei
582 740 621 782 lilio
632 756 656 783 ac
668 740 739 792 verbo,
756 740 789 781 vel
800 754 864 795 regno

75 807 137 863 ipsius
147 809 254 860 adscribit,
270 809 375 850 anathema
386 808 420 851 sit.
451 807 474 851 Si
487 807 531 863 quis
547 809 607 850 lilium
620 809 651 851 rel
668 808 759 865 spiritum
772 816 864 850 sanctum

75 883 151 931 partem
163 890 208 918 esse
220 877 281 932 patris
293 876 377 928 asserit,
399 890 464 932 neque
476 876 535 918 lilium
550 877 582 918 dei
595 890 622 918 ox
633 877 695 933 patris
706 877 794 919 essentia
808 878 863 933 prius

75 943 129 986 onrrri
139 944 260 1000 cogitatione
270 943 358 999 garritum
372 946 457 995 latetur,
478 945 583 986 anatliema
596 945 630 986 sit.
662 944 721 1000 Quod
734 959 783 987 vero
798 946 822 987 ad
833 945 864 986 in-

75 1012 211 1054 carnationem
228 1013 289 1054 divini
305 1012 361 1054 verbi
379 1019 398 1053 et
414 1011 510 1066 unigeniti
527 1012 558 1054 dei
577 1012 610 1053 dlii
625 1013 724 1068 pertinet,
746 1013 864 1054 confitemur

76 1079 137 1121 lilium
153 1080 207 1122 illurn
218 1095 264 1123 esso
277 1081 309 1122 dei
325 1081 464 1136 hominemque
478 1082 551 1122 lactum
562 1081 607 1122 sine
619 1089 714 1137 peccato,
735 1091 864 1137 posteaquam

75 1148 175 1203 integram
187 1148 273 1191 bominis
285 1156 375 1191 naturam
387 1149 506 1205 assumpsit,
522 1148 561 1190 ltoc
572 1155 603 1190 est
614 1148 691 1192 rationo
704 1156 724 1191 et
733 1149 866 1204 intelligentia

75 1217 183 1274 praeditam
195 1218 280 1259 animam
292 1217 436 1272 humanamque
453 1230 542 1259 carnem.
573 1214 681 1260 Credimus
696 1217 716 1259 in
732 1232 792 1260 unum
806 1219 864 1259 derrrn

76 1293 152 1343 patrem
163 1286 326 1343 orrrrtipotentem,
339 1282 426 1328 omnium
437 1285 544 1328 visibilium
553 1285 722 1343 invisibiliumque
731 1287 863 1339 conditorem,

76 1362 97 1398 et
109 1355 201 1398 inunum
215 1356 315 1398 dominnm
329 1353 395 1397 lesum
407 1353 509 1398 Christum
521 1355 581 1397 lilium
596 1355 640 1409 dei,
656 1356 745 1412 gorritum
757 1370 784 1398 ex
798 1363 863 1413 patre,

32 1448 34 1451 .
76 1424 213 1481 urrigenitum,
229 1426 266 1468 boc
278 1432 309 1468 est
320 1425 345 1467 ab
356 1425 445 1468 essentia
458 1425 532 1482 patris,
549 1425 606 1467 deum
618 1426 643 1468 de
655 1426 706 1479 deo,
722 1426 788 1468 lumen
801 1426 825 1467 de
835 1425 865 1467 lu-

76 1495 142 1548 mine,
159 1496 217 1537 derum
228 1509 298 1537 verram
309 1495 334 1536 de
344 1495 382 1537 deo
393 1509 452 1546 vero,
468 1495 566 1550 geraldum,
583 1509 623 1536 arun
634 1495 716 1548 facturn,
733 1495 865 1537 cornsrrbslan-

77 1564 144 1606 tialeru
157 1564 219 1621 patri,
236 1579 272 1621 per
284 1578 341 1621 quem
355 1564 421 1606 orantia
434 1565 485 1605 lancta
501 1570 548 1606 suut
562 1564 644 1620 quaein
657 1565 726 1617 coelo,
743 1578 834 1620 quaeque
845 1565 865 1606 in

77 1639 130 1675 terra
141 1640 195 1676 sunt.
226 1632 266 1689 ani
282 1640 363 1690 propter
375 1647 412 1675 nos
424 1633 527 1685 homines,
550 1639 571 1674 et
586 1640 667 1690 propter
680 1640 768 1675 nostram
779 1633 864 1675 salutern

77 1702 191 1753 descendit,
208 1708 228 1743 et
237 1702 353 1744 irroarnatus
365 1709 407 1754 est,
429 1708 450 1744 et
460 1702 519 1743 homo
531 1703 606 1754 lactans,
627 1709 648 1743 et
660 1716 732 1758 passus
743 1709 785 1755 est,
801 1709 822 1744 et
833 1716 865 1744 re·

77 1771 167 1813 surrexit
179 1770 237 1811 tertia
247 1770 291 1823 die,
308 1770 398 1812 ascendit
409 1770 428 1812 in
439 1771 529 1823 coelum,
546 1778 566 1812 et
580 1777 678 1813 venturus
693 1778 724 1812 est
735 1770 823 1813 iudicare
835 1771 866 1813 vi·

77 1852 114 1880 nos
128 1845 149 1880 et
159 1846 262 1880 mortuos:
288 1845 310 1880 et
325 1839 346 1880 iu
362 1839 453 1894 spiritum
466 1846 566 1881 sanctum.
596 1837 639 1881 Eos
656 1846 722 1881 autem
738 1839 771 1894 qui
788 1839 864 1892 dicunt,

77 1904 126 1948 Fuit
134 1907 239 1962 aliquando
251 1921 295 1948 cum
308 1921 347 1948 nun
362 1906 417 1958 erat,
433 1913 454 1948 ot
464 1913 570 1962 uniloquam
582 1907 700 1962 gigneretur
711 1922 750 1948 nou
763 1914 815 1960 erat,
831 1914 866 1949 aut

78 1974 170 2025 enilrilo,
187 1975 231 2017 sive
245 1988 272 2016 ex
285 1975 348 2016 altera
361 1988 459 2030 persona,
475 1982 509 2016 aut
521 1975 608 2017 essentia
622 1976 689 2016 dicunt
700 1975 805 2027 extitisse,
821 1976 865 2017 sire

78 2042 169 2084 coniventi
181 2042 291 2097 nudarique
301 2056 361 2098 posse
371 2042 402 2083 dei
412 2042 472 2083 lilium
484 2043 591 2094 allirmant,
604 2042 640 2083 lnos
651 2043 776 2084 auatlrernato
786 2044 867 2085 damnarat

79 2111 176 2153 catholica
187 2118 207 2152 et
217 2111 325 2167 apostolica
336 2110 429 2152 ecclesia.
462 2109 505 2165 Ego
517 2109 614 2151 Photinus
626 2111 732 2168 presbyter
743 2110 865 2166 Arnuyranae

79 2179 177 2221 ecclesiae
192 2178 220 2220 ita
236 2179 296 2219 credo
312 2186 332 2219 et
346 2178 411 2219 sentio
434 2185 455 2219 ut
470 2178 501 2219 bic
521 2177 615 2234 scriptum
636 2186 674 2220 est.
713 2177 758 2234 Ego
774 2177 865 2233 Sigonius

78 2247 185 2304 presbyter
201 2247 289 2288 oiarsdern
308 2246 405 2288 ecclesiae
422 2247 450 2288 ita
460 2247 521 2287 credo
532 2253 552 2287 et
563 2246 628 2287 scirtio
641 2252 662 2286 ιιι
675 2246 706 2287 liic
718 2246 812 2301 scriptum
826 2253 865 2288 ost.

79 2313 124 2370 Ego
136 2313 227 2371 Hyginus
244 2315 339 2356 diaconus
352 2314 440 2356 eiusdem
456 2314 554 2356 ecclesiae
572 2314 599 2355 ita
611 2314 671 2356 credo
688 2321 709 2355 et
723 2315 789 2356 sentio
801 2321 823 2355 ιιι
836 2313 867 2356 laio

79 2384 229 2440 scriptumest.
266 2382 312 2439 Ego
330 2381 448 2425 Heraclides
463 2382 597 2425 subdiaconus
615 2383 704 2424 eiusdem
721 2382 821 2424 ecclesiae
840 2382 867 2424 ita

80 2453 141 2494 oredo
159 2459 179 2494 et
193 2452 258 2494 sentio
270 2459 292 2495 ut
307 2451 339 2494 laic
349 2452 443 2509 scriptum
460 2458 499 2494 est.
531 2450 575 2507 Ego
590 2449 680 2507 Elpidius
697 2450 761 2493 lector
777 2451 867 2494 eiusdem

80 2521 178 2564 ecclesiae
190 2521 217 2563 ita
230 2521 290 2564 credo
302 2529 323 2563 et
335 2522 401 2564 sentio
414 2528 435 2563 nt
449 2521 480 2562 bic
489 2521 583 2579 scriptum
595 2528 634 2563 est.
665 2519 710 2577 Ego
722 2517 821 2577 Cyriacus
833 2521 868 2563 de-

81 2592 150 2634 leusor
164 2591 252 2634 eiusdem
266 2591 365 2634 ecclesiae
379 2591 407 2633 ita
422 2591 483 2633 credo
498 2598 518 2633 et
532 2590 598 2634 sentio
613 2590 642 2633 uti
656 2590 689 2632 hic
700 2591 795 2648 scriptum
811 2597 851 2634 est.

139 2799 195 2844 Haec
206 2808 253 2844 sunt
265 2815 315 2858 quae
328 2801 351 2843 ad
364 2802 492 2843 confessores
505 2808 525 2842 et
538 2807 604 2857 patres
616 2799 644 2841 illi
656 2797 787 2855 scripserunt.
808 2796 867 2853 Quae

81 2870 99 2913 si
109 2869 130 2912 in
140 2871 255 2913 melioribus
267 2884 313 2914 esso
326 2871 448 2913 numeranda
466 2869 600 2926 intelligentes
617 2867 761 2921 iudicaverint,
782 2880 819 2924 per
834 2879 867 2909 me

103 3019 120 3054 2.
132 3020 239 3065 mbolrur'qc,
256 3023 299 3064 quod
311 3024 385 3055 orntssuat
396 3022 414 3054 ιἰι
425 3021 459 3054 edi«
484 3022 555 3061 sequitur
564 3021 600 3060 post
609 3020 739 3060 subscriptionem
751 3018 826 3058 Curtaei,
837 3016 868 3050 aar

81 3068 112 3108 tis,
124 3068 186 3100 restitui
196 3077 216 3100 ea
226 3068 273 3101 codd.
285 3077 322 3101 mss.
334 3070 404 3108 utroque.
484 3068 572 3107 scripturae
582 3067 668 3106 nouerca,
680 3064 722 3106 quod
732 3059 811 3107 ὁμολογῶ
822 3063 869 3096 babet

105 3112 121 3147 3.
132 3114 150 3146 lu
165 3114 200 3147 cod.
214 3114 279 3155 Ruediq.
296 3115 389 3154 subscriptio
403 3112 465 3154 Elpidii
486 3120 516 3153 pro
528 3110 591 3154 φρονῶ.
694 3153 729 3198 5*
