1988 3392
270 245 329 279 Τονιι
340 244 427 279 Pmoffls
439 246 495 280 Pras
506 244 637 280 Ροετυκιοιι,
800 236 841 278 671

27 353 29 356 ,
64 324 162 363 Ἀννάν--
186 324 228 358 Ιίνίεί.
244 326 314 369 Repone
329 330 359 357 aut
373 323 392 361 τά
406 324 426 361 τὸ
441 325 489 366 τέλος
501 325 536 370 (σοί.
547 326 605 359 Ρειον.
617 323 637 360 τὸ
648 323 719 358 alterurn
731 322 795 365 omisit)
806 335 844 356 cum

65 385 114 425 Bas„
130 387 159 414 aut
168 376 188 416 τὸ
199 380 228 416 ἐπὶ
238 381 286 421 τέλος
296 392 334 413 cum
344 382 386 416 Ven.
399 400 421 407 —
443 381 491 416 r.19.
510 378 550 426 ἔρος
562 380 593 417 καί
607 378 679 416 τελεῦτα
693 383 735 415 Ven.
746 400 768 407 -
792 380 804 413 l.
814 380 842 414 21.

66 437 127 486 μηκέτι
136 438 254 482 κεκηδεῦσθαι
263 439 305 471 Ven.
328 436 375 470 Idem
383 437 395 470 l.
404 437 432 471 22.
443 437 497 473 πάντα
506 439 561 474 ταῦτα
571 437 596 474 έτι
606 433 654 477 ὄντος
664 434 716 473 αὐτοῦ
726 437 743 473 έν
753 436 809 483 τούτῳ
817 436 843 482 τῷ

66 493 133 540 κόσμῳ.
149 513 170 520 -
194 494 240 528 1.23.
252 493 319 538 τοῦτῳ,
337 500 376 537 post
385 495 464 539 ψυχικῷ,
484 497 567 529 om.ven.
590 495 638 528 Idem
649 492 691 526 ibid.
703 489 740 537 ἅμα
755 493 844 529 καὶπνευ-

66 550 143 598 ματικιῦς
158 550 233 590 τελείως.
248 551 306 599 λίθοιο.
330 549 408 583 Ceterum
423 562 454 595 pro
465 550 550 597 γενομένῳ
560 551 577 585 in
588 553 655 585 Veneto
664 561 701 583 esse
711 551 788 595 suspicor
797 561 843 594 γινο-

66 607 151 655 μένῳ.,-,
173 606 221 642 1.29.
238 603 349 650 λακιζάμενάν
364 618 384 641 τε
397 606 552 652 καλδρυπτάμενον
566 608 648 642 καίλίονι.
660 607 719 640 Recte.
733 626 754 632 -
776 607 789 639 l.
796 608 812 643 7.
822 606 844 640 ab

65 664 95 699 inf.
108 663 186 707 φιλανὶρ.
198 662 216 699 έν
226 659 292 709 ου’ρανῷ
303 665 342 709 βασ.
357 664 399 698 ven.
416 671 433 697 et
446 663 497 709 paulo
509 671 548 709 post
559 661 613 708 λάμῴ.
624 664 640 699 σί
650 663 719 699 δίκαιοι.
732 683 752 689 -
775 664 811 698 Le.
822 664 843 698 ab

66 721 96 756 inf.
108 712 206 767 χορεύουσιν
218 721 260 755 Ven.
271 740 293 746 —
316 720 328 753 l.
338 721 353 754 τί.
365 720 386 753 ab
397 720 428 754 inf.
445 721 514 767 Repone
525 720 554 757 έπί
565 719 635 757 δώδεκα
646 719 722 764 θρόνων,
739 732 760 754 ex
771 722 843 754 Veneto.

111 776 227 824 Pamssss.
250 773 285 811 1⁴4.
304 788 334 812 σου
349 778 414 822 πολλῆς
429 778 506 812 verr-
528 778 545 812 l..
555 775 686 822 5.άρυόμευος
696 776 727 812 καὶ
737 773 844 821 ἀποστρέψαι

65 838 107 872 ven.
119 854 141 861 -
163 834 176 873 l.
184 834 201 869 8.
218 831 302 880 μακάριος
319 831 506 875 εἰπεΜεξλάδισςλίειι.
517 854 542 862 -
563 835 574 868 l.
583 831 610 869 14.
628 834 686 868 Scribe
701 833 769 875 δεικνὺς
783 832 805 879 δὴ
817 830 844 870 ὅτι

65 906 86 929 ex
95 894 138 927 Ven.
162 892 209 926 {dem
220 891 261 926 ibid.
272 889 368 938 φλοίσωμεν
380 904 418 926 cum
428 894 464 927 Bas.
478 913 498 919 -
520 893 532 927 l.
542 894 568 928 15.
579 892 616 940 5εῷ
626 889 704 936 ποριστόν
713 892 743 928 καί
753 889 844 937 δυνάμενον

66 949 147 997 ἀποδείξῃ
158 951 200 985 ven.
213 970 235 977 -—
258 949 269 985 ἰ.
280 949 305 986 16.
318 950 380 993 ζῶντες
390 946 410 987 ου’
421 948 513 996 φθάνωμεν
523 948 562 991 τοὺς
572 962 611 986 κεκ.
622 951 665 984 Ven.
688 950 843 987 idemliberm.

65 1008 160 1045 nonhabet
171 1008 223 1043 verba
232 1004 265 1045 ἀπὸ
275 1009 310 1044 τῶν
320 1005 393 1051 ζώντων.
408 1029 428 1034 -
452 1008 499 1043 l.18.
511 1007 575 1044 ἐκείνου
585 1009 628 1043 Ven.
641 1027 662 1034 -
684 1007 696 1045 ί.
705 1007 731 1043 19.
744 1010 785 1042 Post
792 1010 844 1043 verba

65 1067 95 1104 τοῦ
106 1066 147 1103 θεοῦ
163 1062 245 1112 ἀποδείξῃ
260 1066 303 1100 liber
315 1068 390 1100 Venetus
405 1066 490 1100 interserit
506 1074 602 1111 excerptum
612 1077 632 1098 ex
640 1066 739 1111 apocrypho
750 1067 842 1101 Ezechielis

64 1125 118 1166 libro,
130 1124 202 1158 maxime
211 1123 329 1166 memorabile,
340 1124 384 1157 hoc:
399 1119 533 1169 ’Δναστήσονται
544 1121 577 1168 γάρ
590 1123 606 1158 οἱ
616 1122 682 1168 νεκροί,
700 1123 730 1158 καί
739 1123 843 1169 έγερδησσν-

65 1193 93 1218 ται
102 1182 118 1217 οἱ
128 1180 145 1216 έν
154 1185 190 1221 τοῖς
200 1180 300 1225 μνημείοις,
311 1179 364 1225 φησίν
377 1178 386 1216 ὁ
406 1179 502 1226 προφήτης.
521 1177 561 1215 Ἵνα
572 1178 592 1216 δὲ
603 1180 633 1215 καί
642 1176 664 1215 τά
675 1177 708 1215 άπὸ
719 1181 749 1215 τοῦ
758 1176 844 1226 Ἱεζεκιήλ

65 1240 94 1274 τοῦ
105 1234 193 1282 προφήτου
203 1236 220 1273 έν
230 1237 256 1284 τῴ
267 1237 306 1282 ἰδίῳ
315 1234 410 1283 ἀποκρύφῳ
421 1237 495 1282 ῥηέλέντα
503 1237 543 1282 περὶ
550 1233 662 1276 ἀναστάσεως
671 1234 696 1281 μὴ
705 1237 810 1283 παρασιωπη
813 1249 843 1278 σω,

66 1294 95 1331 καί
107 1293 186 1330 ἐνταῦθα
196 1293 325 1339 παραθήσομαι.
347 1293 482 1339 Αίνιγματωδιῦς
494 1292 527 1339 γάρ
542 1291 653 1339 διηγούμενος
667 1292 713 1338 λέγει
724 1294 763 1338 περὶ
773 1293 806 1338 τῆς
816 1297 844 1330 δι-

66 1351 116 1392 καίας
126 1351 209 1396 κρίσεως,
220 1345 235 1398 ᾗ
245 1355 323 1387 κοινωνεῖ
331 1349 379 1397 ψυχή
391 1350 493 1396 καὶσῶμα,
505 1347 542 1394 ὅτι,
554 1348 640 1390 Βασιλεῦς
650 1362 677 1391 τις
688 1350 705 1386 έν
715 1351 739 1396 τῇ
749 1347 801 1386 αῦτοῦ
812 1354 845 1398 βα·

67 1408 122 1456 σιλείρ
131 1406 196 1448 πάντας
207 1407 252 1454 εἶχεν
261 1407 414 1453 ἐστρατευμένους,
425 1406 500 1453 παγανᾶν
509 1406 529 1444 δὲ
539 1405 570 1443 οῦκ
580 1405 624 1454 εἶχεν
633 1403 646 1452 ἢ
655 1407 706 1451 μόνον
717 1404 759 1449 δυό,
772 1408 801 1444 ἕνα
809 1420 845 1455 γω-

66 1464 94 1502 λάν
105 1465 136 1501 καί
147 1465 177 1502 ένα
185 1464 260 1512 τυφλὸν,
271 1465 302 1501 καί
313 1464 385 1505 ἕκαστος
394 1462 431 1501 κατ’
443 1464 486 1501 ἰδίαν
497 1465 581 1507 καδέζετσ
593 1464 623 1500 καί
628 1461 670 1500 κατ’
681 1464 723 1501 ἰδίαν
734 1460 781 1512 ᾤκει.
804 1466 821 1501 Γ
822 1462 844 1501 ά·

67 1535 108 1568 μους
119 1522 139 1559 δὲ
149 1521 223 1567 ποιήσας
236 1520 247 1560 ά
257 1521 338 1569 βασιλεὺς
348 1523 373 1569 τῷ
384 1522 422 1569 ἰδίῳ
437 1522 470 1569 υἱῷ
480 1521 553 1558 ἐκάλεσε
561 1520 626 1561 πάντας
635 1520 675 1562 τοῦς
685 1520 702 1556 έν
712 1521 736 1567 τῇ
749 1519 800 1557 αῦτσῦ
812 1525 845 1569 βοι-

67 1580 131 1627 σιλείᾳ,
147 1578 273 1625 περιεφράνησε
283 1578 303 1617 δὲ
313 1579 347 1616 τῶν
358 1577 389 1616 δύο
404 1581 493 1625 παγανῶν,
510 1580 540 1615 τοῦ
552 1578 572 1615 δέ
583 1579 639 1625 γωλοῦ
650 1578 719 1614 καὶτοῦ
730 1580 801 1624 τυφλοῦ.
822 1579 846 1614 Οἱ

67 1636 87 1673 δέ
96 1634 218 1682 ἠγανάκτησαν
230 1635 248 1672 έν
258 1636 329 1677 ἑαυτοῖς.
341 1637 371 1672 καί
380 1635 470 1682 ἐπιβουλὴν
481 1635 589 1681 έργάσασδαι
599 1636 624 1681 τῷ
635 1637 703 1682 βασιλεῖ
710 1634 792 1672 ἐπενόουν.
806 1636 846 1672 Πα-

68 1691 144 1738 ράδεισον
160 1693 180 1729 δέ
195 1691 239 1740 εἶχεν
252 1691 262 1729 ά
271 1691 361 1740 βασιλεὺς,
380 1692 410 1729 καί
420 1690 454 1729 ἀπὸ
472 1692 547 1739 μηκοὲλεν
557 1691 567 1729 ὁ
577 1690 642 1738 τυφλὸς
652 1690 709 1728 έλάλει
718 1692 744 1739 τῷ
755 1693 806 1739 χωλῷ
816 1692 846 1729 λί-

67 1762 113 1796 γων,
130 1748 191 1787 Πόσον
201 1744 224 1795 ἦν
234 1748 286 1796 ἡμῶν
297 1748 316 1787 τά
327 1749 396 1796 κλάσμα
405 1751 435 1788 τοῦ
445 1746 496 1794 ἄρτου
505 1748 549 1794 μετά
558 1750 592 1785 τῶν
604 1746 659 1795 ’σ’γλων
667 1749 702 1785 τῶν
714 1749 811 1794 κληθέντων
822 1749 846 1790 εἰς

67 1805 98 1852 τήν
109 1804 213 1853 ειίφροισίαν;
237 1808 291 1852 Δεῦρο
299 1807 363 1850 τοίνυν,
381 1806 441 1847 κοδιίς
452 1806 522 1851 ἐποίησε
531 1805 584 1852 η’μῖν,
600 1803 703 1850 ἀμννίμεὲα
714 1807 766 1850 [corr.
775 1804 846 1852 ἀμυνώ-

69 1864 121 1910 μεθα)
139 1860 196 1901 αῦτέν.
219 1862 341 1910 Ὁδὲέτερος
354 1862 426 1910 ηροίτα,
443 1863 493 1910 Ποίῳ
508 1862 577 1909 τρόπῳς
599 1860 719 1906 Ὁδὲείπεν,
734 1860 846 1909 Ἀπέλδωμεν

69 1919 135 1965 είςτῆν
145 1920 247 1966 παράδεισον
258 1918 311 1957 αῦτοῦ
321 1921 351 1957 καί
360 1918 471 1966 ἀφανίσωμεν
482 1920 521 1956 ἐκεῖ
529 1918 551 1956 τά
561 1920 591 1956 τοῦ
600 1920 710 1964 παραδείσου.
733 1918 755 1955 Ὁ
765 1920 785 1957 δὲ
794 1919 845 1963 εἶπεν,

68 1977 104 2013 Καί
114 1978 152 2019 πῶς
168 1977 251 2023 δυ’ναμαι,
267 1976 324 2024 χωλὸς
334 1973 368 2023 σίν,
385 1977 415 2013 καί
428 1975 452 2023 μή
469 1976 560 2022 δυνάμενος
575 1976 665 2013 έπισαίνειν
676 1978 728 2023 (corr.
739 1976 846 2023 έπειςιέναι];

68 2031 90 2070 Ὁ
101 2035 120 2071 δὲ
130 2034 195 2080 τυφλὸς
211 2035 256 2081 ἔφη,
273 2031 330 2076 Αῦτὸς
341 2034 376 2080 έγιλ
388 2033 462 2080 δυ’ναμαί
471 2046 488 2069 τι
497 2033 586 2079 πράττειν,
603 2032 628 2079 μὴ
644 2032 688 2078 ὁρῶν
698 2034 731 2069 ποῦ
740 2032 845 2081 ἀπέργομαις

68 2089 111 2128 ἀλλά
125 2090 256 2139 τεχνασοίμεδα.
279 2092 333 2133 Τίλοις
345 2093 425 2137 (fortasse
433 2088 510 2132 Ἐκεῖνος
526 2085 555 2127 οὖν
565 2091 624 2131 τίλας,
642 2091 670 2125 vel
681 2091 735 2124 simile
743 2091 790 2137 quid]
803 2090 847 2137 γάρ·

68 2160 95 2184 τον
105 2147 134 2185 τὸν
145 2148 216 2194 πλησίον
230 2149 260 2184 καί
273 2149 336 2191 πλέξας
350 2147 431 2193 ἀκόντισε
445 2149 540 2195 τῷτυφλῷ
551 2146 647 2190 καὶεῖπεν,
663 2146 739 2193 Κράτει,
756 2148 786 2183 καί
795 2149 847 2193 δεῦρο

69 2203 112 2250 τρίς
123 2203 146 2242 τὸ
163 2205 234 2253 ογοινίον
248 2204 291 2250 πρός
305 2218 332 2251 με.
356 2203 390 2246 Ὡς
400 2205 420 2241 δὲ
431 2203 510 2250 ἐποίησεν
521 2201 649 2250 άπραετράπη,
666 2201 677 2240 ἀ
687 2216 707 2240 τε
718 2204 784 2250 ἔφθασε
799 2205 846 2251 λέγει

70 2262 152 2307 (rescribo
164 2259 194 2299 ίίδε
206 2261 273 2308 ίφξλασε
283 2261 356 2307 λέγειν),
373 2261 427 2307 Δεῦρά
437 2275 466 2306 μοι
470 2289 476 2306 ,
493 2265 541 2308 γενοῦ
551 2261 615 2307 πόδες,
631 2260 662 2297 καὶ
672 2259 758 2308 βάστασόν
770 2274 803 2306 με,
815 2261 845 2297 καί

69 2317 137 2364 γίνομαί
146 2330 173 2355 σοι
183 2316 269 2365 ὀφθαλμοὶ
280 2315 345 2355 ἀνωθεν
356 2318 425 2365 ὁδηγῶν
436 2330 456 2354 σε
465 2317 513 2361 δεξιά
522 2318 553 2355 καί
561 2316 646 2363 εὐώνυμα.
669 2318 724 2354 Τοῦτο
735 2319 755 2355 δέ
764 2317 846 2364 ποιησαν-

69 2385 98 2415 τες
106 2375 204 2423 κατέβησαν
216 2375 240 2416 εἰς
251 2374 281 2412 τὸν
291 2373 400 2421 παράδεισον.
421 2373 468 2411 Είτα
478 2374 544 2418 λοιπὸν,
564 2376 598 2412 εἴτε
608 2371 705 2420 η’δίκησοιν,
717 2376 752 2411 είτε
762 2374 794 2412 οῦκ
803 2373 847 2422 αἱδί-

70 2443 135 2479 κησαν,
148 2429 198 2477 ὅμως
207 2431 229 2469 τά
239 2434 277 2478 ίγνη
288 2432 362 2478 πέφηνεν
373 2432 389 2468 έν
399 2433 425 2479 τῷ
437 2432 543 2480 παραδείσῳ.
566 2430 698 2472 Καταλύσαντες
708 2430 729 2469 δὲ
739 2432 759 2468 ἐκ
769 2434 804 2469 τῶν
814 2431 847 2479 γά-

71 2499 106 2531 μων
119 2489 134 2524 οἱ
147 2485 281 2534 εῦφρανδέντες,
298 2488 403 2534 καταβάντες
414 2489 439 2529 εἰς
449 2488 478 2525 τάν
487 2489 589 2533 παράδεισον
600 2487 716 2533 ἐξεπλάγησαν
730 2488 753 2525 τά
763 2491 802 2536 ίγνη
818 2488 847 2525 εῦ-

71 2542 128 2589 ρόντες
140 2544 157 2582 έν
168 2545 194 2592 τῷ
203 2539 314 2592 παραδείσω,
332 2545 362 2581 καί
375 2545 429 2581 ταῦτα
439 2541 539 2590 άνηγγειλαν
551 2546 576 2591 τῷ
587 2547 655 2590 βασιλεῖ
663 2545 749 2590 λέγοντες,
761 2544 847 2586 Ἅπαντες

72 2601 163 2642 σρυιτιυίται
173 2601 191 2638 έν
201 2603 224 2648 τῇ
234 2601 313 2648 βασιλείᾳ
324 2613 364 2646 σου,
376 2601 406 2637 καί
415 2599 472 2641 σῦδείς
480 2600 517 2636 ἐστι
524 2599 609 2645 παγανές.
620 2600 674 2637 πάθεν
681 2601 735 2637 τοίνυν
744 2603 784 2649 ἰ’γνη
791 2614 846 2647 παγα-

70 2655 103 2691 ruir
115 2655 167 2703 ἐντῷ
177 2658 287 2704 παραδείσῳ;
309 2656 331 2692 Ὁ
342 2657 362 2694 δὲ
372 2656 467 2703 έδαῦμασε.
490 2656 526 2692 Καί
537 2655 562 2696 ως
572 2654 602 2701 μέν
612 2654 626 2701 η
637 2656 739 2704 παραβολὴ,
757 2661 808 2703 δῆλον
820 2654 847 2694 ὅτι

70 2713 100 2748 τοῦ
109 2711 219 2762 ἀποκρίφου,
237 2714 293 2760 λέγει,
312 2713 337 2754 εἰς
347 2715 410 2760 (scribe
419 2710 444 2755 ἀίς
454 2734 465 2740 -
474 2734 485 2740 -
496 2710 530 2757 ω’ς,
546 2720 575 2748 aut
587 2712 612 2755 υίς
621 2733 633 2739 -
642 2733 653 2740 -
664 2711 697 2759 τίς)
707 2714 751 2760 πρὸς
760 2712 847 2760 ἄνθρωπον

72 2768 167 2809 αἰνίττεται.
190 2770 211 2808 Ὁ
223 2770 264 2813 ιλεός
275 2771 295 2809 δέ
309 2769 358 2808 ου’δέν
369 2769 431 2817 ἀγνοεῖ.
455 2769 479 2808 Ἡ
490 2772 510 2823 δὲ
520 2769 602 2816 διήγησις
613 2771 669 2817 λέγει·
684 2770 719 2814 Ὡς
729 2773 847 2818 μετεστείλατο

71 2823 100 2863 τίν
110 2828 165 2875 γωλάν
175 2828 206 2866 καλ
215 2827 244 2865 τάν
256 2826 330 2875 τυφλὸν,
347 2828 377 2864 καί
388 2826 470 2875 η’ροίτησε
480 2828 509 2865 τὸν
520 2827 593 2874 τυφλὸν,
610 2827 642 2874 Μελ
654 2828 675 2866 σιί
685 2830 771 2875 κατῆλδες
780 2829 806 2870 εἰς
816 2827 845 2865 τὸν

71 2884 183 2931 ποράδεισον;
195 2885 204 2924 ὁ
216 2886 236 2925 δὲ
247 2886 292 2933 ἔφη,
304 2887 364 2932 Οίμοι,
376 2884 430 2933 κύριε,
443 2885 486 2936 ὁρᾷς
496 2884 546 2934 η’μῦν
555 2885 586 2932 την
597 2885 700 2934 ἀδυναμίαν,
713 2885 760 2928 σίδας
771 2884 798 2924 ἔτι
809 2885 845 2933 ὁρῶ

72 2943 134 2988 (scribe
145 2941 177 2993 οῦγ
188 2943 233 2993 άριῦ)
242 2945 275 2982 ποῦ
287 2945 362 2993 βαδίζω·
375 2943 413 2981 εἶτα
424 2944 478 2983 ἐλδολν
488 2944 516 2982 ἐπί
523 2943 552 2982 τᾶν
563 2944 618 2992 χωλὸν
629 2946 660 2983 καί
670 2944 721 2983 αῦτάν
730 2943 801 2992 η’ριίτα,
815 2945 845 2982 Σὺ

72 3003 158 3049 κατηλλες
168 3004 193 3046 εἰς
201 3003 230 3042 τὸν
240 3001 344 3049 ποράδεισάν
355 3013 401 3049 μου;·
419 3001 441 3040 Ὁ
452 3004 472 3042 δὲ
483 3000 581 3048 άπσκριλείς
590 3001 646 3049 εἶπεν,
661 2997 687 3040 Ὠ
698 3003 756 3049 κῦριε,
767 3004 847 3049 πικράναι

73 3070 105 3102 μου
114 3059 146 3106 τὴν
157 3060 214 3109 ψυχὴν
225 3061 242 3098 έν
251 3062 276 3109 τῷ
290 3060 337 3107 μέρει
347 3061 381 3107 τῆς
394 3058 489 3108 ἀδυναμίας
500 3060 560 3109 βούλει.
583 3061 621 3098 Καί
635 3061 690 3098 λοιπὸν
700 3061 713 3107 q*
723 3062 779 3107 κρίσις
790 3059 846 3109 ἀργεῖ.

73 3113 97 3152 Τί
106 3110 134 3156 οὖν
144 3117 208 3156 rotato*
218 3117 279 3166 κριτάς
288 3117 298 3156 ά
307 3118 383 3161 δίκαιοςτ
406 3117 496 3166 Ἀναγνοῦς
505 3118 549 3166 ποίῳ
559 3117 618 3167 τρόπῳ
629 3118 723 3165 ἀμφότεροι
732 3117 845 3168 ἐζεῦγθησαι,
