1988 3392
132 200 174 242 230
422 206 629 241 οεαοτιεειειτιαιτ

132 284 241 342 κόίνέντῷ
251 283 342 340 τογόντις
371 284 474 342 Γνοίσηιλὲ
485 282 612 340 ὅτιόίναρχος
623 282 683 337 θεός,
703 285 738 327 καί
750 281 858 341 νίγέννητος
870 286 919 338 θεός
978 326 981 334 ,

133 355 237 410 ἐγέννησεν
256 355 276 404 ἐξ
295 354 358 396 αὐτοῦ
373 351 424 395 θεόν
440 351 512 407 ὅμοιον
529 353 604 412 ἑαυτῷ,
626 351 651 397 οό
667 351 738 408 μόνον,
757 350 806 395 ἄλλά
825 354 861 396 καί
876 356 920 399 ἰσον

133 420 184 466 κατά
192 420 264 464 πάντα.
295 424 336 464 Καὶ
345 420 382 464 οἰκ
395 422 481 472 έκτισεν,
502 423 536 464 ἵνα
547 419 575 476 μη
586 419 683 477 οίνόμοιος
692 419 705 464 o‘
715 422 806 472 κτισθελς
815 420 920 478 γενόμενος

134 489 224 550 ἀφανίσῃ
242 490 264 534 τό
282 494 336 533 5.τοῦ
350 488 400 539 θεός
416 487 479 545 όνομα
498 488 583 546 διαίτης
600 489 721 541 διαστάσεως
734 494 770 546 τῆς
786 495 920 548 παραλλαγῆς.

132 553 244 605 Ἀδόνατον
255 558 293 617 γάρ
306 557 341 602 τόν
351 563 451 616 γεννῶντα
464 556 560 618 ιίνόμοιον
571 560 605 603 καί
616 557 686 604 άνισον
699 563 771 617 γεννᾶν
781 560 865 612 ἑαυτοῦ,
885 563 921 605 καί

134 629 170 675 τόν
178 629 320 687 γεγεννημένον
332 627 428 683 ἀνόμοιον
440 626 491 671 εἶναι
506 633 543 671 τοῦ
554 627 700 684 γεγεννηκότος.
731 626 770 672 Διό
782 630 872 672 ἐνταῦθα
887 646 922 672 πε-

135 700 242 757 ριληψεται
255 702 291 752 τῆς
308 695 429 751 ταυτότητος
443 694 466 739 τό
483 694 534 740 κατά
548 695 610 751 φύσιν
628 698 649 748 ἒξ
667 694 794 754 εόαγγελικῆς
806 701 921 755 μαρτυρίας,

136 768 173 821 ότι,
187 765 259 810 Πάντα
268 765 293 808 τά
303 770 340 809 τοῦ
350 763 425 822 πατρός
436 764 473 821 ἐμά
485 766 533 819 ἔστι,
544 766 633 809 τουτέστι
642 764 693 817 θεός
704 764 799 823 όπατηρ,
813 764 863 816 θεός
875 765 921 824 έγοί,

136 836 175 893 ζωὴ
190 834 202 880 ό
212 834 288 893 πατὴρ,
303 833 343 890 ζωὴ
355 832 404 892 ε’γιό,
420 834 453 877 καὶ
464 833 488 878 τά
499 835 546 890 ἑξῆς
557 832 624 879 πάντα
636 834 674 879 ίίσα
685 837 757 893 πρέπει
768 836 828 894 πατρί
838 836 873 879 καί
884 839 922 896 νίῷ

136 909 171 951 καὶ
182 905 231 966 άγίιμ
242 904 339 960 τινεάματι
351 905 372 948 έν
387 908 423 963 μιᾷ
432 903 525 959 θεότητι,
546 905 608 960 μηδὲν
621 910 657 960 τῆς
670 904 751 962 τριάδος
761 907 923 963 παρηλλαγμένον

137 975 232 1033 ἐχούσης,
252 978 322 1029 σαφεῖς
337 971 385 1030 ἡμῖν
401 971 492 1031 οἰνάργως
505 975 540 1018 καὶ
559 972 649 1032 άγρόνως
664 980 701 1019 τοῦ
712 973 849 1019 ἔνννιοστάτον
861 974 923 1032 λόγον

136 1050 173 1090 τοῦ
183 1044 260 1103 πατρός
270 1046 304 1087 καὶ
315 1048 351 1088 τοῦ
361 1042 498 1087 έννποστάτον
507 1043 620 1099 πνεύματος
631 1048 667 1088 τοῦ
677 1042 735 1102 άγίοο
748 1046 771 1089 ἐκ
781 1042 857 1101 πατρός
871 1046 924 1088 6καί

138 1120 178 1160 τῶν
192 1118 229 1158 τοῦ
244 1115 292 1157 οἱοῦ
307 1112 354 1168 ἡμῖν
370 1114 391 1157 έν
405 1111 477 1169 γνώσει
491 1115 554 1171 τελεία
568 1112 725 1169 ἠσφαλισμένοα.

196 1386 272 1432 Ἀετίον
283 1393 352 1442 κεφαλ.
361 1386 385 1442 β’.
402 1390 431 1430 Εἰ
439 1387 506 1443 πάσης
515 1390 580 1439 αἰτίας
591 1391 686 1447 κρείττων
698 1387 782 1446 ὑπάρχει
794 1387 807 1431 ό
817 1386 925 1446 άγέννητος

139 1457 199 1511 θεός,
220 1455 254 1501 διά
270 1462 330 1501 τοῦτο
344 1458 379 1500 καὶ
396 1457 505 1514 1γενέσεως
519 1460 614 1514 κρείττων
634 1457 659 1501 όίν
676 1460 712 1513 εἰη,
742 1459 772 1501 Εἰ
792 1458 814 1500 δὲ
830 1460 924 1515 κρείττων

140 1529 182 1572 ε’στλ
197 1525 264 1582 κνίσης
274 1528 345 1578 αἰτίας,
360 1524 452 1579 δηλονότι
462 1527 497 1569 καὶ
508 1527 606 1583 γενέσεως.
639 1524 691 1569 Οἰίτε
701 1525 738 1583 γάρ
748 1525 795 1581 παρ’
805 1527 873 1583 έτέρας
886 1525 925 1580 φό-

141 1611 191 1647 σεως
206 1597 274 1650 εἰληφε
289 1593 311 1637 τό
327 1592 388 1647 εἰναι,
405 1592 450 1637 οάτε
465 1592 544 1645 είαίιτός
558 1596 623 1653 ἑαυτῷ
637 1593 660 1639 τό
675 1592 724 1638 εἰναι
738 1596 828 1652 παρέσχε.
865 1609 868 1611 ·

196 1663 276 1720 Ἀνατρ.
306 1664 336 1705 Εἰ
345 1663 411 1717 κνίσης
420 1664 484 1712 αἰτίας
494 1666 589 1718 κρείττων
598 1662 683 1720 ὑπάρχει
693 1661 705 1707 ό
715 1661 822 1720 άγέννητος
833 1662 893 1718 θεός,
915 1661 927 1707 ό

142 1733 164 1777 δέ
174 1731 267 1791 γεννητός
279 1734 300 1783 ἒξ
311 1729 374 1775 αὐτοῦ
386 1729 471 1783 οἰναξίως
483 1729 546 1775 αὐτοῦ
556 1732 682 1789 γεγέννηται,
702 1733 737 1775 καὶ
749 1731 775 1775 οἰι
785 1729 827 1775 κατ’
837 1731 926 1788 ἰσότητα,

143 1803 177 1846 καί
189 1803 210 1846 έν
218 1806 246 1860 τῷ
255 1806 291 1844 τοῦ
303 1799 378 1857 πατρός
389 1801 501 1859 προκριτέμ
512 1799 595 1855 ὀνόματι
607 1802 695 1856 ἕστηκεν,
710 1798 791 1856 άτιμίαν
799 1805 828 1860 τῷ
837 1817 928 1859 γεγεννη-

142 1870 187 1914 κότι
197 1869 219 1913 τό
230 1870 318 1927 γέννημα
329 1874 472 1925 περιποιεῖται,
495 1869 562 1925 ἑτέρον
574 1867 672 1924 ὀνόματος
682 1868 736 1925 παρά
748 1868 772 1912 τοί
784 1869 878 1927 γεγονότα
887 1873 928 1913 κτί-

143 1954 207 1995 σματα
216 1940 266 1995 έχων
276 1937 298 1980 τό
308 1936 392 1993 ἀξίωμα,
409 1939 443 1980 καὶ
454 1935 478 1981 ον’
487 1936 538 1980 κατά
549 1935 574 1980 τοί
584 1938 680 1995 γεγονότα
689 1937 726 1993 τήν
735 1937 794 1994 τιμὴν
804 1943 831 1997 τῷ
843 1956 928 1994 πεποιη-

143 2007 187 2052 κότι
194 2006 368 2065 περιποιούμενοι.
401 2005 430 2048 Τά
442 2006 478 2061 μέν
487 2004 525 2062 γάρ
536 2004 594 2056 ἐκτός
604 2006 668 2050 αὐτοῦ
677 2006 738 2059 δόξαν
747 2012 776 2067 τῷ
786 2006 883 2051 κεκτικότι
895 2024 929 2051 πε-

143 2082 257 2134 ριποιεῖται,
272 2074 310 2120 οάκ
322 2074 370 2119 όντα
380 2077 413 2118 ἰσα
420 2079 448 2133 τῷ
458 2073 584 2130 πεποιηκότι,
599 2074 647 2118 οὐδὲ
655 2073 738 2130 όνόματι
747 2082 784 2120 τοῦ
792 2074 929 2132 πεποιηκότος

142 2144 267 2201 καλούμενα,
289 2143 338 2187 άλλοί
353 2146 414 2187 δοῦλα
431 2143 528 2200 γενόμενα
548 2146 576 2195 εἰς
596 2143 657 2195 δόξαν
671 2149 709 2187 τοῦ
726 2143 872 2199 πεποιηκότος,
894 2148 929 2188 λ’να

143 2212 185 2259 άπό
197 2219 237 2258 τῶν
254 2213 341 2265 ἐνδόξων
355 2214 378 2256 ἐκ
395 2216 450 2256 3τοῦ
467 2209 519 2269 ὑπὲρ
537 2210 562 2255 τά
578 2213 649 2263 ένὸοξα
663 2212 759 2269 γεγονότα
775 2211 796 2256 τό
809 2214 929 2270 προκριτέον

58 2305 93 2335 pag.
102 2298 133 2327 εει.
143 2285 177 2328 καὶ
188 2281 239 2339 ὑπὲρ
254 2280 305 2325 αότιλ
318 2280 342 2324 όν
353 2280 456 2337 οἰναλόγως
470 2285 578 2338 θεωρῆται.
606 2279 630 2323 Ὁ
640 2281 662 2323 δὲ
675 2279 742 2324 οὐκέτι
755 2285 781 2340 τῇ
793 2280 870 2325 τούτων
882 2282 929 2326 ὀνο-

144 2354 206 2409 μασίμ
217 2350 383 2405 κικλησκόμενος,
404 2354 428 2408 τῇ
441 2350 463 2392 δέ
474 2350 593 2406 κροκριτέοο
603 2347 744 2404 όμοουσιότητι
755 2351 778 2392 ἐκ
788 2355 825 2393 τοῦ
835 2350 929 2406 τετάχθαι

144 2420 289 2475 σννηνωμένως
299 2419 349 2474 έχων
359 2416 382 2461 τό
394 2418 481 2473 ἀξίωμα,
497 2419 515 2461 εἰ
524 2419 593 2461 διοίσει
603 2422 640 2461 τοῦ
651 2419 771 2474 προκριτέον
782 2418 819 2475 τήν
828 2425 927 2477 παραλλα-

143 2488 193 2545 γήν,
213 2489 248 2531 καὶ
268 2492 296 2546 τῷ
316 2488 426 2546 προκριτέμ
444 2488 525 2529 ἔλαττον
542 2485 619 2541 άξίωμιι
635 2485 797 2544 περιποιήσεται,
817 2489 928 2531 διαλλαττο-

145 2557 206 2612 μένης
218 2560 254 2611 τῆς
271 2555 322 2599 κατά
340 2553 363 2600 τό
384 2556 502 2613 προκριτέον
515 2559 552 2598 τοῦ
567 2553 689 2611 γεννήματος
705 2556 852 2607 ἐκικοινωνίας,
889 2555 928 2600 Διό

144 2626 215 2680 ὅμοιος
226 2627 246 2675 ἐξ
255 2621 340 2679 όμοίου,
360 2626 394 2667 καί
409 2626 453 2674 ἰσος
464 2626 484 2674 ἐξ
499 2625 544 2666 ἰ’σον
556 2621 605 2678 ημῖν
620 2621 632 2667 ό
645 2622 739 2679 βλαστός,
761 2622 800 2668 οόκ
813 2623 853 2669 άπό
862 2639 928 2679 σωμα-

143 2699 201 2749 τικῆς
216 2695 303 2745 ἐννοίας,
318 2697 343 2751 τῇ
352 2697 416 2736 πίστει
426 2694 564 2747 κατείληπται,
584 2690 624 2735 ἀλλ’
636 2690 664 2742 εἰς
675 2690 725 2743 θεός
734 2693 757 2736 ἐκ
767 2697 830 2745 θεοῦ,
850 2697 895 2747 φῶς
907 2695 929 2737 ἐκ

145 2761 224 2818 φωτός,
245 2763 281 2805 καλ
294 2760 352 2817 λόγος
368 2760 444 2819 πατρός
459 2758 603 2812 ἒννττόστατος,
624 2762 736 2817 σωζομένης
750 2766 786 2816 τῆς
803 2759 929 2816 άμεταθέτον

168 2880 184 2912 ό.
196 2879 227 2913 τοῦ
238 2880 305 2920 fortasse
317 2879 401 2910 delendum
412 2881 439 2911 est.
548 2880 595 2919 repet.

167 2924 184 2958 6.
197 2927 254 2957 Vitiosa
267 2927 283 2957 ῐκ
294 2925 331 2956 edit.
343 2924 399 2957 Ρελον.
412 2925 464 2957 θολοτι.
477 2924 527 2964 τιμαί.
571 2922 587 2956 3.
599 2925 633 2959 τῶν
643 2925 718 2958 mendum
729 2928 751 2958 est
759 2926 796 2957 edit.
807 2924 863 2957 Ριιοα.
876 2925 929 2957 σολον.

144 2974 230 3005 exaratum
239 2972 296 3012 λερίίιιτ
306 2966 371 3003 καὶτὸν
379 2968 408 3003 τοῦ
416 2969 458 3010 υἱοῦ,
469 2965 525 3012 ἡμῶν.
548 2972 595 3010 νομοί.
619 2971 690 3003 (Σάτνιον
701 2972 741 3003 λοστ
753 2972 801 3003 verba
811 2971 850 3002 αι’λίο
860 2981 891 3003 non
901 2979 929 3003 σσ-

170 3018 184 3051 1.
196 3014 289 3059 γεννεόεως
300 3016 335 3048 cod,
350 3015 416 3056 Βλεσῑμ.
548 3017 587 3046 rent.
611 3017 715 3049 scribendum
728 3019 767 3056 μαίο
782 3013 802 3049 ἐκ
814 3014 844 3051 τοῦ
854 3013 897 3060 ιίτεὲρ
907 3012 929 3051 τὰ

168 3062 185 3096 2.
198 3058 249 3097 αἰτόν
263 3063 319 3095 vitium
331 3063 353 3093 est
367 3061 392 3093 ed.
403 3062 458 3094 Ρειον.
471 3061 524 3092 σολον.
549 3057 582 3094 ἰιδ.
594 3060 664 3105 γεγονὸς
675 3058 694 3096 τό
707 3071 736 3107 πρ.
