1988 3392
245 185 338 219 osunen
349 187 393 220 cro.
402 188 432 221 ur.
444 186 500 220 rom.
511 188 524 219 r.
540 185 608 218 noun.
622 185 706 218 Lxxru.
843 176 871 218 87

81 265 118 307 ista
130 265 260 321 respondent,
275 268 336 319 Apud
344 269 410 316 dem,-
426 265 470 307 istis
483 279 541 317 vero,
557 268 595 306 Per
607 279 643 312 me,
663 263 720 314 baec,
737 265 769 304 At
780 272 870 314 aeterno,-

82 336 149 376 Omuia
162 336 271 387 pertinetem
284 336 404 389 factasunt,
427 337 497 374 eterne
511 335 634 390 ipsofnetum
651 335 746 372 estnihil.
777 331 819 374 Pru
834 332 872 373 hac

82 416 145 454 voce,
160 404 267 451 Fuudnoit,
284 403 348 454 istud,
371 404 557 457 Qtuodfoctumest,
580 405 651 455 inipso
664 404 761 441 natuerat.
793 398 872 443 Cuisi-

84 471 130 514 mile
143 478 174 513 est
185 471 245 514 illud:
261 474 285 512 ln
295 475 336 526 ipso
348 480 414 513 orento
427 479 474 513 sicut
487 475 556 513 omnib.
588 468 641 513 Nam
654 469 685 512 bis
697 469 776 522 verbis,
793 473 820 511 Et
829 486 872 512 oer-

83 543 125 583 bunu
140 556 187 583 coro
198 543 324 597 factumest,
347 542 380 584 illa
394 542 527 600 respondent,
549 544 649 597 Sapientia
662 543 774 595 nedfiennit
787 542 826 581 sihi
838 544 872 582 do-

82 626 140 653 mum.
172 609 222 654 ltem
240 626 275 668 pro
291 611 333 664 tais,
356 615 416 654 Erum
433 616 560 667 npudipsum
580 626 703 666 campancae,
727 609 814 652 loannes
832 611 871 652 ista

82 680 173 738 scripsit,
193 683 238 722 Nou
248 683 374 735 potestfilins
385 698 397 723 n
408 686 469 736 seinse
480 684 547 736 sineere
560 685 672 736 quiequam,
695 683 736 720 ni'si
743 682 796 733 qnod
802 682 873 721 eciderit
878 692 929 722 tonan.
934 693 948 729 5,
954 692 976 721 la.

80 757 156 804 putrem
167 752 285 804 facientem:
308 765 357 804 potue
367 755 416 792 enim
427 754 461 792 ille
468 753 529 805 facit,
546 754 610 791 endem
622 758 643 791 et
644 752 704 803 filins
715 751 806 790 slmiliter
812 751 870 803 fucit.

83 817 186 860 Habemus
197 819 258 874 igitur
268 829 338 860 exore
350 821 433 862 duorum
444 820 477 862 vel
489 821 547 861 trium
561 819 639 861 testium
650 819 685 860 lilii
694 819 803 860 secundum
815 825 873 859 riatu-

82 901 125 929 ram
135 888 282 929 similitudinem
294 902 337 929 cum
348 896 404 944 patre
417 889 573 944 comprobatam.
604 886 661 929 Unus
672 887 743 943 quippe
753 887 872 943 sapientiam

83 955 179 1011 sapientis
191 956 252 997 lilium
266 956 378 1012 praedicat,
400 957 451 997 alter
465 955 497 997 dei
508 955 591 997 verbum
605 955 727 1010 unigenitum
739 956 809 1006 deum,
832 963 873 996 ter-

83 1025 122 1066 tius
133 1024 163 1065 dei
176 1024 237 1066 filium
249 1024 355 1080 imaginem
368 1026 459 1066 affirmat.
479 1025 549 1072 ,Adeo
560 1031 581 1065 ut
591 1025 721 1072 decertum,
738 1031 759 1064 et
768 1026 870 1077 snpientia,

83 1101 104 1133 et
112 1096 176 1145 imago
189 1108 247 1134 urium
266 1107 360 1148 prorsus,
382 1101 403 1135 ut
418 1101 477 1135 antea
492 1093 620 1143 dictumest,
641 1092 733 1146 idemque
748 1091 871 1148 significent,

83 1175 106 1203 ac
119 1161 150 1203 dci
163 1160 264 1217 patrisque
280 1163 388 1203 secundum
405 1162 513 1203 essentiam
527 1161 580 1203 iilius
597 1160 728 1202 cummuniter
744 1160 768 1201 ab
782 1161 874 1202 omatibus

83 1237 220 1271 asseveretur.
251 1228 335 1271 Praeter
350 1231 398 1271 baec
411 1244 460 1271 vero
474 1230 535 1271 divini
552 1244 589 1271 nos
607 1228 706 1271 sermonis
723 1229 832 1270 auctoritas
848 1229 872 1270 ad

83 1298 136 1339 illam
148 1297 248 1339 essentiae
260 1299 314 1340 velut
328 1299 418 1340 manibus
429 1300 590 1340 contrectandam
602 1296 763 1348 similitudinem,
780 1296 874 1338 Tbomae

84 1365 160 1417 instar,
177 1366 267 1423 adducit,
288 1381 332 1407 cum
345 1369 371 1407 ita
383 1366 481 1421 loquitur:
503 1369 625 1419 Sieutpoter
636 1367 694 1405 dolet
702 1369 760 1406 vitum
771 1368 791 1405 in
801 1368 871 1418 semaa,

84 1437 111 1473 itu
122 1441 142 1474 et
145 1435 192 1487 filio
202 1435 254 1474 dedit
264 1436 321 1474 vitum
331 1436 401 1474 dobere
413 1438 432 1474 iu
443 1436 512 1486 seipso.
544 1432 624 1474 Etenim
638 1433 654 1473 si
667 1432 800 1482 buccaene,
817 1436 875 1473 Sicut

81 1510 139 1555 potor
150 1503 217 1551 dolet,
234 1501 264 1543 sic
276 1501 401 1558 accipiamur
411 1509 432 1543 ut
443 1516 482 1543 tion
495 1502 518 1543 ad
532 1501 583 1542 aliud
597 1502 688 1556 quiddam
701 1502 826 1552 referamur,
850 1515 873 1542 ac

84 1570 184 1612 diversum
201 1572 276 1625 (ireque
293 1569 345 1611 enim
361 1570 413 1612 aliud
425 1578 456 1611 est
468 1576 537 1626 pater,
560 1570 612 1611 aliud
628 1570 669 1612 rita
681 1583 731 1625 quae
747 1570 808 1611 estin
820 1569 872 1626 ipso,

84 1640 140 1695 quasi
152 1639 203 1682 aliud
214 1640 240 1681 sit
249 1640 301 1696 quod
314 1639 398 1692 babeat,
415 1639 467 1682 aliud
479 1640 530 1695 quod
543 1638 611 1681 baberi
623 1639 711 1692 dicatur,
728 1639 763 1680 sed
775 1639 818 1695 ipse
830 1639 875 1681 sine

83 1709 123 1752 ulla
134 1709 278 1767 coriipositioue
290 1709 331 1752 vitu
341 1716 373 1751 est
382 1717 448 1766 pater:
471 1724 531 1766 porro
547 1710 599 1751 sicut
611 1709 670 1751 babet
680 1710 736 1767 ipse,
757 1708 786 1750 sic
799 1715 820 1750 et
832 1708 874 1750 lilio

83 1779 170 1830 dederit,
187 1779 278 1821 nimirum
289 1779 337 1821 citra
351 1779 528 1836 compositionem,
544 1786 566 1821 ut
575 1786 596 1821 et
606 1781 680 1836 pater),
697 1779 822 1821 manifestum
834 1786 873 1833 est,

83 1863 126 1890 cum
139 1849 165 1890 ita
177 1849 230 1890 illam
242 1848 314 1891 babeat
325 1849 390 1900 iilius,
413 1863 450 1890 neo
465 1856 557 1905 tanquam
571 1848 672 1903 ingenitus
684 1849 767 1901 babeat,
789 1850 872 1890 earudem

82 1917 233 1974 compositionis
244 1919 302 1959 modo
315 1932 355 1959 non
366 1918 451 1970 babere,
474 1933 497 1959 aa
510 1918 609 1960 simillime
623 1917 644 1959 in
658 1918 762 1970 omnibus,
784 1919 836 1974 quod
849 1919 873 1960 ad

82 1987 190 2028 essentiam
206 1987 289 2038 attinet,
314 2000 337 2027 ac
352 1993 421 2042 pater,
446 1987 534 2042 citraque
551 1986 724 2042 compositionem.
756 1985 802 2029 Nec
820 1987 873 2028 euim

21 2081 23 2084 -
83 2061 114 2096 est
126 2055 243 2106 obscurum,
260 2055 279 2095 id
293 2056 343 2110 quod
355 2054 419 2096 simile
433 2062 475 2107 est,
491 2056 543 2096 idem
554 2055 632 2111 penitus
645 2069 689 2096 cum
702 2069 726 2096 eo
738 2055 794 2096 cuins
808 2054 873 2097 simile

83 2130 170 2165 estesse
183 2137 223 2164 tion
235 2136 302 2179 posse.
334 2120 397 2165 Curius
409 2123 437 2164 rei
449 2130 566 2178 argumento
579 2121 616 2175 sit,
633 2123 684 2178 quod
697 2122 749 2164 idem
762 2123 796 2164 ille
809 2124 873 2165 factus

83 2191 107 2233 ad
119 2191 218 2232 bominum
230 2191 378 2233 similitudinem
388 2191 418 2232 dei
432 2190 497 2241 titius,
519 2191 566 2232 licet
582 2191 641 2231 botrio
657 2191 729 2242 luerit,
751 2205 791 2243 non
807 2199 873 2232 tamen

83 2259 134 2300 idem
146 2274 189 2300 curn
203 2259 282 2300 bomine
292 2260 370 2315 penitus
383 2259 450 2301 tuerit.
481 2259 513 2300 Ao
524 2260 603 2301 tarnetsi
615 2266 707 2314 suscepta
722 2264 788 2300 carnis
797 2264 947 2313 percutiamus,
955 2273 968 2301 a.

83 2330 208 2368 sainilitndme
220 2327 345 2382 passionibus
356 2327 408 2378 illis,
430 2342 441 2368 a
454 2327 525 2383 quibus
536 2327 603 2369 carrus
616 2335 717 2384 peccatum
730 2329 872 2384 proficiscitur,

84 2395 184 2437 obnoxius
194 2403 261 2447 esset,
278 2396 388 2438 cuiusmodi
398 2403 445 2437 struit
456 2398 518 2437 tames
531 2410 555 2437 ac
566 2396 620 2448 sitis,
637 2405 757 2452 ceteraeque
768 2398 787 2438 id
799 2412 871 2451 gorius,

84 2462 136 2505 idem
146 2471 213 2505 tanuen
225 2464 276 2520 quod
287 2465 311 2506 ad
322 2464 388 2505 carnis
399 2472 501 2520 peccatum
513 2465 600 2521 pertinet
610 2480 648 2506 raon
662 2465 705 2506 tait.
738 2463 874 2520 Quamobrem

84 2547 112 2575 ex
122 2533 236 2588 apostolicis
251 2533 306 2574 bisce
323 2533 441 2595 testimoniis
460 2533 495 2575 lilii
511 2534 620 2577 secundum
637 2533 745 2576 essentiam
760 2542 874 2591 compatre

84 2601 193 2643 similitudo
205 2601 313 2657 colligitur.

141 2669 170 2714 Ut
181 2671 233 2713 enim
249 2670 349 2712 hominnm
361 2670 394 2712 ille
407 2670 477 2713 similis
490 2671 565 2725 laotm,
587 2677 608 2713 et
619 2671 679 2714 lmmo
690 2680 746 2725 erat,
767 2679 787 2714 et
800 2687 839 2714 non
852 2672 873 2714 in
885 2688 926 2733 cap.
934 2688 966 2724 1x,

85 2740 176 2783 omnibus
191 2746 246 2794 erat,
270 2739 329 2781 bonto
346 2739 435 2796 quidem,
461 2748 559 2797 quatenus
574 2756 653 2784 carnem
671 2743 760 2800 suscepit
779 2742 872 2795 borninis,

109 2857 135 2891 10.
153 2855 197 2901 ἔχειν
213 2858 268 2890 vitiose
284 2858 327 2889 earm
339 2858 357 2888 tn
372 2857 398 2888 ed.
410 2857 466 2891 Petou.
490 2859 613 2898 tinomao.

86 2905 139 2937 Coton.
150 2905 222 2944 repetito.
514 2903 541 2938 13.
555 2902 641 2944 acinace
652 2907 687 2939 cod.
696 2906 762 2947 naenia

109 2950 135 2983 11.
153 2949 213 2993 νοῆται
228 2950 253 2982 ed.
265 2950 319 2982 Polou.
343 2951 406 2983 νοεῖται
420 2950 466 2983 codd.
514 2947 541 2984 14.
558 2949 583 2989 εἰς
596 2945 682 2993 ἀπόδειξιν
693 2954 782 2994 suspicatus
793 2954 816 2985 est
826 2954 874 2986 Peto-

85 3005 123 3029 mss.
135 2999 150 3029 et
161 2997 186 3028 ed.
197 2996 249 3036 princ.
490 2998 531 3029 utus,
555 2997 602 3037 Quae
613 3009 641 3029 res
654 2998 681 3031 rel
695 2997 735 3031 hinc
748 2997 874 3038 demonstratur

110 3041 137 3075 te,
147 3036 175 3076 cisi
186 3040 272 3080 συνθέτως
281 3042 315 3074 cod.
324 3041 397 3083 attenta,
408 3044 423 3074 et
431 3043 466 3076 cod.
490 3044 536 3075 vertit
548 3044 638 3079 canonos.
869 3038 871 3046 ⁸
