1988 3392
196 232 202 237 ·
228 228 321 261 rnuaun
334 228 378 260 nra.
387 229 417 260 111.
430 228 486 261 rou.
496 229 509 260 r.
522 227 591 264 uana.
601 226 685 258 cxxvi.
809 217 851 257 205

65 318 93 346 ex
113 311 181 361 patre,
205 307 305 361 perlectus
326 319 353 347 ex
368 307 469 361 perlecto,
493 307 594 362 perlectus
615 303 690 346 itidem.
706 302 787 359 spiritus
807 315 853 343 sau·

66 382 110 417 ctus
126 382 164 416 est.

123 443 180 503 Quae
196 462 240 490 cnm
255 445 282 489 ita
299 446 350 501 sint,
372 446 448 490 dnobus
463 446 551 491 tribusve
565 444 686 498 testimoniis
700 444 778 488 illorum
794 443 849 487 dete·
862 448 955 495 capvflt.

66 517 143 573 gendus
155 532 214 560 error
225 525 263 560 est.
294 516 347 559 Nam
358 517 375 559 si
387 519 475 574 genitum
490 518 514 559 ab
526 519 560 560 illo
571 519 631 560 tilium
650 516 731 559 omnino
746 516 851 567 fateamur,

66 586 149 627 eundem
165 594 185 628 et
198 586 285 643 genitori
302 586 385 628 similem
403 588 517 630 necessario
533 588 645 629 fatebimur.
675 584 806 641 Perspicuum
818 598 853 625 an-

65 660 105 696 tem
118 662 161 707 est,
178 670 221 697 cum
239 656 370 698 verbotenus
386 656 474 712 genitum
492 670 537 698 esse
555 657 607 698 dieat
623 655 696 706 lilium,
717 653 784 709 reipsa
796 665 852 693 crea-

66 730 131 763 turam
144 723 262 765 existimare
275 739 298 765 ac
311 725 406 775 eredere,
423 725 450 765 ita
463 731 484 765 ut
492 724 536 765 sola
548 724 579 764 dei
591 724 654 778 gratia
666 724 718 764 lilius
730 721 852 777 appelletur,

67 803 118 843 qnae
135 797 165 831 est
182 790 298 831 coelestium
316 791 400 831 linitoris
415 791 479 842 illins,
502 799 522 831 ει
536 805 669 844 eorumquae
683 789 853 841 dividinonpos-

67 864 114 898 sunt
132 857 238 909 divisoris,
262 864 282 897 ει
299 864 379 898 nostrae
399 871 435 913 per
452 855 553 899 Christum
571 857 640 899 salutis
658 855 756 898 mensoris
777 854 851 910 opinio.

66 924 143 969 Verum
156 926 242 969 omnium
253 926 336 968 istorum
354 926 418 969 oratio
432 927 490 969 lacile
506 926 609 980 concidet,
632 926 664 983 qui
679 940 715 984 pro
727 931 818 967 creatura
829 923 853 965 il-

67 997 106 1040 lnm
118 997 176 1041 nobis
187 998 307 1052 obtrudunt,
324 1006 383 1055 atque
394 998 414 1040 in
427 998 494 1055 primis
504 997 599 1041 baeretici
610 996 679 1051 buius,
696 1011 753 1054 quem
766 996 796 1038 bis
806 1010 853 1038 ver-

67 1067 98 1110 bis
109 1069 180 1110 merito
193 1068 249 1110 affari
260 1082 319 1125 posse
332 1068 380 1110 mihi
391 1068 468 1110 videor.
499 1067 609 1118 Diomibi,
631 1081 717 1123 quaeso,
740 1066 853 1122 quiddeli·

67 1137 95 1179 lio
107 1137 138 1178 dei
148 1126 236 1189 sentias,
251 1143 271 1177 et
282 1144 392 1178 utrumnam
401 1144 512 1178 creaturam
524 1152 548 1178 an
561 1138 636 1191 loetum
647 1136 671 1177 ab
682 1136 751 1178 eodem
765 1135 854 1190 genitum

69 1205 182 1246 arbitrere?
210 1203 264 1245 Nam
277 1205 293 1245 si
304 1212 415 1247 ereaturam
427 1220 472 1246 esse
483 1213 571 1256 statuas,
593 1205 662 1246 desine
675 1206 731 1246 virus
740 1204 788 1245 illud
800 1211 854 1244 tuum

70 1272 141 1314 callida
155 1271 312 1313 dissimulatione
328 1280 408 1327 tegere,
431 1280 452 1313 ει
463 1287 474 1313 a
486 1280 542 1328 patre
554 1273 642 1327 genitum
658 1272 713 1313 illum
729 1286 779 1313 voce
797 1278 855 1313 tenus

69 1339 205 1395 pronuntiare.
236 1338 317 1379 Etenim
335 1340 425 1394 quiequid
440 1347 528 1380 creatum
542 1348 584 1391 εει,
607 1340 694 1394 genitum
710 1353 807 1379 essenon
818 1353 854 1393 po-

68 1413 120 1458 test,
143 1413 163 1450 et
175 1405 192 1448 si
206 1405 294 1460 genitum
309 1414 351 1460 est,
368 1414 457 1455 creatum
468 1422 507 1449 non
518 1414 556 1449 est.
588 1404 721 1461 Quamobrem
733 1407 819 1462 genitum
830 1407 854 1448 il-

68 1476 108 1521 lum
119 1476 181 1522 verbo
197 1476 301 1522 nominare
317 1476 394 1521 desine.
424 1475 473 1521 Nou
485 1476 537 1521 enim
554 1476 611 1521 decet
626 1484 647 1521 te
661 1477 692 1521 vel
704 1477 748 1536 ipso
760 1491 853 1523 sermone

68 1548 160 1591 veritatis
173 1563 234 1592 voces
247 1549 368 1606 exprimere.
400 1548 453 1605 erin
465 1549 530 1606 potins
546 1549 634 1592 fraudem
646 1557 699 1592 tuam
713 1564 791 1592 omnem
802 1550 855 1591 edis-

69 1632 127 1669 sere,
143 1619 207 1674 utqui
219 1619 247 1661 sis
259 1632 380 1674 cognoscere
392 1620 503 1675 passimus,
519 1633 543 1660 ac
554 1618 673 1660 malitiosum
685 1626 738 1660 tuum
750 1618 854 1660 artificium

69 1687 170 1742 effugere,
187 1701 199 1727 ο
211 1694 301 1742 captator
311 1687 433 1740 animarum,
450 1701 558 1742 eorumquae
569 1701 620 1742 qnos
629 1687 694 1742 diligis
703 1687 800 1728 insidiose
811 1700 855 1729 eor-

69 1755 150 1809 ruptur!
182 1753 223 1797 Sed
238 1755 285 1796 illud
297 1754 363 1796 abste
377 1768 452 1810 quaero
465 1755 524 1796 lilium
539 1755 570 1795 dei
585 1756 657 1796 adores
669 1756 747 1796 necne?
775 1754 853 1805 Adoro,

69 1821 140 1876 inquit.
172 1821 216 1876 Age
235 1823 293 1863 deum
311 1823 395 1873 adoras,
419 1837 444 1862 an
461 1824 515 1863 non?
545 1821 589 1876 Ego
603 1836 665 1872 vero,
686 1822 762 1876 inquit,
783 1824 853 1864 adoro.

69 1886 109 1930 Ubi
119 1888 180 1944 igitur
191 1889 225 1931 ille
237 1890 338 1940 deusest,
361 1903 419 1945 qnem
435 1896 457 1930 tu
469 1897 557 1931 creatum
569 1890 729 1945 adorandumque
739 1890 855 1946 praedicas?

69 1955 123 2000 Nam
136 1957 153 2001 si
164 1972 224 2001 nuum
236 1958 334 2002 duntaxat
347 1958 441 2002 colendus
457 1958 573 2002 adoratione
588 1959 637 2003 deus
650 1966 695 2012 ajse
708 1967 796 2004 creatum
808 1960 855 2003 ado-

70 2028 112 2072 rari
128 2029 203 2083 voluit,
225 2037 291 2073 cetera
308 2045 357 2074 vero
371 2030 436 2072 omnia
449 2029 482 2072 ille
497 2030 543 2087 ipse'
553 2030 585 2086 qui
597 2031 685 2073 condidit
697 2032 777 2081 adorari
790 2039 853 2085 vetat,

11 2112 13 2115 ⁴
70 2106 91 2141 et
103 2113 138 2141 eos
150 2100 229 2141 damnat
243 2098 276 2155 qui
287 2107 365 2141 creatas
375 2113 408 2141 res
418 2099 534 2141 adoratione
545 2107 677 2151 venerantur,
699 2102 782 2142 comita
797 2115 855 2157 prae-

70 2167 150 2209 scribit:
172 2170 564 2221 Noosueiestabiallemoz'rm'litudzbem‚
587 2177 606 2208 et
615 2170 705 2219 adorabis
718 2183 771 2218 eum,
793 2180 958 2223 ueqnessxouaum.

71 2238 168 2285 incaelo,
189 2240 280 2289 neqaein
295 2244 359 2285 terra,
381 2251 441 2288 neque
456 2239 475 2276 in
490 2240 552 2288 equis.
584 2234 624 2279 Sed
639 2237 784 2291 etapostulus‚
806 2240 905 2278 Ser-flam.
913 2249 927 2286 1,
935 2248 958 2279 25.

70 2306 158 2351 aierunt,
181 2303 257 2358 inquit,
279 2312 381 2343 arentinae
391 2306 458 2356 potabo
471 2307 629 2356 quumereatom',
650 2312 669 2344 et
678 2306 736 2344 statii
741 2306 793 2358 sacti
800 2313 853 2346 sant.

71 2368 153 2425 Quaero
165 2369 227 2426 igitur
237 2385 273 2412 cur
285 2371 363 2412 adorari
379 2371 445 2413 omnia
459 2371 493 2412 illa
508 2371 624 2427 probibeat?
652 2371 707 2414 Num
721 2373 770 2415 dens
786 2387 856 2428 perso-

71 2453 142 2482 narum
155 2440 251 2483 rationem
265 2440 336 2484 babet?
365 2438 449 2483 lllinime
464 2454 522 2484 vero.
553 2439 621 2498 Quare
635 2441 672 2484 buc
683 2441 727 2498 ipso
741 2442 792 2500 quod
803 2458 855 2486 unus

71 2511 183 2554 adorandus
196 2518 239 2563 est,
255 2510 313 2554 aliurn
326 2512 378 2554 bunc
390 2527 402 2555 a
412 2519 524 2554 creatarum
532 2526 597 2554 rerum
610 2512 724 2556 conditione
736 2527 781 2556 esse
793 2515 856 2570 signi-

71 2580 129 2632 ficat,
146 2588 166 2623 et
176 2588 287 2623 creaturam
299 2581 399 2634 vicissim,
421 2596 472 2637 qnae
482 2581 560 2624 adorari
572 2581 698 2637 prohibetur,
707 2583 743 2624 ab
755 2584 855 2625 adorando

73 2649 152 2690 domino
165 2650 235 2704 deique
246 2648 285 2689 lilio
296 2656 316 2689 ει
327 2663 338 2690 ε
349 2657 404 2704 patre
419 2651 487 2703 genito
500 2650 606 2691 diuersam.
638 2648 697 2704 Quod
712 2652 765 2692 enim
777 2652 855 2709 abipso

72 2716 152 2771 genitus
163 2723 194 2757 est
208 2716 250 2757 eins
265 2715 335 2756 similis
350 2717 477 2772 aequalisque
488 2718 552 2770 lilius,
572 2717 617 2758 iden
630 2718 655 2758 ab
667 2718 758 2760 omnibus
771 2721 856 2761 adoran-

72 2784 109 2825 dus
124 2791 162 2825 est.
192 2786 230 2824 Per
247 2786 298 2823 duae
315 2787 377 2823 onam
387 2786 448 2838 feeit,
469 2788 541 2825 etatae
557 2787 686 2839 apsosaetum
701 2790 799 2827 estnihil.
832 2786 952 2840 lateamus

73 2851 129 2908 ipso,
145 2852 237 2908 inquam,
257 2866 343 2893 necnon
356 2858 376 2892 et
386 2860 456 2894 sancto
468 2867 505 2894 sno
516 2852 598 2909 spiritu,
620 2854 652 2908 qui
664 2867 675 2894 a
686 2868 708 2896 se
719 2856 819 2911 procedit,
836 2863 856 2897 et

73 2920 98 2964 de
112 2920 151 2964 lilio
168 2920 249 2979 accipit,
273 2920 359 2964 condidit
374 2935 397 2963 ac
416 2921 500 2966 firmavit
510 2922 612 2984 universa.
644 2925 705 2966 terte
718 2928 767 2967 errem
782 2928 959 2980 dominicatam.

73 2993 207 3046 eoelifirmati
215 3000 273 3044 sunt,
289 3001 310 3034 et
318 2995 388 3047 spzbt'ta
397 2996 438 3034 ενίε
447 2997 488 3035 ez'as
499 2997 559 3035 omnis
568 2996 630 3035 oritus
642 3010 714 3037 eornm.
745 2994 799 3038 Nam
810 3011 855 3039 curn

74 3085 161 3118 comanus
170 3084 246 3128 ipsorum
254 3088 305 3118 vertit.
324 3087 342 3119 In
352 3087 397 3118 edttts
406 3087 453 3127 vntqu
465 3090 487 3120 est
498 3082 555 3121 edred.
