1988 3392
147 202 174 241 10
433 211 516 244 εκοιατι
527 211 643 244 imminu

146 289 191 334 ταῖς
203 285 317 339 ἐκκλησίαις
328 284 474 343 συναγόμενος,
490 287 528 336 ἕως
538 287 570 330 δ’τε
582 288 651 337 δεινοῖς
662 287 776 344 ένέγκαντές
788 302 841 338 τινες
852 287 930 339 έξεοῦσι

147 351 182 396 τόν
194 351 258 407 άυδρα
272 352 306 397 διά
323 353 360 409 τήν
372 355 466 410 τοιαύτην
482 357 552 397 αἰτίαν.
581 353 607 397 Ὃ
619 356 641 398 δὲ
652 355 691 398 οῦκ
700 355 799 411 ἠνείχετο,
819 353 861 398 ἄλλ’
875 354 930 411 ἐβιά-

146 426 187 476 ζετο
199 426 273 479 μάλλον
283 421 382 481 ἰιλήθειαν
392 424 428 481 μέν
438 424 510 482 λέγειν,
531 423 558 482 μή
569 422 679 483 ἀναχωρεῖν
690 424 712 470 δέ
722 429 759 470 τοῦ
769 425 881 482 συνδέσμου
893 430 930 482 τῆς

147 499 195 550 μιᾶς
206 494 295 546 ένοίσεως
306 500 342 551 τῆς
353 493 411 553 άγίας
423 500 540 552 καθολικής
549 498 658 552 ἐκκλησίας.
686 494 722 548 Ὡς
732 497 754 541 δέ
765 495 857 542 ἐτύπτετο
868 496 931 549 αῦτός

146 565 216 607 τεκαὶ
233 566 253 608 οί
268 563 309 620 δίμα
321 564 375 624 αύτῷ
391 563 497 618 πολλάκις,
516 564 541 608 τά
556 566 612 610 δεινά
626 570 664 608 4τε
678 568 759 622 ἐπασγε,
780 566 931 623 βαρυστονήσας

147 632 262 688 σύμβουλον
272 633 367 689 λαμβάνει
378 635 450 677 ἐαυτοῦ
465 632 502 690 τήν
514 634 622 692 ὕάνοίγκην
632 639 672 678 τῶν
683 634 767 692 ῦβρεων.
796 634 880 679 Ἑαυτόν
892 635 931 694 γάρ

146 701 238 756 άφορίζει
248 707 284 756 τῆς
296 704 409 756 ἐκκλησίας,
424 705 493 746 πολλοί
504 719 525 745 τε
535 702 578 757 δίμα
589 702 645 761 αύτῷ
657 701 800 758 άφηνιάζυυσι·
820 705 855 747 καί
867 704 932 755 υῦτως
976 737 978 740 >

147 768 183 823 τήν
195 772 293 825 διαίρεσιν
303 769 419 825 εἰργάσατο,
435 769 461 813 οῦ
472 788 490 814 τι
502 772 553 825 έχων
563 772 725 827 παρηλλαγμένον
735 776 771 826 τῆς
781 774 875 825 πίστεως,
891 771 931 815 άλλ’
950 824 953 829 ¹

148 836 251 893 ὀρθότατα
266 837 302 891 μέν
317 836 417 880 πιστεύων
432 837 493 888 αῦτός
509 839 578 882 τεκαὶ
594 840 616 882 οί
632 836 675 893 άμα
686 838 752 898 αύτῷ,
775 841 794 882 εἰ
807 840 842 883 καὶ
858 839 896 895 γρή
906 837 931 883 τά

147 904 231 957 μάλιστα
246 906 308 959 λέγειν
320 906 341 947 έν
354 909 419 963 μικρῷ
435 923 474 948 τινι
485 904 548 949 αύεόν
563 909 681 959 φιλονείκως
695 907 797 963 φέρεσθαί»
807 924 828 950 τε
839 909 874 950 καί
884 906 933 958 τοῦς

147 970 190 1026 άμα
204 971 265 1028 αύτῷ.

56 1041 100 1086 Κεφ.
114 1038 135 1087 β’.
205 1036 265 1080 Μετοί
282 1036 319 1093 γάρ
337 1042 374 1080 τοῦ
385 1036 489 1095 ὁμολογεῖν
500 1039 546 1094 περὶ
558 1038 634 1094 πατρός
644 1040 678 1081 καὶ
692 1041 738 1082 υἰοῦ
752 1040 786 1082 καὶ
801 1038 859 1097 άγίον
873 1038 933 1084 πνεῦ-

149 1124 211 1161 ματος
228 1111 364 1160 θαυμαστῶς,
385 1104 414 1156 τός
427 1108 465 1161 έχει
483 1104 496 1160 ή
506 1106 607 1161 καθολική
625 1108 729 1161 έκκλησία,
749 1106 898 1163 όρθοδοξότατά
912 1126 933 1153 τε

148 1174 263 1233 φυλάττειν,
283 1175 308 1220 τά
319 1193 340 1221 τε
350 1173 399 1220 άλλα
414 1174 496 1220 ὶπάντα
511 1180 548 1221 τοῦ
557 1178 604 1233 βίου
615 1175 730 1232 θαυμαστά.
763 1182 812 1230 Ταῖς
821 1176 861 1237 γάρ
873 1179 934 1231 ἰδίαις

118 1263 120 1267 ’
148 1249 213 1306 χερσίν
229 1246 370 1306 ἐργαζόμενος,
392 1246 454 1299 αῦτός
469 1264 490 1291 τε
500 1247 533 1291 καλ
544 1248 566 1291 οἱ
574 1245 608 1291 ὕπ’
619 1245 681 1292 αῦτδν
696 1249 804 1293 ἐπίσκοποί
814 1266 845 1302 τε,
867 1250 935 1294 καλοί

150 1317 291 1375 πρεσβύτεροι,
310 1319 345 1361 καί
355 1319 376 1361 οἱ
384 1318 451 1361 λοιποί
461 1316 535 1368 πάντες
545 1319 691 1374 διατρέφονται.
714 1317 811 1375 Ὕστερον
820 1319 842 1362 δέ
852 1317 901 1374 μετά
910 1317 933 1363 τό

149 1388 271 1442 έξεωσθηναι
284 1391 321 1441 τῆς
332 1388 437 1441 ἐκκλησίας
447 1385 488 1430 άπδ
501 1384 561 1430 άλλου
574 1386 686 1430 ἐπισκόπου
698 1384 723 1430 τά
734 1386 785 1430 αύτά
795 1392 934 1442 σνζητοῦντυς,

149 1457 185 1499 καί
205 1455 371 1513 ἀναχωρήσαντος
389 1460 425 1509 τῆς
444 1457 558 1510 ἐκκλησίας,
579 1461 719 1512 χειροτονεῖται
738 1450 798 1506 οὗτος
818 1458 933 1507 ἐπίσκοπος.
953 1484 955 1488 >

150 1525 220 1580 ²Hspi
237 1518 262 1567 οῦ
279 1523 404 1578 ἐπελαθόμην
418 1524 493 1580 λέγειν,
515 1522 622 1579 ἐπειδήπερ
643 1525 665 1567 έν
682 1523 802 1580 παρεκβαίνει
822 1526 934 1581 γεγένημαι,

149 1587 211 1641 αὖθις
222 1590 353 1645 έπαναλαβιόν
369 1593 451 1645 διέξειμι
462 1589 498 1645 τήν
513 1589 621 1647 ῦφήγησιν.
653 1593 710 1646 Φημὶ
722 1592 745 1634 δέ
756 1593 802 1647 περὶ
814 1596 850 1646 τῆς
860 1590 888 1642 οἷς
900 1593 935 1635 ἐπὶ

147 1658 170 1701 τό
182 1658 316 1712 σκληρότατον
326 1659 360 1699 καί
373 1657 474 1700 ἰδιωτικόν
486 1659 521 1700 καί
531 1657 645 1709 φιλόνεικον
657 1663 693 1712 τῆς
703 1658 749 1714 παρ’
763 1659 818 1716 αύτῷ
832 1658 935 1717 ιγίδομέυης

65 1744 100 1772 μσς·
108 1736 139 1764 81³.
149 1727 219 1775 λέξεως
230 1725 271 1768 άπδ
281 1730 317 1778 τῆς
329 1728 388 1774 θείας
398 1729 483 1779 γραφῆς.
516 1723 543 1767 Τό
554 1723 592 1780 γάρ
606 1723 655 1766 Κατ’
667 1724 736 1767 εἰκόνα
749 1720 809 1774 οὗτος
819 1728 854 1767 καί
864 1728 886 1768 οἰ
895 1724 935 1779 μετ’

148 1790 222 1845 αῦτοῦ,
237 1791 287 1848 ὅπερ
298 1790 310 1834 δ
320 1790 370 1841 θεός
380 1790 491 1846 δεδώρηται
502 1795 530 1849 τῷ
536 1789 614 1846 Ἀδάμ,
629 1790 748 1847 ἀποκρότοις
758 1791 850 1846 βούλεται
861 1790 935 1848 ὁρίζειν

149 1859 200 1904 εἰναι
210 1866 269 1904 τοῦτο
279 1860 419 1915 πληρούμενον
429 1858 480 1903 κατά
490 1858 513 1903 τό
525 1864 592 1912 σῶμα·
607 1858 649 1902 άπό
661 1865 697 1903 τοῦ
709 1863 774 1915 δῆθεν
782 1862 889 1918 λεγομένου
900 1863 936 1917 ρη-

149 1935 244 1985 τοῦτοῦ,
261 1929 382 1986 Ποιήσωμεν
393 1928 505 1988 άυθρωπον
515 1927 558 1974 κατ’
570 1930 639 1974 εἰκόνα
649 1927 757 1988 ἡμετέραν,
775 1931 810 1975 καί
821 1928 869 1975 καθ’
880 1928 936 1987 δμοί-

151 2016 209 2045 ωσιν·
225 2003 259 2045 καί
271 1998 312 2044 εἶτα
323 2001 412 2058 ἐπιφέρει
423 2002 485 2058 λέγων
496 1998 509 2045 ό
518 2006 576 2052 θεῖος
586 1999 644 2059 λόγος
655 1999 694 2054 ότι,
710 2002 750 2045 Καὶ
763 2002 855 2057 ἐποίησεν
864 1998 877 2045 ό
886 1999 937 2053 θεός

151 2070 186 2114 τόν
197 2069 317 2126 ῦυθρωπον,
333 2075 381 2126 γοῦν
392 2069 460 2125 λαβήν
470 2069 511 2113 ἰιπό
524 2075 559 2125 τῆς
571 2074 613 2126 γῆς.
641 2068 737 2125 Ἐπειδή,
752 2072 814 2125 φησὶ,
836 2068 890 2114 εἶπεν
901 2069 937 2114 άν-

149 2147 235 2196 θρωπον
246 2138 287 2182 άπδ
299 2144 335 2194 τῆς
351 2145 399 2197 γῆς,
421 2138 459 2195 δρα
474 2138 505 2181 ότι
518 2139 643 2193 ἀληθέστατα
657 2137 705 2181 ὅλον
716 2137 739 2182 τό
750 2138 821 2194 χοϊκδν
833 2137 888 2182 εἶπεν
903 2137 937 2182 άν-

150 2215 246 2265 θρωπον,
268 2206 307 2263 άρα
323 2224 344 2250 τε
357 2206 406 2250 αύτδ
419 2205 441 2250 τό
452 2205 523 2261 γοϊκδν
537 2207 641 2262 προέλεγεν
652 2207 735 2249 έσεσθαι
746 2205 789 2250 κατ’
800 2206 869 2250 εἰκόνα
878 2212 936 2251 θεοῦ.

152 2278 194 2318 Καὶ
204 2277 246 2318 ἐστι
254 2280 312 2318 τοῦτο
324 2275 449 2330 ἀπόκροτον,
471 2272 499 2323 οῦς
510 2275 574 2327 έφην,
594 2274 628 2316 καί
640 2272 743 2317 ἰδιωτικόν
754 2273 776 2318 τό
789 2272 890 2328 όρίζεσθαι
903 2273 937 2318 άν-

150 2350 237 2397 θριυπυν
247 2344 269 2385 έν
277 2345 330 2399 ποίῳ
342 2343 396 2397 μέρει
409 2343 499 2384 τέτακται
510 2346 552 2383 τοῦ,
558 2339 672 2396 ἀνθρώπου
683 2339 706 2384 τό
718 2340 761 2383 κατ’
775 2341 852 2385 εἰκόνα·
873 2343 892 2384 εἰ
899 2341 937 2397 γρή

150 2409 201 2459 ὅλως
216 2411 277 2464 μέρος
293 2410 365 2463 λέγειν,
386 2406 420 2450 διά
432 2406 457 2450 τά
468 2407 530 2450 πολλοί
543 2407 568 2450 τά
579 2407 723 2451 ἀντιπίπτοντα
733 2412 758 2466 τῇ
769 2413 810 2451 τῶν
819 2408 938 2463 αἰνθραίπων

150 2478 218 2533 ε’ννυίιγ
235 2474 286 2518 κατά
301 2474 324 2517 τό
338 2477 394 2530 ρ’ήμα
405 2478 464 2517 τοῦτο
480 2475 514 2516 καί
529 2475 599 2528 έχοντα
615 2472 732 2528 ζητημάτων
748 2473 836 2529 πληθύν.
860 2473 937 2532 Ἢγάρ

150 2544 267 2600 ποιήσωμεν
285 2542 320 2588 τόν
332 2542 384 2586 θεόν
395 2540 468 2600 όρατόν
478 2559 499 2586 τε
510 2543 545 2586 καί
557 2541 681 2598 σωματικόν,
703 2544 758 2599 ε’ίπερ
771 2544 793 2587 έν
805 2547 848 2602 ³²95
860 2542 938 2599 σάματι

150 2612 173 2659 τό
185 2611 228 2658 κατ’
240 2611 309 2657 εἰκόνα
319 2616 429 2671 πληροῦται
441 2615 559 2669 σωματικῶς
571 2612 623 2657 4καί
637 2612 815 2670 ἐσχηματισμένος,
830 2611 844 2669 ή
857 2610 937 2671 άνθρω-

150 2703 190 2730 πον
201 2689 229 2744 τῷ
241 2688 284 2743 θεῷ
300 2683 426 2740 ἐξισούμενον
443 2688 503 2728 τοῦτο
520 2682 638 2738 φάσκοντες.
667 2682 706 2728 Διό
718 2683 743 2728 ού
756 2682 793 2741 χρή
804 2682 886 2736 πάντως
895 2683 938 2741 δρί-

151 2761 190 2808 ζειν
203 2754 218 2811 ή
227 2757 383 2812 διϊσγυρίζεσθαι
400 2755 422 2798 ἐν
436 2757 488 2814 ποίῳ
505 2753 560 2812 μέρει
576 2752 654 2797 τὸκατ’
669 2754 738 2798 εἰκόνα
753 2750 876 2812 πληροῦται,
897 2745 938 2798 ἄλλ’

173 2914 190 2951 4.
204 2927 223 2950 τε
235 2927 265 2949 om.
277 2920 294 2950 ιἰι
306 2918 343 2950 τοῦ,
355 2917 422 2958 niueam.
554 2916 622 2956 Ελεδὶμ.
641 2917 661 2949 Ui
673 2918 779 2950 anacoluthon
793 2917 889 2949 discutiatur
900 2927 938 2950 οτα-

174 2962 190 2994 5.
204 2964 263 2994 citavit
277 2964 319 2995 λιιικν
333 2964 386 2995 locum
403 2963 426 2993 θλ.
442 2962 533 2993 Salmasius
555 2962 577 2992 tio
590 2962 647 2993 suadet
665 2964 706 2995 ίιοιισ
721 2964 805 2995 verborum
822 2963 938 2994 distinctionem

151 3008 222 3040 Επειιῐιι
239 3009 256 3038 in
268 3008 317 3039 δολία.
329 3004 393 3047 pmii.
555 3003 653 3047 φυλάττειν,
675 3003 696 3042 τά
711 3017 731 3042 τε
747 3002 802 3048 ἄλλα,
821 3005 877 3041 πάντα
892 3017 908 3041 τ.
921 3008 937 3051 β.

176 3050 216 3095 Cap.
229 3051 251 3086 11.
264 3069 285 3076 -
303 3052 317 3084 ί.
333 3051 363 3086 τοῦ
378 3050 414 3097 βίον
428 3047 483 3085 πάντα
496 3051 532 3083 ενδ.
555 3048 652 3097 θαυμαστά.
