1988 3392
427 715 520 757 sanem

301 812 648 878 EPIPHA'NII

152 955 412 1007 OONTRA
454 956 797 1006 HAERESES

362 1069 424 1102 LIBRI
433 1070 462 1101 Ill.
474 1069 553 1102 Tomos
564 1070 586 1102 11.

199 1228 387 1279 CONTRA
422 1227 755 1291 ΒΙΜΟΕΒΙΤΑΒ,

81 1313 107 1358 ut
130 1310 234 1358 nonnulli
256 1314 350 1371 vocant,
374 1309 413 1372 qui
435 1308 557 1372 perfectam
581 1308 667 1358 christi
690 1308 868 1360 incarnationem

140 1391 264 1455 abnegant,
282 1406 339 1454 quae
357 1394 392 1439 est
409 1389 510 1439 haeresis
523 1387 608 1451 LVII,
625 1388 674 1440 sire
688 1387 809 1441 LXXVII.

139 1573 190 1618 Post
198 1573 313 1633 superiores
325 1575 371 1618 illos
381 1589 435 1618 nova
445 1574 549 1631 quaedam,
565 1588 589 1616 ae
600 1574 695 1627 difficilis,
712 1582 732 1617 et
743 1590 754 1618 a
764 1583 819 1618 recta
829 1577 867 1620 lide
887 1591 929 1637 cap.
941 1593 953 1625 1,

83 1644 193 1687 abhorrens
210 1644 299 1687 baeresis
312 1658 339 1687 ex
356 1644 463 1701 anticipata
476 1644 605 1700 perunctam
623 1644 716 1700 opinione
726 1644 746 1686 in
762 1645 869 1689 bumanum

83 1727 147 1771 genus
159 1714 242 1771 prodiit,
262 1726 327 1769 neque
339 1727 430 1755 caussam
443 1727 479 1755 cur
489 1714 517 1754 ita
528 1712 635 1768 contigerit
646 1713 696 1754 satis
706 1713 807 1769 intelligo;
829 1714 869 1757 nisi

83 1782 165 1840 quodid
176 1796 237 1824 unum
247 1782 345 1825 humanae
356 1788 440 1824 naturae
449 1780 576 1836 perturbator
587 1788 608 1823 et
618 1780 682 1824 bostis
692 1781 783 1825 diabolus
793 1785 868 1837 studet,

83 1865 182 1906 nunquam
195 1858 217 1892 ut
232 1850 257 1892 ab
272 1850 391 1892 infestandis
410 1850 522 1892 bominibus
539 1857 618 1901 cesset3
639 1849 673 1905 qui
690 1851 815 1893 amarissimo
831 1867 868 1894 suo

83 1932 162 1962 veneno
174 1919 287 1975 exquisitos
298 1919 354 1960 eibos
364 1918 438 1969 inlicit,
454 1932 477 1958 ac
490 1917 544 1959 melli
555 1917 582 1959 111
594 1917 702 1969 admiscet,
718 1917 776 1974 idque
788 1920 869 1975 potissi-

83 2002 136 2030 mum
146 1987 223 2029 illorum
234 2001 296 2044 opera
306 1987 386 2029 molitur
397 1987 430 2042 qui
443 1985 554 2028 admirabili
564 1986 618 2028 vitae
629 1986 721 2028 instituto
733 1988 868 2040 celebrantur,

83 2063 104 2098 et
116 2062 197 2112 propter
212 2056 304 2097 sincerae
319 2054 365 2096 fidei
379 2055 465 2096 studium
476 2055 607 2110 ardoremque
618 2057 790 2099 commendantur.
824 2056 869 2099 lloe

84 2125 137 2167 enim
147 2125 227 2167 unicum
239 2124 293 2166 illius
310 2137 360 2180 opus
372 2131 403 2165 est
415 2123 448 2179 qui
458 2130 478 2164 et
489 2124 587 2165 adversus
597 2131 699 2178 parentem
712 2132 801 2167 nostrum
814 2125 869 2167 Ada-

84 2207 137 2235 mnm
148 2193 224 2236 invidia
235 2192 327 2249 primum,
344 2199 364 2233 11
376 2192 473 2234 adversus
485 2192 591 2233 bumauum
603 2205 661 2233 omne
672 2206 736 2248 genus
747 2192 798 2235 odiis
809 2194 869 2235 effer-

84 2261 134 2303 buit.
165 2259 230 2314 Quam
240 2261 265 2302 ad
274 2260 393 2302 sententiam
404 2260 507 2316 praeclare
519 2259 600 2315 sapiens
610 2261 688 2314 qnidam
701 2261 760 2314 dixit,
775 2264 868 2303 1111111111

84 2332 160 2382 11111111
172 2336 266 2382 perpetuo
280 2329 400 2375 successibus
412 2330 518 2369 adversari.
551 2326 586 2369 Sic
597 2326 658 2382 igitur
669 2342 704 2384 per
715 2344 799 2385 magnos
810 2344 870 2385 quos-

85 2411 124 2453 que
139 2397 195 2438 viros
210 2410 291 2438 errores
306 2395 429 2448 introduxit,
453 2396 481 2437 uti
497 2409 534 2437 nos
549 2402 608 2451 atque
623 2396 708 2438 eeclesia
723 2398 754 2439 dei
767 2397 869 2454 perpetuis

85 2464 183 2507 molestiis
200 2478 223 2505 ac
242 2464 357 2506 tumultibus
375 2464 471 2520 bellisque
490 2463 633 2506 condictemnr.
670 2464 750 2507 Etenim
770 2467 878 2508 nonnullis*

86 2542 200 2576 nostrorum
215 2533 300 2590 placuit,
324 2532 431 2588 etquidem
441 2531 550 2589 primariis,
573 2539 632 2588 atque
644 2547 654 2574 a
668 2533 726 2576 nobis
739 2542 759 2576 et
769 2534 793 2576 ab
806 2534 870 2577 omni-

53 2649 55 2651 ,
86 2602 123 2646 bus
135 2602 252 2645 orthodoxis
269 2601 341 2645 divinis
358 2603 498 2660 propemodum
516 2601 623 2644 bonoribus
636 2602 725 2656 affectis,
748 2611 833 2646 mentem
845 2604 869 2647 ab

87 2669 163 2716 Cbristi
177 2671 314 2715 incarnatione
330 2672 445 2725 dimovere,
461 2673 584 2729 eundemque
595 2686 676 2715 caruem
687 2687 732 2715 cum
743 2674 808 2716 anima
820 2674 870 2716 dun-

86 2750 144 2785 taxat
152 2742 277 2800 suscepisse,
299 2748 385 2783 mentem
398 2756 447 2784 vero
458 2756 594 2799 nequaquam,
610 2756 716 2797 asserere,
739 2744 776 2786 boc
787 2751 818 2786 est
829 2758 870 2787 non

87 2813 197 2870 perlectum
215 2811 314 2854 bominem
329 2810 426 2852 induisse.
456 2810 529 2868 Neque
548 2812 606 2854 video
622 2811 668 2867 quid
681 2812 718 2854 bae
729 2812 822 2870 opinione
834 2814 870 2855 bu·

87 2895 146 2923 mano
155 2881 225 2938 generi
237 2880 367 2931 contulerint,
389 2886 423 2921 aut
435 2893 447 2921 a
460 2881 577 2936 quibusnam
588 2881 700 2924 istiusmodi
712 2882 784 2937 dogma
796 2882 869 2924 didice-

48 2983 50 2986 ,
87 2949 141 3001 rint,
158 2948 230 3005 quidve
241 2956 275 2992 aut
285 2963 313 2991 ex
324 2963 348 2991 ea
360 2962 381 2989 11
394 2948 523 2991 emolumenti
534 2949 573 3006 ipsi
583 2950 685 3005 ceperint,
706 2957 741 2993 aut
752 2950 869 3006 nobisipsis

88 3024 148 3073 atque
162 3018 285 3060 auditoribus
302 3017 405 3070 omnibus,
427 3018 516 3074 adeoque
533 3026 613 3059 sanctae
633 3018 665 3059 dei
682 3019 779 3061 ecelesiae
793 3020 870 3061 fructus

87 3110 168 3151 porticulo
180 3109 269 3151 indefinito.
294 3111 349 3152 1111111
365 3110 403 3143 boec
419 3110 469 3143 11111
485 3110 633 3143 accomodatam
645 3111 687 3152 Opp.
699 3111 737 3144 0111.
748 3109 812 3153 11812.
