1988 3392
33 1209 79 1254 Κεφ.
91 1206 113 1245 κ’.

38 1434 73 1465 pag.
85 1426 116 1456 8⁵1.

125 234 166 278 108
412 239 624 277 ειαοτιιιοιοειιαιι

125 340 173 379 μεν,
188 323 258 378 έχομεν
269 326 298 383 τῷ
309 321 392 378 όνόματι
402 326 439 366 τοῦ
448 319 524 378 ττατρός
533 320 725 376 συνυπακουομέυην
733 317 771 376 τὴν
782 321 862 365 έννοιαν
871 329 909 367 τοῦ

124 394 177 436 υίοῦ.
208 389 280 450 Πατὴρ
298 390 335 450 γᾶρ
352 393 398 434 υίοῦ
414 387 479 446 τιαττὶρ
495 390 576 447 λέγεται.
608 388 654 433 Κῦν
669 387 716 433 υίόν
728 387 791 444 μόνον
803 389 908 446 όνομοίσα-

125 478 173 516 μεν,
189 462 277 517 4έχομεν
286 460 322 517 τήν
331 461 409 503 έννοιαν
421 463 458 503 τοῦ
469 458 552 516 ττατρός,
567 458 598 503 ότι
608 457 653 510 υἱός
663 456 738 517 πατρός
747 458 827 516 λέγεται.
851 457 908 516 Ἔχε-

124 548 157 574 ται
170 528 209 588 γῦρ
224 529 312 588 θοίτερον
328 529 426 586 θατέρου,
446 529 480 572 καὶ
496 528 521 573 οῦ
538 526 665 572 διακόπτεται
677 525 691 583 ἡ
703 528 772 583 σχέσις.
800 525 858 572 Ἀλλολ
874 531 908 574 καί

125 598 189 654 μόνον
205 597 298 657 ἓκοίτερον
309 596 414 654 λεγόμενον
425 596 536 655 συνειςοίγει
544 597 635 654 θατέρου
645 595 682 652 την
695 598 792 650 ἔννοιαν,
803 598 838 641 καί
850 595 876 641 οῦ
885 597 908 643 τό

126 666 190 724 όνομα
202 668 272 723 μόνον,
288 666 336 710 όιλλοί
346 665 395 721 μετό
407 671 443 710 τοῦ
456 664 554 722 όνόματος
562 666 596 709 καί
606 670 642 720 τῆς
653 663 734 719 φῦσευς
744 664 781 721 τὴν
792 664 908 722 οἰκειότητα.

127 738 209 794 Πατέρα
223 735 260 793 γοίρ
271 740 364 786 νοοῦντες
375 734 411 779 τόν
423 734 473 779 θεόν
483 740 535 779 θεοῦ
545 738 631 790 νοοῦμεν
641 735 728 792 πατέρα,
743 735 776 778 καί
785 734 830 779 υἱόν
839 740 909 780 νοοῦν-

125 823 157 857 τες
166 809 217 849 θεοῦ
226 803 277 848 θεόν
285 808 372 859 νοοῦμεν
380 803 415 848 τόν
426 806 515 862 ρἠθέντα
523 803 569 849 υἱόν
579 807 638 856 θεοῦ,
653 805 687 847 καί
697 803 770 860 ὅμοιον
780 805 848 865 ἐκείνῳ
858 803 910 848 κατοί

125 873 162 930 τήν
177 873 239 928 φῦσιν
256 868 282 917 οῦ
298 874 333 917 καί
343 879 418 918 νοεῖται
431 874 482 925 υῦός.
513 874 632 932 Ἀγέννητον
649 873 671 917 δὲ
685 873 711 917 οὐ
725 873 800 931 λέγεται
814 877 910 932 γεννητοῦ

125 941 244 1001 οίγέννητον,
259 941 307 987 οῦῦὲ
321 941 415 1000 γεννητόν
429 942 539 1003 όιγεννήτου
553 941 653 1002 γεννητόν.

181 1219 263 1276 Ἐκειῦή
274 1223 342 1264 τοίνυν
358 1218 403 1263 οῦτε
420 1219 457 1276 τὴν
472 1220 523 1276 ττρός
535 1219 607 1276 ίίλληλοι
619 1220 684 1276 σχέσιν
696 1221 734 1276 έχετ
745 1218 770 1263 τοί
781 1224 818 1264 τοῦ
829 1219 911 1277 ολγεννη-

125 1308 162 1334 του
173 1290 209 1333 καί
218 1294 325 1347 γεννητοῦ,
341 1287 387 1332 οῦτε
396 1291 527 1344 συνεμφαίνει
537 1288 573 1346 τὴν
583 1287 656 1343 φῦσιν,
670 1295 784 1332 κοινοττοιεῑ
792 1290 813 1333 δὲ
823 1288 875 1347 ττρός
885 1289 910 1334 τοί

125 1358 185 1403 λοιττό
197 1357 299 1414 ποιήματα
309 1361 345 1401 τοῦ
356 1359 403 1401 υἱοῦ
411 1357 448 1414 την
458 1356 557 1414 ἰδιότητα,
573 1358 598 1403 οῦ
609 1359 709 1414 δεξόμεθα
720 1358 756 1413 μέν
765 1356 799 1402 ῦιολ
809 1357 848 1414 τήν
859 1357 911 1415 πρός

126 1427 219 1484 οίσέβειαν
233 1431 333 1483 μεθοδίαν
343 1425 368 1470 τοί
379 1426 480 1483 ὀνόματα,
500 1427 532 1471 όιελ
545 1428 567 1471 δὲ
576 1432 603 1486 τῷ
613 1432 650 1470 τοῦ
661 1426 737 1485 πατρός
747 1428 782 1471 καί
794 1430 841 1472 υἱοῦ
851 1422 912 1479 όσίοις

125 1496 248 1554 χρησόμεθα.
280 1500 366 1554 Προῖτον
377 1497 414 1552 μέν
430 1491 467 1540 οῦν
481 1495 512 1540 ὅτι
521 1498 542 1541 οί
553 1498 574 1548 ἐξ
585 1498 653 1540 έθνῶν
665 1497 772 1552 κληθέντες
783 1495 821 1541 οῦκ
831 1498 910 1552 έβατιτί-

125 1573 204 1621 σθημεν
216 1567 245 1616 εἰς
255 1564 360 1622 ἀγέννητον
370 1567 405 1608 καὶ
414 1564 517 1623 γεννητόν,
531 1563 572 1608 ἀλλ’
583 1567 611 1616 είς
621 1566 697 1622 πατέρα
707 1566 742 1608 καί
752 1563 804 1608 οἷόν.
827 1563 912 1609 Ἔπειτα

126 1634 157 1679 ὅτι
167 1635 260 1690 οὐθαμοῦ
271 1632 381 1692 εὑρίσκεται
394 1632 462 1684 όυίός
471 1632 555 1691 είρηκοίς
565 1631 600 1678 τόν
616 1635 690 1678 ἑαυτοῦ
706 1635 782 1691 ττατέρα
794 1632 912 1692 ἀγέννητον,

125 1702 174 1747 όιλλοί
191 1701 222 1746 οίελ
237 1704 312 1761 πατέρα
327 1701 412 1760 είρηκοίς
427 1702 463 1747 τόν
473 1701 534 1755 θεόν,
559 1704 609 1746 ικαί
625 1701 656 1746 όεί
670 1701 742 1746 ἔαυτόν
757 1702 803 1747 υίόν
814 1707 851 1748 τοῦ
860 1708 912 1747 θεοῦ

126 1770 210 1829 (Ξόλίγα
223 1773 405 1829 τταρασημειωτέον)
424 1771 533 1822 τ’τκοῦουτες
547 1770 611 1815 αῦτοῦ
620 1773 722 1829 λέγοντος,
742 1774 772 1815 Εἰ
780 1770 870 1830 ἠγαπᾶτέ
881 1788 912 1828 με,

126 1839 207 1898 ἐχάρητε
222 1838 247 1883 ῦίν
262 1840 293 1884 ότι
309 1839 421 1897 πορεῦομαι
434 1839 486 1897 πρός
503 1839 537 1883 τόν
551 1841 628 1897 πατέρα
642 1858 682 1895 μου
687 1875 693 1894 ,
714 1842 759 1893 καί,
774 1840 815 1885 Ὃν
826 1840 912 1899 όττατῆρ

126 1907 195 1966 ἡγίασε
204 1910 238 1952 καί
248 1905 360 1952 οίττέστειλεν
372 1910 400 1959 εἰς
408 1907 443 1953 τόν
451 1907 534 1963 κόσμον,
551 1909 594 1964 ἐμοί
603 1914 671 1964 χολᾶτε
680 1908 712 1953 ότι
722 1906 787 1962 εἶτον,
800 1908 850 1961 Τίός
860 1914 912 1954 θεοῦ

125 1980 176 2033 εἰμι,
198 1979 243 2030 καὶ,
260 1976 314 2034 Ἐγοί
331 1978 353 2020 έκ
364 1982 401 2020 τοῦ
414 1975 490 2033 ττατρός
501 1979 598 2032 ἐξῆλθον,
620 1979 654 2020 καὶ
670 1978 723 2033 ἥκοι·
744 1979 829 2033 ἐξῆλθον
841 1979 863 2022 έκ
876 1985 913 2022 τοῦ

125 2045 211 2104 πατρός,
229 2046 279 2088 8καί
292 2044 380 2101 ἐλήλυθα
388 2047 416 2096 είς
425 2044 460 2089 τόν
471 2044 559 2100 κόσμον,
574 2044 634 2089 ττοίλιν
644 2046 718 2102 ἀφίημι
728 2043 764 2089 τόν
774 2045 863 2102 κόσμον,
877 2048 913 2090 καί

125 2114 237 2172 πορεῦομαι
247 2112 299 2170 πρός
311 2112 345 2157 τόν
357 2115 443 2172 πατέρα,
458 2115 493 2157 καὶ
505 2113 519 2169 ἡ
530 2112 624 2171 ὁμολογία
637 2115 659 2158 δὲ
669 2119 706 2158 τοῦ
719 2115 809 2172 Πέτρου,
825 2113 857 2157 Σῦ
869 2112 913 2159 είό

126 2181 213 2242 Χριστός
225 2181 237 2225 ό
248 2182 293 2234 υίός
307 2187 343 2226 τοῦ
355 2187 416 2226 θεοῦ·
435 2183 470 2226 καὶ
484 2180 571 2240 όττατῦρ
583 2180 675 2234 ῦίνωθεν,
700 2177 766 2233 Οῦτός
778 2185 831 2227 ἐστιν
844 2181 856 2226 ό
867 2183 913 2234 υἴός

125 2250 306 2312 μουόέιγαττητός.
337 2252 378 2293 Καὶ
390 2249 424 2293 όιῦ
439 2255 509 2303 τοῦτο,
529 2249 599 2305 ἐπειδὴ
615 2250 680 2302 οῦτυς
693 2250 805 2308 καλττατηρ
820 2253 868 2294 υίοῦ
879 2253 912 2306 μέ-

125 2338 209 2375 μνηται,
230 2320 265 2362 καὶ
280 2319 325 2371 υίός
341 2318 427 2376 πατρός,
449 2320 483 2362 καί
499 2320 521 2362 ἓν
533 2318 612 2369 τούτοις
626 2325 669 2370 τοῖς
683 2317 769 2374 ὀνόμασι
783 2318 851 2372 (ττοίλιν
865 2321 912 2378 ἐροῦ)

127 2390 302 2445 έσφραγίσθημεν,
318 2386 397 2438 τούτοις
407 2390 443 2431 καλ
454 2386 484 2430 αἐί
496 2387 624 2445 χρησόμεθα,
640 2386 802 2445 οίττοκρουόμενοι
814 2388 850 2439 τοίς
860 2387 912 2432 κατοί

125 2461 162 2511 τῆς
170 2454 303 2511 οίττοστολικῦχς
313 2458 397 2507 ττίστεως
406 2455 504 2512 βεβήλους
513 2459 645 2511 κενοφωνίας.
675 2455 702 2500 Τό
712 2454 751 2513 γῦρ
762 2454 818 2514 τταρόι
826 2461 863 2500 τοῦ
873 2474 912 2500 τια-

125 2524 173 2581 τρός
185 2525 297 2580 εἰρημένον,
322 2529 371 2575 Ταῖς
380 2524 505 2582 λαμπρότησι
522 2530 562 2568 τοῖν
575 2522 638 2581 οίγίων
655 2526 677 2568 ἔκ
687 2523 773 2582 γαστρός
784 2524 824 2581 ττρό
836 2524 913 2580 ἓωςφό-

125 2610 163 2650 ρου
175 2591 270 2650 ἐγέννησα
285 2606 317 2645 σε,
340 2591 453 2649 ολναγκαίοτς
465 2595 552 2649 είρηται,
573 2593 608 2635 καί
620 2589 692 2644 οἷαοίξει
702 2597 738 2648 τῆς
752 2592 867 2649 κοινότητος
877 2599 913 2649 τῆς

126 2660 178 2719 ττρός
188 2659 213 2704 τοί
225 2660 326 2715 ποιήματα
343 2667 398 2713 (τοῖς)
409 2661 445 2705 τόν
456 2660 503 2705 υίόν
513 2666 550 2704 τοῦ
560 2659 636 2717 πατρός
640 2695 646 2713 ,
668 2663 702 2704 καί
713 2660 749 2705 τόν
759 2663 780 2713 έξ
791 2661 855 2705 αῦτοῦ
864 2661 912 2719 γνή-

125 2744 170 2774 σιον
181 2730 216 2773 καὶ
229 2730 284 2779 ι’όίας
294 2731 436 2786 γεγεννημένον
446 2728 503 2782 υἱόν,
519 2729 553 2773 διοί
565 2733 602 2773 τοῦ
611 2728 662 2772 κατοί
673 2728 710 2785 τήν
718 2731 804 2787 γαστέρα
814 2729 913 2785 ὀνόματος

126 2797 265 2847 τιατῦεῦοντος.
294 2795 481 2851 Ὡςῦμοίτοςκαὶό
497 2797 554 2850 υἱός,
574 2796 644 2854 καίριος
656 2799 720 2842 έκτισέ
730 2815 764 2852 με,
785 2798 857 2852 είττοίν,
877 2802 912 2843 ἵνα

125 2866 309 2922 καινοποιουμένην
323 2863 385 2909 αὐτοῦ
401 2866 453 2925 πρός
469 2864 494 2908 τοί
512 2864 573 2909 λοιποί
588 2869 685 2922 κτίσματα
699 2865 855 2923 ῦττοτιτεῦσωμεν
875 2866 912 2923 τήν

149 2980 165 3017 4.
173 2982 233 3029 ἔχομεν
243 2984 332 3016 emendatio
342 2986 365 3015 est
371 2985 450 3025 (lornarii,
458 2991 507 3024 ηυοιιι
530 2982 618 3015 notionem
625 2981 677 3027 patris
685 2986 719 3015 οτίί.
732 2980 815 3027 ἐχομένην
822 2984 867 3018 οοόό
873 2994 911 3018 ινιτ.

125 3031 183 3070 recepit
199 3030 276 3063 petavius
280 3039 286 3071 ,·
307 3030 354 3063 vertit
367 3031 409 3065 enim
426 3029 507 3062 habemus
530 3031 545 3062 τι
556 3029 580 3062 τό.
591 3030 643 3071 princ.
654 3032 677 3063 est
689 3029 774 3071 εαίριντο.
