1988 3392
152 226 193 269 378
440 236 650 270 οιωοοιεοιειιιαιι

151 316 185 357 καί
196 317 359 370 Μαρκιωνισταί,
380 316 415 358 καί
432 313 488 357 άλλαι
503 315 599 371 αἱρέσεις,
619 314 647 370 μή
658 312 723 369 σάρκα
738 313 793 372 αιἰτῷ
811 313 933 370 προςάπτειν

151 382 282 438 βουλόμενοι,
304 387 338 427 ἵνα
358 382 386 439 μη
405 382 510 426 ἐλάττωσιν
530 388 555 443 τῇ
570 384 652 438 θεότητι
673 382 736 425 αὐτοῦ
757 382 931 439 περιποιήσωνται.

59 463 95 493 1)ssss-
103 456 143 486 1⁰13.
151 449 200 494 Ἀλλ’
210 451 235 494 οὗ
246 450 297 495 κατά
308 451 343 506 την
352 456 392 495 τῶν
404 450 522 509 ἀνθρώπων
537 451 632 507 βούλησιν
644 449 657 506 ἡ
669 448 754 505 άληθεια
769 453 808 506 έχει
822 448 859 505 την
871 449 932 494 δόνα-

151 537 196 574 μιν,
216 519 266 563 ἄλλοί
280 519 331 564 κατά
343 519 380 575 τὴν
395 519 456 575 αὐτῆς
472 519 650 577 διακυβερνητικήν
664 522 738 572 σοφίαν
752 521 788 562 καί
803 518 934 574 οἰκονομικὴν

151 586 297 643 άκαταληψίαν.
329 591 403 631 Τοίνυν
418 586 477 643 ἡμῶν
492 587 556 638 οὕτως
571 586 733 644 ὁμολογούντων,
752 588 787 630 καί
800 585 828 642 μὴ
838 586 889 630 κατά
898 587 934 631 τόν

153 661 269 711 Μανιχαῖον
280 655 366 712 ἐχόντων
381 656 415 707 (οὗ
431 658 489 712 χάριν
502 655 540 713 γάρ
556 658 632 705 ἐκεῖνος
648 654 717 708 δόσει,
738 657 805 698 δοκῶν
815 657 843 705 εἰς
853 656 934 699 ἔπαινον

154 729 243 783 Χριστοῦ
252 724 316 781 σάρκα
325 726 388 782 λέγειν
399 724 462 768 αὐτόν
473 723 501 779 μή
514 725 625 779 εἰληφέναι,
644 721 693 767 άλλά
710 727 782 778 μᾶλλον
794 727 829 778 τῆς
839 721 935 778 άληθείας

152 800 250 845 πεσεῖται,
272 793 352 848 δοκήσει
363 790 468 849 όμολογῶν
476 792 513 847 τόν
523 794 620 847 ένσαρκον
632 797 721 850 Χριστοῦ
730 794 860 849 παρουσίαν),
881 790 934 835 οὕτω

152 863 187 905 καλ
198 863 219 905 ἒν
232 866 260 920 τῷ
272 860 359 919 παρόντι
368 867 410 912 τοῖς
418 859 522 918 ἡμετέροις
532 860 626 916 ιίδελφοῖς
637 863 691 906 ἔσται
702 859 716 916 ἡ
726 862 851 918 χυδαιολογία
862 862 935 916 ματαία

152 930 209 988 χάρις
218 929 353 988 τυγχάνουσα·
369 929 493 989 σίμολόγηται
505 931 542 990 γάρ
554 929 600 990 παρ’
611 930 680 983 αὐτοῖς
690 948 711 975 τε
721 933 756 975 καί
767 927 814 989 παρ’
823 928 883 986 ἡμῖν,
899 928 935 975 έάν

153 999 181 1056 μὴ
192 1001 279 1045 θέλωσιν
294 1002 365 1060 ἑτέρως
379 1008 473 1058 φρονεῖν,
494 1002 565 1053 καθοίς
581 1019 633 1053 τινες
646 1000 740 1052 πολλάκις
755 998 791 1044 ἄπ’
802 1000 870 1044 αὐτοῖν
880 999 935 1052 όντες

153 1070 241 1115 ἑάλωσαν
256 1072 380 1128 πιεζόμενοι,
401 1070 434 1115 διά
449 1075 508 1115 τοῦτο
523 1073 560 1115 καί
576 1069 694 1128 ἀρνούμενοι
710 1070 774 1129 σάρκα
790 1068 890 1126 άληθινὴν
901 1068 936 1114 τόν

155 1139 243 1195 Χριστόν
262 1142 374 1195 εἰληφέναι,
397 1139 425 1191 τός
439 1139 480 1184 άνω
495 1158 529 1195 μοι
545 1143 622 1197 εἰρηται
639 1140 671 1185 ότι
683 1141 735 1192 τινὲς
750 1140 860 1195 ἐτόλμησαν
874 1141 937 1197 λέγειν

154 1208 263 1265 όμοοόσιον
281 1207 331 1253 εἶναι
345 1209 381 1265 τήν
393 1208 458 1267 σάρκα
471 1214 496 1269 τῇ
512 1208 575 1253 αότοῦ
586 1208 674 1265 θεότητι.
700 1208 751 1252 Ἀλλ’
766 1211 836 1253 ἐκεῖνοι
851 1209 888 1264 μὲν
898 1227 936 1252 πα-

156 1279 322 1334 ρεκβαλέσθωσαν
334 1276 362 1329 εἰς
376 1276 514 1336 μεταγνόντες,
534 1280 568 1322 καί
578 1279 701 1335 ἐλεγχθέντες
712 1279 746 1322 ε’πί
755 1282 783 1336 τῷ
794 1277 879 1336 τοιούτω
891 1276 937 1322 σίτο-

155 1347 232 1403 πήματι
247 1346 303 1404 παρά
319 1348 420 1403 τοῖςπερὶ
434 1346 509 1402 σαρκός
524 1348 545 1390 έν
558 1347 627 1397 αἰιτοῖς
640 1352 705 1399 καλῶς
716 1352 820 1403 φρονοῦσι.
851 1346 937 1398 Πάντως

154 1416 192 1473 γάρ
206 1434 247 1459 που
262 1413 274 1459 ό
289 1415 349 1467 αότός
364 1414 505 1471 εόλαβέστατος
517 1414 657 1473 Ἀπολινάριος
672 1416 710 1459 οἰικ
725 1408 836 1473 άρνησεταί.

60 1753 146 1799 QX?
213 1759 242 1801 Εἰ
254 1760 322 1801 τοίνυν
338 1757 403 1814 σάρκα
419 1759 501 1811 ε’ίληφεν
516 1756 583 1801 ἔλθοίν
597 1755 610 1801 ό
623 1757 692 1813 λόγος,
711 1759 746 1800 καὶ
762 1756 804 1800 άπό
815 1759 901 1813 Μαρίας
916 1758 938 1800 ἒν

156 1826 252 1885 άληθείμ,
267 1827 306 1869 οὐκ
317 1825 359 1869 άπό
370 1826 483 1881 σπέρματος
495 1824 579 1882 άνδρός,
594 1825 643 1868 άλλά
653 1824 687 1869 διά
697 1821 811 1880 πνεύματος
822 1824 891 1883 άγίου,
906 1827 937 1881 έχ-

125 1930 128 1934 .
154 1896 280 1949 κυμονηθελς
297 1895 319 1937 δὲ
333 1896 354 1937 ε’ν
370 1891 467 1952 όληθείμ,
486 1894 522 1936 καί
537 1893 703 1950 άναπλασάμενος
718 1895 819 1949 ιἑαυτοῦ,
841 1893 869 1946 οἷς
880 1892 937 1946 θεός,

155 1964 191 2005 καὶ
201 1962 290 2017 πλάστης
305 1962 334 2006 τόν
349 1967 386 2005 τοῦ
397 1961 571 2019 ’ῑπρωτοπλάστου
583 1960 696 2017 α’νθροόπου
706 1963 741 2005 καὶ
755 1962 846 2015 πόντων,
866 1961 906 2020 όίρα
916 1979 939 2019 γε

155 2032 194 2075 οἰικ
205 2031 311 2087 ἠλαττώθη
323 2030 388 2074 έλθοίν
399 2029 411 2074 ό
421 2029 488 2089 λόγος,
510 2027 550 2074 ἄλλ’
561 2032 636 2086 έμεινεν
647 2033 669 2075 έν
680 2036 705 2092 τῇ
714 2034 758 2092 ,ἰδίμ
771 2032 862 2093 άτρέπτηι
872 2030 938 2087 φάσει.

158 2101 189 2145 Οίι
202 2100 240 2159 γάρ
253 2099 320 2157 λαβαίν
332 2099 369 2167 τὴν
381 2099 446 2158 σάρκα
457 2099 534 2158 τροπήν
548 2099 636 2156 ὑπέστη,
656 2100 684 2152 τός
695 2099 803 2158 όμοοάσιος
817 2107 860 2162 θεῷ
870 2102 938 2161 πατρί,

156 2172 190 2215 καὶ
201 2171 240 2216 οίικ
253 2170 357 2227 όιλλότριος
367 2169 423 2228 παρά
434 2170 470 2214 τόν
486 2172 562 2227 πατέρα
573 2172 608 2214 καὶ
622 2170 644 2215 τό
655 2170 713 2229 άγιον
724 2172 788 2215 αὐτοῦ
797 2176 882 2228 πνεῦμα.
912 2173 942 2215 Εἰ

157 2244 225 2285 τοίνυν
234 2239 360 2298 οίμολόγηται
370 2245 441 2293 σαφῶς
451 2238 515 2295 σάρκα
526 2238 587 2283 αὐτόν
598 2242 711 2295 εἰληφέναι,
726 2242 760 2284 καί
770 2239 885 2299 ἡδρόνθαι,
900 2239 940 2298 όίρα

158 2309 196 2353 οιίκ
209 2309 266 2360 ἐκτός
277 2314 345 2364 ψυχῆς
355 2308 446 2365 τυγχάνει
456 2313 505 2362 (πάν
516 2307 553 2365 γάρ
563 2308 585 2352 τό
597 2307 745 2366 άδρυνόμενον,
760 2309 811 2365 πλὴν
820 2315 861 2353 τῶν
871 2308 940 2365 άκινό-

157 2396 208 2431 των,
229 2381 251 2422 ἐκ
263 2383 331 2433 ψυχῆς
347 2380 381 2421 καὶ
397 2377 487 2433 στόματος
502 2379 627 2436 συνέστηκε),
647 2378 698 2421 κατά
713 2377 736 2421 τό
749 2380 862 2436 εἰρημένον,
882 2377 941 2422 Ὀδὲ

155 2447 234 2502 Ἰησοῦς
246 2448 369 2504 προέκοπτεν
384 2449 405 2490 έν
421 2450 484 2505 σοφίᾳ
501 2448 536 2489 καὶ
548 2445 626 2505 ἡλικίμ“
647 2448 681 2489 ἵνα
698 2449 752 2507 δείξη
766 2446 803 2502 τήν
815 2446 895 2503 ἡλικίαν
906 2446 941 2491 διά

159 2515 194 2571 τήν
203 2515 272 2573 σάρκα.
301 2515 377 2559 Ἡλικία
393 2514 467 2559 δέίιπό
480 2520 516 2569 τῆς
532 2520 611 2570 ψυχῆς,
634 2513 734 2571 οέςέφην,
756 2517 790 2559 καί
805 2515 897 2571 στόματος
910 2533 940 2559 τε-

158 2590 252 2630 λειοῦται.
282 2585 342 2629 Μετοί
353 2586 374 2628 δὲ
383 2583 405 2628 τό
418 2586 490 2634 εἰπεῖν,
513 2583 729 2644 Προέκοπτενὴλικίγι,
749 2578 940 2642 άκολοόθωςφησί,

159 2655 279 2714 Καλσοφίγ.
308 2654 330 2697 ‘0
341 2653 369 2698 σίν
382 2655 404 2698 δὲ
416 2657 479 2708 σοφία
489 2651 576 2710 πατρός,
596 2658 639 2705 πῶς
655 2655 779 2710 προέκοπτεν
793 2657 814 2699 έν
829 2657 903 2714 σοφίμ,
923 2657 942 2698 εί

62 2748 97 2778 pag.
107 2738 146 2769 ικιο.
160 2723 263 2780 ἀλλότριον
279 2718 304 2778 ἦν
317 2723 339 2767 τό
350 2728 421 2773 σκεῦος
435 2727 472 2766 νοῦ
483 2722 614 2779 ἀνθρωπίνου
618 2741 625 2775 ,·
645 2724 679 2767 καί
690 2724 708 2766 εἰ
718 2722 767 2766 όίνευ
778 2723 829 2773 ,νοός
842 2722 940 2781 ἒτάγχανε,

158 2798 202 2843 πῶς
214 2795 276 2846 σοφία
288 2794 375 2851 ἐνψυχῇ
390 2793 425 2835 καὶ
437 2790 513 2845 σοι’ματι
524 2792 646 2845 προέκοπτε,·
677 2793 718 2835 Καί
730 2790 780 2848 όρῖις
794 2791 847 2846 πόση
859 2795 889 2842 τίς
900 2794 941 2836 έστι

181 2931 221 2964 Cn.
229 2932 303 2964 XXVII.
315 2949 334 2955 -
359 2931 373 2964 1.
385 2929 457 2971 ἑαυτοῦ,
468 2931 538 2971 ίπλιλλιφι
583 2931 599 2963 2.
611 2927 737 2973 πρωτοπλάοτα
745 2933 803 2964 vitium
817 2933 839 2965 est
847 2932 872 2965 εσ-
884 2932 941 2966 Ριίοο.

158 2975 220 3019 σάρκα.
244 2979 320 3018 Suspicor
335 2981 388 3010 autem
403 2975 459 3022 ἑαυτῷ
471 2985 540 3008 essere·
564 2978 617 3010 Gelon.
629 2980 677 3017 repet.

157 3024 260 3057 scribendum.
