1988 3392
158 219 200 261 52ss
294 240 296 244 ν
444 223 528 258 ειαοτι
538 222 655 257 ενιεειιαιι

158 319 215 363 ρησιν
227 304 344 360 ποιήσηται,
365 306 386 348 ἒν
401 307 481 362 Χριστῷ
488 301 557 358 Ἰησοῦ
570 305 599 361 τῷ
612 303 676 360 κυρίῳ
686 297 755 355 ημῶν,
776 297 801 344 δι’
811 295 837 344 οὗ
848 301 882 344 καὶ
897 300 942 356 μεθ’

158 369 183 419 ού
198 373 247 426 δόξα
261 379 290 433 τῷ
304 375 375 430 πατρὶ,
390 371 427 416 σύν
441 370 492 432 cipp
506 370 604 426 πνεύματι
619 372 648 421 είς
662 372 748 424 αἰῶνας,
762 368 830 426 Ἀμήν.

217 444 258 486 Καὶ
270 443 283 487 ἃ
293 443 329 498 μὲν
338 443 384 500 περὶ
394 445 478 492 πίστεως
489 442 527 498 ἔχει
536 439 586 495 αύτη
597 437 611 495 ἦ
621 437 673 495 μόνη
684 437 783 495 καθολική
794 440 893 494 ἐκκλησία,
908 443 943 485 καί

157 512 262 570 περιστεραί
278 511 362 565 ύκακος,
382 514 418 566 μία
435 506 486 555 ούσα
502 516 530 570 τῷ
546 508 606 566 οίυδρὶ
622 506 696 564 αύτης,
718 507 746 560 ῶς
759 510 821 567 λέγει,
841 512 888 553 Μία
902 511 943 555 ἐστὶ

158 582 264 640 περιστεραί
272 599 319 637 μου,
329 582 363 625 καὶ
373 579 448 635 ὁμοίως
457 581 502 637 περὶ
512 584 552 623 τῶν
562 578 676 635 ἀμυθήτων
686 581 789 632 νεανίδων,
801 573 831 622 ῶν
841 578 881 623 ούκ
890 580 944 624 έστιυ

159 650 259 709 ύριθμδς,
274 650 378 705 συντόμως
390 651 477 706 ἔφημεν,
492 652 538 706 περί
550 666 571 691 τε
580 646 656 705 πατρὸς
668 648 702 690 καὶ
713 650 760 691 υἱοῦ
770 648 804 691 καί
816 645 874 705 δγίου
885 649 944 692 πνεύ-

160 738 221 776 ματος
232 718 399 774 ύμοουσιύτητος,
414 720 449 762 καί
460 719 506 775 περὶ
517 722 552 773 τῆς
563 715 661 774 ε’νσοίρκου
675 720 765 773 Χριστοῦ
776 718 811 760 καί
822 720 895 769 τελείας
905 735 943 761 πα-

159 792 251 846 ρουσίας,
273 790 307 832 καὶ
320 788 383 832 ύίλλων
394 792 461 845 μερῶν
471 792 506 842 τῆς
516 790 606 836 πίστεως.
638 787 689 843 Περὶ
704 790 787 840 θεσμῶν
799 787 821 829 δέ
833 791 869 841 τῆς
882 785 945 843 αὐτῆς

159 861 181 902 ἒν
191 858 251 916 ὀλίγῳ
268 858 304 913 μέν
316 875 351 913 μοι
361 859 401 900 έστι
411 855 471 900 πάλιν
484 856 563 914 ιίνύγκη
576 861 613 899 τού
624 856 756 912 παραθέσθαι
767 860 808 899 τῶν
825 855 893 900 αὐτῶν
907 863 943 900 θε-

159 932 215 984 σμῶν
225 925 266 971 οἲπύ
276 927 349 984 μέρους
357 925 380 969 τύ
392 924 452 979 εἶδος,
469 925 544 983 ὅσαπερ
554 924 615 979 φύσει
624 924 750 978 πεφύλακται
758 925 779 967 ἒν
789 922 848 985 αὐτῇ,
859 927 894 969 καὶ
905 943 943 980 φυ-

159 996 257 1048 λοίσσεται,
272 994 296 1038 τοί
307 996 342 1050 μὲν
354 997 376 1039 ἐκ
387 993 544 1052 προςτοίγματος,
559 993 583 1038 τιί
594 994 616 1037 δέ
626 992 676 1037 κατιί
686 991 791 1048 οἷποδογην
801 996 942 1052 προαιρέσεως,

159 1070 195 1110 τοῦ
206 1070 257 1109 θεοῦ
267 1068 371 1122 χαίροντος
382 1066 415 1108 ε’πί
424 1069 449 1124 τῇ
458 1062 518 1123 οίρειῂ
529 1069 564 1118 τῆς
575 1062 637 1107 αὐτοῦ
648 1065 781 1112 διδασκαλίας.
812 1064 853 1106 Καὶ
863 1068 945 1121 πρῶτον

161 1135 196 1190 μὲν
208 1135 282 1192 κρηπὶς
293 1135 339 1187 καί,
355 1132 383 1184 ῶς
392 1135 464 1185 εἰπεῖν,
480 1131 562 1188 βαθμδς
574 1134 595 1176 έν
605 1132 656 1191 αὐτῇ
667 1130 681 1187 ἦ
693 1135 806 1190 παρθενία,
829 1134 944 1189 ἆσκουμένη

160 1205 225 1247 τεκαὶ
235 1204 372 1257 φυλαττομένη
384 1201 440 1260 παροί
449 1206 529 1252 πολλοῖς
542 1202 576 1244 καὶ
588 1202 735 1256 ένδοξαζομένη.
765 1202 877 1246 Συνέπεται
886 1202 907 1246 δὲ
918 1207 944 1263 τῇ

161 1270 212 1331 αὐτῇ
222 1274 324 1330 παρθενίᾳ
334 1268 348 1324 ἡ
359 1270 453 1326 μονύτης,
469 1269 523 1327 πυροί
533 1273 608 1313 πλείοσι
617 1275 658 1313 τῶν
669 1269 796 1325 μοναζόντων
804 1273 838 1314 καὶ
849 1276 945 1326 μουαζου-

161 1345 207 1384 σῶν.
237 1339 297 1383 Μετὰ
312 1339 387 1395 ταύτην
402 1339 503 1397 ἐγκράτεια
518 1340 552 1383 ἐπὶ
567 1338 601 1383 τδν
617 1337 678 1382 αύτδυ
694 1339 768 1396 δρόμον
782 1341 944 1396 τεθεμελιωμένη.

155 1408 239 1453 Ἔπειτα
255 1410 277 1452 δέ
287 1408 387 1465 χηροσύνη
406 1407 453 1464 μετοί
469 1406 536 1463 κνίσης
547 1413 647 1465 προςοχῆς
657 1410 691 1451 καὶ
704 1406 802 1465 ύχροίντου
813 1423 945 1467 συναναστρο-

162 1483 208 1534 φης.
241 1479 327 1529 Ταύταις
341 1479 363 1522 δὲ
378 1483 421 1528 ταῖς
434 1476 512 1528 τύξεσιν
528 1476 642 1527 ιίκύλουθος
653 1474 746 1532 ύσεμυδς
761 1477 826 1535 γύμος
841 1479 862 1522 έν
871 1477 945 1539 μεγάλη

161 1552 221 1607 τιμῇ,
242 1545 286 1592 δέν
298 1549 409 1605 μονογαμίμ
423 1544 517 1601 μάλιστα,
531 1547 566 1589 καὶ
579 1546 854 1606 παραφυλακῇὲνταλμοίτων.
885 1549 915 1590 Εἰ
924 1549 947 1591 δέ

162 1634 193 1667 τις
203 1616 345 1673 τελευτησάσης
358 1621 393 1671 τῆς
403 1614 465 1658 αύτού
476 1614 584 1672 γυναικός,
606 1614 621 1670 η’
631 1613 705 1672 οἲυδρδς
715 1616 864 1671 τελευτήσαντος
873 1621 909 1672 τῆς
919 1635 946 1660 τι·

164 1703 199 1735 νος
209 1685 304 1743 γυναικδς
315 1688 392 1740 ἐφίεται
403 1685 485 1743 δευτέριγ
494 1689 631 1739 συνοφθῆναι,
647 1682 661 1739 ἢ
671 1685 764 1744 δευτέρῳ,
782 1684 845 1740 1μεταλ
856 1685 947 1729 θάνατον

163 1759 199 1797 τοῦ
214 1754 307 1811 πρῶτου,
328 1753 343 1809 ἢ
353 1759 389 1809 τῆς
406 1752 492 1809 πρῶτης.
523 1752 619 1808 Στεφοίνη
634 1753 656 1796 δὲ
670 1753 747 1797 τούτων
758 1754 839 1798 πάντων
851 1753 864 1810 ἢ
875 1753 946 1812 μήτηρ,

164 1822 191 1874 ῶς
204 1826 278 1876 εἰπεῖν,
293 1824 327 1866 καὶ
340 1821 444 1879 γεννητρια
454 1820 472 1876 ἡ
480 1819 526 1878 ύγία
538 1820 646 1879 ἱερωσύνη,
662 1823 684 1865 έκ
696 1823 732 1876 μὲν
742 1824 851 1880 παρθένων
862 1822 885 1867 ιδ
895 1829 945 1867 πλεῖ-

71 1920 105 1950 pag.
115 1912 153 1941 11⁰4.
164 1908 211 1936 στου
221 1891 337 1949 ὁρμωμένη,
353 1893 371 1934 εί
382 1891 403 1934 δὲ
415 1891 453 1934 οὐκ
462 1892 485 1934 ἐκ
494 1891 611 1947 παρθένων,
626 1893 649 1934 ἐκ
661 1890 796 1945 μοναζύντων’
812 1894 830 1935 εί
839 1893 861 1936 δὲ
872 1892 899 1949 μη
908 1891 947 1937 εἶεν

163 1963 229 2005 ίκανοὶ
241 1963 270 2012 είς
285 1958 396 2017 ύπηρεσίαυ
411 1958 451 2003 οίπδ
464 1959 600 2013 μοναζύντων,
620 1961 641 2011 έξ
655 1961 827 2018 ἓγκρατευομένων
839 1966 879 2005 τῶν
891 1964 948 2006 ἰδίων

162 2035 274 2088 γυναικῶν,
294 2027 309 2084 ἢ
327 2027 465 2085 γηρευσιίντων
481 2025 521 2071 ῶπδ
537 2031 665 2084 μονογομίας.
701 2031 854 2087 Δευτερύγαμον
871 2032 893 2074 δὲ
909 2029 947 2074 ούκ

163 2101 225 2150 ἔξεστι
234 2100 326 2154 δέχεσθαι
336 2098 358 2140 ἕν
369 2095 421 2156 αὐτῇ
431 2098 460 2147 εἰς
470 2095 608 2154 λὶερωσύυην,
629 2094 669 2140 κύν
681 2114 701 2140 τε
712 2098 880 2155 ἐγκρατευόμενος
892 2101 946 2155 3εἴη,

163 2167 257 2224 ἢχῆρος,
273 2167 364 2224 έιπαργῆς
373 2165 446 2217 τάξεως
457 2165 578 2217 ἐπισκόπου,
594 2167 628 2208 καί
641 2168 783 2223 πρεσβυτέρου,
798 2169 832 2210 καί
844 2167 947 2221 διακόνου,

164 2237 199 2279 καὶ
209 2234 353 2279 ύποδιακύνου.
384 2232 444 2278 Μετοί
454 2233 528 2289 ταύτην
538 2232 575 2288 την
589 2234 718 2292 4ίερωσύνην
731 2234 803 2280 λοιπδν
815 2236 948 2294 ιἰναγνωστῶν

165 2304 230 2361 τοίγμα
242 2306 263 2356 ἐξ
274 2303 326 2348 ὅλων
342 2309 383 2347 τῶν
397 2302 512 2361 ταγμάτων,
533 2304 622 2346 τουτέστι
634 2304 753 2361 παρθένιον,
768 2306 803 2348 καὶ
814 2305 947 2360 μουαζύντων,

165 2374 200 2416 καὶ
216 2373 399 2430 έγκρατευομένων,
419 2373 452 2416 καὶ
463 2369 611 2428 χηρευσύντων,
631 2374 666 2416 καί
678 2377 717 2416 τῶν
727 2375 756 2417 ἔτι
770 2375 792 2417 έν
804 2378 868 2433 σεμνῷ
879 2372 947 2434 γύμφ·

165 2442 216 2484 εἰδὲ
233 2444 263 2497 εἴη
274 2441 362 2498 ἀνάγκη,
382 2443 416 2484 καὶ
433 2439 473 2484 ἆπδ
491 2445 530 2483 τῶν
546 2439 594 2495 μετύ
607 2440 697 2485 θοίνατον
711 2447 746 2497 τῆς
758 2442 839 2499 πρῶτης
852 2441 947 2500 γυναικδς

167 2512 249 2568 δευτέρᾳ
259 2511 410 2564 συναφθέντωυ,
441 2511 482 2553 Καί
492 2507 530 2565 γδρ
543 2507 581 2551 ούκ
592 2510 644 2553 έστιν
655 2508 718 2567 ἱερεύς
732 2510 744 2554 ὅ
754 2511 891 2569 ἆναγνῶστης,
907 2510 947 2555 ἀλλ’

168 2575 195 2628 ῶς
206 2578 331 2635 γραμματεύς
342 2583 378 2622 τοῦ
392 2577 458 2636 λόγου.
489 2579 530 2620 Καὶ
540 2576 665 2622 διακύνισσαι
680 2578 702 2621 δὲ
713 2582 844 2624 καθίστανται
856 2582 884 2631 είς
895 2578 947 2636 δπη-

189 2716 228 2749 (λιν.
237 2716 310 2748 ΧΧ,-
323 2718 337 2750 λ.
348 2718 414 2759 „Deest
424 2715 507 2762 βούλεται,
517 2722 546 2748 aut
568 2716 670 2751 subdiaconi.
697 2720 783 2751 Carnarius
794 2722 840 2752 υειιὶί
851 2720 886 2751 ita:
903 2719 948 2752 Nam

164 2761 228 2806 aliquid
240 2761 334 2794 eiusmodi‘1
350 2765 429 2795 petavius.
453 2764 506 2795 Facile
520 2764 545 2794 ιἰι-
568 2774 605 2795 eum
615 2764 642 2807 qui
652 2763 805 2807 secundasnuptias
813 2764 903 2804 contraxit,
912 2776 947 2797 non

164 2809 242 2849 tellepitur
251 2805 306 2847 ἔξεστι
313 2807 397 2850 γίνεσθαι,
409 2811 433 2841 vel
442 2810 493 2841 simila
502 2808 545 2848 quid.
568 2808 608 2841 licet
618 2809 635 2840 in
646 2809 683 2852 ipsa
697 2809 718 2841 ad
730 2809 843 2842 sacerdotium
857 2809 947 2853 suscipere,

188 2853 204 2886 2.
217 2851 304 2895 ἱεροούνην
316 2855 352 2885 αλιι.
364 2855 419 2887 Ρελαυ.
568 2854 633 2887 etiamsi
643 2853 657 2886 is
667 2854 695 2899 qui
703 2854 724 2887 ab
733 2854 782 2887 initio
792 2855 879 2888 continens
888 2855 947 2888 viduus

188 2898 204 2932 3.
218 2898 245 2941 εἴη
256 2893 269 2942 ἦ
281 2898 335 2943 χῆρος
345 2900 364 2931 de
374 2909 409 2931 meo
418 2901 479 2932 νοολιιυι
484 2908 490 2940 ,’
507 2909 545 2931 κουι
569 2899 632 2938 fuerit,
654 2899 708 2943 possit
723 2899 785 2932 habere
799 2899 856 2933 locum
872 2900 948 2945 episcopi

166 2939 208 2987 ἧλοι
223 2945 267 2976 libris
282 2945 330 2984 υυλρο
346 2954 377 2976 non
389 2946 471 2985 reperitur.
501 2945 545 2977 Verte
567 2947 683 2986 σιλλλλῑιιμοε,
698 2947 947 2979 Τναολαυιίλιιιυολοαιοιειίοιο

126 3014 127 3017 ¹
164 2989 233 3021 tametsi
239 2995 269 3021 aut
276 2999 313 3021 sese
322 2987 343 3020 ab
352 2999 404 3022 uxore
414 2989 507 3028 contineat,
517 2994 545 3021 aut
568 2992 674 3023 λλοιιλοοιιλὶυε
684 2991 827 3032 ori99.Ecc!es.1‚
837 2991 853 3025 ἱ).
863 3001 902 3034 μορ.
908 2990 947 3025 398.

165 3034 188 3066 sit
197 3033 268 3073 viduus,
280 3033 380 3079 praesertim
391 3033 405 3066 si
417 3034 469 3067 fuerit
482 3033 545 3067 ordinis
591 3033 606 3068 4.
619 3033 707 3080 ἱεροσύνην
719 3036 755 3068 edit.
765 3037 821 3069 Ρελαν.

166 3078 277 3124 episcopalis,
299 3078 405 3123 presbytcri,
428 3079 496 3113 diaconi
516 3087 545 3112 aut
