1988 3392
259 230 353 266 raanan
364 231 408 266 nin.
419 233 449 266 ιιι.
460 232 516 267 rom.
525 234 539 267 r.
549 232 619 266 unna.
630 232 712 266 nxxvr.
836 223 878 267 289

93 313 174 371 spiritus
185 311 227 368 ipse
240 319 322 355 sanctus
335 311 375 368 pati
389 312 492 368 quicquam
509 320 587 369 potest,
609 312 643 368 qni
657 311 759 354 columbae
775 312 842 369 specie
854 313 880 354 ad

93 382 197 424 Iordanem
208 380 318 433 descendit,
335 394 372 421 nec
381 380 495 436 unigenitus
506 383 602 424 aloanne
613 381 726 437 haptizatus
738 388 758 423 et
767 388 879 424 contrecta·
929 425 935 433 ,

93 458 137 501 tus,
160 450 195 490 sed
208 463 272 504 neque
284 456 342 504 pater
354 448 451 490 eiusmodi
462 450 486 491 de
497 451 553 492 coelo
564 464 615 492 voce
626 463 749 506 personans,
774 464 831 505 quam
843 451 879 492 ho-

92 517 156 560 mines
173 516 269 559 exaudire
286 523 380 573 possent,
402 520 440 557 Hic
453 519 549 571 estfilins
560 533 618 568 meus,
635 521 779 572 permanare.
810 515 879 572 Quare

93 585 141 627 nihil
157 599 168 627 a
184 592 239 641 patre
255 585 347 628 diversus
364 592 395 627 est
412 586 471 627 lilius.
509 585 536 627 Et
552 587 629 642 quidem
646 594 704 643 pater
719 586 821 642 ingenitus
839 594 878 638 est,

93 653 145 696 titius
161 654 251 709 genitus,
274 668 311 695 nec
327 654 368 696 ullo
383 654 441 696 niodo
453 654 550 710 patibilis,
574 654 655 711 spiritus
667 669 717 697 vero
732 662 814 697 sanctus
830 654 881 696 citra

93 722 206 779 passionem
215 722 274 764 ullam
285 723 395 780 processit;
411 730 478 765 cetera
488 723 555 765 omnia
566 724 668 766 creatione
678 724 774 780 producta
785 730 840 775 sunt,
858 737 881 764 ac

93 791 181 848 perlecta
194 790 237 848 ipsa
248 791 325 834 trinitas
337 792 356 833 in
369 792 479 848 quantitate
490 807 527 834 sua
540 799 560 834 et
569 792 659 834 increata
671 794 803 850 appellatione
815 806 881 834 rema-

93 867 138 911 net,
155 859 184 901 sic
194 867 215 901 ut
226 874 290 916 neque
303 867 435 902 commutetur
446 861 497 915 quod
509 861 579 902 melius
595 868 634 912 est,
650 875 714 916 neque
726 863 778 917 quod
791 861 882 917 gignitur

94 927 133 969 ulla
151 926 237 983 patiendi
253 929 298 984 lege
315 933 441 970 coerceatur.
473 926 511 970 Cui
522 929 601 984 quidem
612 943 676 984 neque
688 930 767 985 genitor
780 929 880 972 obnoxius

94 997 138 1038 fuit.
169 995 217 1038 Non
228 997 281 1038 eninl
292 1011 410 1053 corporeum
422 1003 453 1038 est
463 997 551 1052 genitum
563 998 623 1049 illud,
640 998 675 1039 sed
686 998 768 1054 spiritns
778 1013 790 1040 e
801 999 879 1054 spiritu,

94 1071 114 1106 et
125 1078 152 1106 ex
162 1072 218 1122 patre
230 1065 289 1107 lilius.
321 1067 350 1107 lta
363 1065 422 1107 etiam
439 1072 459 1106 et
471 1065 552 1121 spiritus
567 1073 649 1108 sanctus
662 1065 687 1107 ah
702 1066 746 1123 ipso
761 1081 882 1123 progressus

94 1140 136 1186 est,
153 1134 234 1190 spiritus
245 1134 315 1191 patris,
331 1134 413 1191 spiritus
424 1131 513 1187 Christi,
530 1141 670 1189 noueremus,
686 1149 727 1177 non
737 1135 825 1191 genitus,
842 1150 882 1178 non

94 1217 200 1260 germanus
212 1204 286 1256 frater,
307 1217 419 1256 nonanus,
440 1217 480 1245 non
499 1217 568 1261 nepos.
600 1201 704 1260 Siquidem
721 1204 882 1263 incomparabilis

94 1272 169 1329 patris,
186 1272 219 1315 lilii
229 1287 252 1316 ac
262 1271 344 1330 spiritus
357 1274 421 1315 sancti
433 1280 504 1315 natura
514 1273 655 1329 cogitationem
667 1288 746 1316 omnem
758 1288 783 1316 ac
794 1283 882 1316 mentem

94 1350 189 1398 superat,
215 1357 255 1385 non
270 1341 370 1384 hominum
387 1342 450 1384 solum
467 1343 565 1395 dixerim,
594 1357 663 1385 verum
679 1343 738 1385 etiam
754 1344 880 1400 angelorum.

94 1409 142 1453 Non
159 1412 212 1453 enim
228 1411 356 1453 mutationem
374 1411 434 1453 ullam
449 1411 520 1453 unicus
536 1412 568 1453 dei
585 1408 636 1453 lilius
652 1412 743 1464 admisit,
766 1426 803 1455 nec
819 1413 883 1469 ipsius

95 1486 163 1537 pater,
180 1494 245 1537 neque
256 1487 337 1523 sanctus
348 1480 392 1522 eius
404 1480 493 1537 spiritus,
510 1494 535 1523 eo
546 1481 598 1536 qnod
608 1480 723 1537 unigenitus
733 1495 770 1538 per
781 1495 828 1524 sese
838 1495 884 1538 pas-

95 1549 158 1592 sionis
172 1563 247 1606 expers
265 1550 285 1591 in
303 1563 364 1591 carne
382 1549 408 1591 sil
420 1563 503 1606 passus,
526 1550 607 1607 spiritus
622 1564 672 1592 vero
686 1557 767 1593 sanctus
780 1550 883 1593 columbae

96 1633 119 1662 se
131 1618 199 1676 specie
208 1618 314 1661 videndum
327 1618 434 1670 obiecerit,
457 1633 480 1661 ac
492 1625 593 1676 postremo
604 1626 661 1676 pater
671 1619 715 1676 ipse
727 1633 778 1661 voce
790 1620 883 1662 de‘ooelo

21 1693 22 1696 ’
96 1688 157 1730 missa
177 1687 226 1729 citra
247 1687 360 1745 passionem
381 1687 439 1729 ullam
459 1687 560 1730 homiuum
581 1688 663 1730 auribus
683 1687 804 1730 insonuerit.
834 1687 884 1730 Non

96 1770 154 1800 secus
171 1763 230 1814 atque
245 1756 324 1813 angeli,
347 1756 446 1799 coelestes
462 1756 534 1809 orhes,
555 1764 621 1808 terra,
643 1763 750 1813 ceteraque
765 1771 815 1813 qnae
833 1757 883 1799 deus

65 1814 67 1817 ¹
95 1825 194 1878 condidit,
216 1825 282 1867 omnia
299 1825 372 1868 nullam
388 1825 465 1867 auctori
478 1840 515 1868 suo
529 1826 657 1868 mutationem
669 1826 834 1881 affectionemque
848 1824 883 1867 tri-

95 1895 189 1938 huerunt.
220 1891 261 1937 Sed
278 1894 327 1937 haec
341 1894 407 1936 omnia
423 1895 540 1952 stupendum
555 1895 652 1951 quoddam
665 1901 711 1937 sunt
723 1894 884 1951 horrendumque

95 1964 226 2021 mysterium,
247 1963 275 2005 uti
292 1962 387 2021 scriptum
406 1972 449 2017 est,
471 1966 583 2005 Onltc'tudo
598 1967 719 2014 dinitiarum,
741 1967 846 2018 saptentiae
860 1971 988 2015 etnomnqaa.

95 2036 187 2074 scientiae
200 2035 246 2073 dei!

154 2101 209 2144 Aetli
220 2098 286 2157 Caput
296 2101 368 2142 XXlll.
399 2098 422 2143 Si
436 2100 514 2157 genitae
527 2100 650 2144 substantiae
663 2115 736 2143 caussa
745 2101 771 2143 sit
782 2101 881 2158 ingenita,

97 2170 206 2227 ingenitum
221 2183 283 2222 vero,
305 2169 357 2225 quod
375 2168 492 2227 principium
507 2170 590 2222 dicitur,
611 2170 755 2212 nihilomnino
771 2170 808 2222 sit,
832 2184 882 2226 qno-

97 2240 156 2282 modo
173 2246 239 2296 potest
253 2239 273 2281 id
291 2238 343 2295 quod
359 2238 408 2281 nihil
423 2245 455 2281 est
470 2239 513 2281 eins
531 2240 581 2296 quod
599 2239 715 2296 productum
729 2246 760 2281 est
773 2252 818 2281 esse
830 2238 884 2295 prin·

98 2309 186 2366 cipium?

156 2375 239 2420 Confut.
252 2378 324 2418 XXllI.
354 2377 445 2433 ingenita
462 2376 573 2419 substantia
589 2392 629 2419 non
646 2377 715 2419 eodem
729 2377 804 2433 quoad
816 2384 885 2419 cetera

99 2445 164 2489 omnia
175 2453 289 2502 comparata
301 2446 371 2498 modo,
387 2446 422 2487 sed
433 2446 472 2488 alio
484 2446 568 2501 quodam
579 2459 641 2487 sensu
651 2446 734 2500 dieitur,
751 2461 795 2488 cum
806 2446 831 2488 ad
841 2445 885 2487 uni-

99 2529 142 2558 cam
155 2513 243 2557 sobolem
256 2515 355 2567 relertur,
371 2514 403 2557 vel
415 2515 440 2556 ad
450 2514 540 2571 spiritum
551 2521 654 2566 sanetum,
671 2516 704 2571 qui
714 2515 738 2557 ah
748 2515 791 2571 ipsa
801 2528 885 2571 progre-

100 2584 160 2626 ditur.
190 2580 263 2638 Neque
275 2596 324 2624 vero
341 2581 458 2639 principium
475 2590 505 2626 est
517 2583 613 2625 eiusmodi
629 2584 687 2638 quale
704 2584 800 2639 estquod
815 2582 886 2624 existit

100 2667 144 2695 cum
164 2652 250 2694 nondum
265 2650 366 2693 existente
377 2659 520 2708 comparatum.
551 2650 628 2708 Quippe
640 2666 680 2694 non
693 2666 721 2694 ex
732 2651 793 2694 nihilo
806 2652 886 2707 genitus

101 2729 132 2764 est
141 2721 204 2774 lilius,
220 2733 284 2776 neque
295 2734 335 2761 non
345 2719 436 2763 existens
445 2728 477 2763 est
488 2721 521 2777 qui
533 2720 613 2777 genuit,
633 2721 666 2763 vel
676 2720 710 2777 qni
721 2720 746 2763 ah
758 2720 802 2777 ipso
815 2733 886 2777 proce-

102 2790 130 2832 dit
146 2789 227 2847 spiritns
244 2795 338 2840 sanctus3
369 2795 481 2831 ceterorum
498 2803 548 2833 vero
564 2803 635 2831 caussa
657 2797 689 2831 est
704 2789 796 2832 existens
811 2788 884 2845 ipsum.

101 2855 230 2915 Quapropter
238 2864 307 2914 suapte
316 2856 380 2913 gloria
387 2870 410 2898 ac
418 2858 524 2914 splendore
532 2857 620 2914 praedito
629 2870 710 2914 semper
720 2864 751 2900 est
757 2862 887 2899 sacrosancta

126 2949 153 2984 18.
165 2951 210 2983 Libri
221 2950 270 2990 vulco
280 2946 300 2983 τό
312 2947 347 2984 τᾶν.
528 2949 545 2983 2.
556 2951 613 2991 Dipcrt
623 2951 705 2990 emptura
716 2951 733 2982 tn
744 2949 856 2990 superioribus,
867 2948 887 2980 dc

127 2994 154 3030 19.
166 2996 211 3029 ncta
220 2994 254 3038 τῆς
263 2991 350 3038 γνώσεως.
367 2995 483 3030 renitentem
505 3005 538 3038 quc
549 2996 585 3029 vide
597 2996 614 3027 tu
625 2998 686 3028 nauch.

102 3052 134 3077 non
146 3044 233 3083 cqaoscnnt
244 3041 291 3073 codd.
303 3050 340 3074 mss.
529 3042 545 3076 3.
557 3038 638 3083 ἑκατέραν
650 3042 685 3073 cod.
697 3041 763 3082 uterq.

127 3089 142 3123 1.
153 3083 166 3130 q‘
178 3096 210 3120 aon
220 3089 307 3128 agnoscunt
319 3087 365 3121 codd.
377 3097 414 3121 mss.
529 3085 545 3121 lt.
557 3083 570 3129 q*
582 3096 613 3119 cm.
625 3087 660 3119 cod.
671 3086 737 3127 necaro.

139 3142 199 3179 corpus
208 3139 345 3172 haereseorum.
723 3145 750 3186 19
