1988 3392
168 227 210 268 542
459 234 542 268 sANch
553 234 670 268 EP1PHAN11

169 314 326 365 Λουκιανισταί,
346 315 478 370 Σευηριανυί,
503 315 602 356 Τατιανοί.
632 310 690 366 Αότη
707 310 721 367 ἡ
733 304 905 366 οίνακεφαλαίωσις
915 320 951 360 τοῦ

168 381 249 436 πριότου
266 384 344 437 βιβλίου
357 386 397 425 τῶν
412 386 473 437 τριῶν
488 380 563 435 τόμων.
594 385 636 423 Τοῦ
651 381 672 443 δέ
690 382 783 438 δευτέρου
800 384 879 436 βιβλίου
893 382 952 438 τόμοι

168 451 210 493 δύο.
241 452 283 492 Καὶ
297 452 319 493 έν
334 450 407 507 μέντῷ
418 449 491 508 πραίτῳ
504 455 541 492 τοῦ
553 450 647 504 δευτέρου
664 451 753 503 βιβλίου,
773 449 859 508 τετάρτῳ
874 451 896 494 δὲ
908 450 950 496 όντι

168 518 218 561 κατολ
229 517 265 573 τὴν
279 515 343 559 2θᾶτὶ
356 517 419 573 ἀρχῆς
433 523 468 560 τοῦ
483 515 574 574 αίριθμοῦ
589 516 724 570 ιίκολουθίαν,
740 518 825 573 αἱρέσεις
837 517 862 573 ιη’
876 518 951 579 οὕτως,

165 587 302 644 Ἐγκρατῖται,
317 584 368 628 κατιί
382 586 475 642 Φρύγας,
496 586 560 628 οἱκαὶ
573 588 713 628 Μυντανισταὶ
725 588 760 628 καί
773 589 950 643 Τασκοδρουγῖται,

170 656 314 706 Πεπουζιανολ,
329 656 363 696 καί
377 655 545 705 ΉΚυντιλιανοί,
561 651 592 703 οἱς
603 653 886 710 συνυίκτονταιἏρτοτυρῖται,
905 660 951 698 Τεσ-
969 702 970 705 ¹

169 725 384 780 σαρεςααιδευατῖται,
397 724 418 764 οἱ
430 720 452 763 τό
471 719 542 774 Πιίσγα
558 724 605 774 μίαν
619 719 695 777 ἡμέραν
711 726 748 764 τοῦ
766 724 824 773 ἔτους
838 727 951 777 ποιοῦντες,

163 790 254 847 ''At-yffi,
270 793 291 832 οἱ
300 789 322 833 τό
334 788 447 846 εὐαγγέλιον
459 791 493 832 καί
504 789 540 843 τήν
551 787 689 843 Ἀποκοίλυψιν
698 788 792 833 Ἰωυίννου
801 790 829 846 μη
840 791 951 846 δεχόμενον

167 858 295 913 Ἀδαμιανοί,
311 863 428 913 Σαμψαῖοι,
444 857 596 910 28Ἑλκεσαῖοι,
613 860 752 911 Θεοδοτιανοί,
768 861 951 914 Μελχισεδεκιανοὶ,

169 927 346 985 Βαρδησιανισταί,
362 917 492 981 Νοητιανοί,
503 925 624 980 Οὖαλησιοι,
641 927 746 981 Καθαροί,
761 926 879 984 Ἀγγελικοὶ,
891 927 952 972 Ἀπο-

169 999 266 1049 στυλικοί,
287 997 349 1039 οἱκαὶ
358 995 508 1048 Ἀποτακτῖται,
528 997 668 1051 Σαβελλιανοί,
689 994 805 1053 Ώριγένειοι
818 998 951 1055 αἱσγροποιοί,

168 1057 174 1074 '
353 1072 362 1081 u
404 1065 410 1081 ›
447 1065 452 1080 ι
558 1066 564 1082 ν
621 1065 626 1081 ι
657 1070 666 1078 as
726 1068 731 1082 ι
790 1065 795 1079 ι
867 1072 877 1081 u
909 1065 915 1082 ν
942 1071 951 1081 ..

171 1068 285 1125 Ωριγένειοι
294 1069 315 1110 οἱ
325 1085 362 1110 του
374 1069 533 1122 ἨΑίδαμαντος.
565 1071 595 1108 Εν
606 1068 628 1108 δε
638 1083 665 1125 τῳ
676 1069 761 1125 δευτέρῳ
772 1084 827 1127 τομῳ
839 1084 877 1111 του
889 1085 952 1111 αυτον

170 1138 263 1194 δευτέρον
273 1139 359 1192 βιβλίου,
374 1137 457 1194 πέμπτῳ
468 1137 489 1179 δέ
499 1135 542 1178 ίίντι
552 1134 601 1178 κατιί
609 1134 646 1178 τόν
655 1135 744 1192 ἀριθμόν
753 1136 789 1180 τόν
798 1137 951 1194 προειρημένον,

84 1230 120 1264 pag.
130 1219 160 1250 1³³.
170 1207 254 1264 αἱρέσεις
264 1205 277 1248 ε’
288 1206 362 1256 οἱίτως·
379 1205 463 1248 Παόλου
474 1210 511 1249 τοῦ
520 1206 661 1260 Σαμοσατέως,
672 1210 789 1260 Μανιγαῖοι,
805 1209 826 1249 οἱ
836 1208 871 1250 καί
880 1206 952 1250 Ἀκου-

170 1283 246 1328 ανῑται,
265 1273 380 1332 Ἱερακῖται,
400 1275 534 1329 Μελητιανοί,
554 1276 575 1317 οἱ
589 1277 610 1318 έν
625 1279 650 1334 τῇ
666 1275 764 1334 Λὶγόπτῳ
780 1275 911 1330 πεποιηκότες
929 1275 951 1319 τό

171 1349 253 1401 σχίσμα,
270 1344 377 1402 Ἀρειανοὶ.
406 1342 465 1398 Αότη
481 1342 495 1398 ἡ
510 1349 547 1386 τοῦ
563 1345 656 1398 δευτέρου
671 1346 751 1399 βιβλίου
766 1348 806 1386 τῶν
821 1343 889 1399 τόμων
905 1344 952 1388 αἰνα-

170 1417 308 1468 κεφαλαίωσις.
337 1412 422 1469 Ὁμοίως
430 1414 466 1455 καί
474 1415 495 1456 έν
504 1417 532 1471 τῷ
542 1415 601 1471 τρίτῳ
612 1414 682 1470 βιβλίῳ
693 1414 729 1456 εἰσί
740 1412 798 1468 τόμοι
809 1412 852 1456 δόο.
878 1414 952 1473 Ἐντῳ

171 1485 207 1538 μὲν
216 1483 289 1541 κρότῳ
300 1481 355 1542 τόμῳ
364 1486 400 1525 τοῦ
410 1484 477 1539 τρίτου
490 1484 580 1536 βιβλίου,
599 1482 650 1540 έκτῳ
661 1482 683 1524 δὲ
694 1480 736 1524 όντι
745 1480 796 1524 κακοί
807 1481 843 1525 τόν
855 1481 952 1540 ἀριθμόν,

171 1552 196 1595 δν
205 1555 335 1607 προείπομεν,
350 1549 461 1606 αἱρέσειςζ
472 1549 545 1599 οίίτως·
566 1551 678 1601 Λόδιανοί,
702 1552 872 1603 30Φωτεινιανοί,
892 1555 953 1606 Μαρ-

171 1621 279 1672 κελλιανοί,
299 1618 418 1676 Ἡμιόρειοι,
441 1616 620 1672 Πνευματομοίηοι,
641 1620 663 1663 οἱ
676 1617 699 1661 τό
715 1623 794 1673 πνεῦμα
810 1623 846 1662 τοῦ
863 1623 915 1662 θεοῦ
929 1617 952 1662 τό

172 1688 230 1745 ἱίγιον
242 1692 414 1743 βλασφημοῦντες·
426 1688 534 1743 Ἀεριανοί,
548 1684 626 1738 Ἀέτιοι,
641 1688 703 1729 οἱκαὶ
711 1686 820 1741 Ἀνόμοιοι.
847 1687 883 1730 Ἐν
895 1687 917 1729 δέ
925 1691 953 1746 τῷ

172 1758 257 1815 δευτέρῳ
266 1757 321 1814 τόμῳ
331 1760 367 1798 τοῦ
378 1753 440 1798 αότοῦ
450 1758 517 1811 τρίτου
528 1757 613 1808 βιβλίου,
629 1753 709 1813 ἑβδόμῳ
720 1755 742 1797 δέ
754 1753 798 1797 όντι
807 1754 856 1797 καθ’
865 1755 890 1810 ἣν
899 1757 953 1799 ε’ίπο-

171 1842 206 1880 μεν
216 1827 322 1880 διαίρεσιν,
338 1824 423 1881 αἱρέσεις
433 1824 525 1878 τέσσαρες
535 1821 610 1872 οὕτως*
625 1821 748 1878 Διμοιραῖοι,
764 1825 786 1866 οἱ
795 1822 822 1878 μὴ
832 1827 907 1866 τελείαν
916 1822 953 1878 την

171 1898 207 1936 τοῦ
223 1897 312 1949 Χριστοῦ
328 1892 483 1947 ένανθροίπησιν
498 1888 650 1946 ὁμολογοῦντες,
670 1893 692 1933 οἱ
707 1892 742 1934 καί
752 1891 913 1948 Ἀπολιναρῖται,
933 1893 955 1935 οἱ

171 1964 206 2004 καί
216 1960 253 2016 τὴν
265 1959 324 2016 όγίαν
335 1963 420 2015 Μαρίαν
434 1957 470 2012 τὴν
485 1958 620 2015 όειποίρθενον
635 1960 724 2015 λέγοντες
737 1958 785 2014 μεταλ
796 1958 818 2003 τό
829 1958 864 2002 τόν
874 1965 953 2017 σωτῆρα

172 2029 309 2087 γεγεννηκέναι
322 2032 350 2086 τῷ
361 2026 438 2083 Ἰωσὴφ
450 2032 567 2082 συνῆφθαι,
586 2026 622 2077 οδς
635 2027 954 2085 ἐκαλέσαμενἈντιδικομαριανί-

172 2116 217 2149 τας·
238 2099 273 2141 καὶ
288 2100 308 2140 οἱ
324 2098 352 2146 είς
369 2094 432 2151 όνομα
447 2102 483 2151 τῆς
499 2094 561 2151 αὐτῆς
576 2099 660 2153 Μαρίας
671 2100 788 2153 κολλυρίδας
801 2099 954 2155 προςφέροντες,

173 2170 245 2216 οἵτινες
255 2171 362 2209 καλοῦνται
374 2166 535 2221 Κολλνριδιανοί,
551 2166 703 2219 Μασσαλιανοί,
718 2166 753 2207 καί
762 2164 776 2219 ἡ
786 2167 832 2221 περί
842 2171 878 2221 της
888 2164 954 2222 όρθῆς

173 2238 258 2285 πίστεως
268 2236 302 2277 καὶ
313 2233 409 2288 ἀληθείας
420 2232 516 2290 οίπολογὶα
526 2232 565 2289 μετ’
577 2235 679 2289 ἐπιτομῆς,
694 2233 738 2289 η’τις
748 2235 801 2277 ἐστίν
809 2231 823 2290 ἦ
834 2231 881 2292 ιίγία
890 2241 954 2279 καθο-

173 2303 219 2360 λική
233 2305 268 2348 καί
282 2302 405 2359 ἀποστολικοὶ
420 2305 518 2359 ἐκκλησία.

233 2373 291 2429 Αίίτη
300 2372 313 2430 ιλ
323 2372 495 2428 όνακεφαλαίωσις
503 2375 537 2417 καί
547 2372 649 2430 ἐπιγραφὴ
656 2379 691 2428 τῆς
699 2371 765 2429 πόσης
774 2372 825 2417 κατοί
834 2378 874 2417 τῶν
883 2372 955 2432 ὀγδοή-

174 2463 236 2489 κοντα
246 2446 341 2502 αἱρέσεων
354 2446 488 2502 πραγματείας
504 2445 540 2487 καί
556 2449 603 2498 μιᾶς
618 2448 654 2498 της
670 2442 720 2501 όπέρ
735 2443 832 2500 ἀληθείας
841 2442 954 2502 ἀπολογίας,

175 2516 263 2558 τουτέστι
281 2519 317 2570 τῆς
331 2513 394 2569 μόνης
408 2518 519 2568 καθολικῆς
532 2515 644 2568 ἐκκλησίας,
662 2515 684 2556 ἑν
694 2516 745 2571 τρισὶ
760 2516 795 2572 μὲν
809 2518 894 2572 βιβλίοις
904 2512 954 2559 όπο-

175 2585 254 2638 κειμένη
267 2584 436 2640 συντεταγμένας,
451 2581 501 2625 έπτοί
514 2583 535 2625 δέ
545 2581 614 2637 τόμοις
629 2585 758 2639 διαιρεθεῖσα.
789 2584 924 2640 Ποιησόμεθα
933 2583 956 2636 δὲ

175 2651 236 2697 πόλιν
249 2652 421 2707 ἀνακεφαλαίωσιν
435 2653 503 2709 ἑτέραν
518 2655 555 2694 τοῦ
571 2651 653 2709 πρώτου
665 2651 728 2708 τόμον
738 2659 774 2698 τοῦ
784 2654 865 2712 πριότου
877 2655 954 2709 βιβλίου

174 2726 211 2766 τοῦ
223 2720 273 2765 κατό
288 2727 328 2765 τῶν
341 2724 414 2765 είκυσιν
429 2723 524 2778 αἱρέσεων
538 2719 743 2777 Ήδιαλαμβιίνοντος.
775 2728 861 2781 Πρῶτον
871 2723 907 2778 μέν
917 2721 954 2780 γοίρ

175 2794 198 2834 αἱ
212 2796 252 2834 τῶν
266 2792 360 2847 αἱρέσεων
374 2796 444 2834 πασῶν
462 2790 544 2846 μητέρες
560 2792 595 2833 καί
612 2791 738 2847 πρωτότυποι
755 2793 872 2848 ὀνομασίαι,
891 2793 912 2844 ἐξ
927 2787 955 2836 ὧν

175 2859 232 2903 ἱίλλαι
246 2861 334 2913 ἔφυσαν,
349 2855 408 2902 αὗταί
422 2861 465 2902 εἱσι.

233 2927 384 2986 Βαρβαρισμδς,
398 2927 442 2983 ἥτις
454 2926 502 2971 καθ’
514 2927 587 2983 ἑαυτήν
597 2930 638 2972 ἔστι
648 2930 769 2986 διαρκέσασα
780 2927 816 2983 ἀφ’
828 2927 907 2987 ἡμερῶν
918 2932 955 2973 τοῦ

198 3043 225 3078 26.
241 3046 291 3085 λὐλρο
302 3041 387 3089 ἀπαρχὴν.
600 3045 628 3079 28.
642 3048 691 3086 Vulgo
703 3047 804 3086 κερκεσαῖοι.

198 3089 225 3125 27.
237 3091 309 3123 Fortasse
319 3087 446 3124 Κυϊντιλλιανοί.
600 3089 627 3124 ¹29.
637 3093 700 3133 Repone
711 3087 828 3135 ’ΛδαμαιιτίουΙ
