1988 3392
241 246 334 281 canaan
345 245 387 281 cru.
397 247 427 280 ιιι.
440 243 495 282 non.
504 247 517 280 1.
528 241 598 280 nana.
606 245 688 280 cxxvi.
825 231 867 277 225

82 326 201 384 terpolatum
210 340 232 369 ae
241 328 370 385 depravatum
380 327 492 381 ediderunt,
506 326 621 385 perturbata
629 326 712 382 insuper
721 324 796 367 ordinis
805 325 867 377 serie,

82 404 141 453 atque
150 395 197 438 illud
207 396 258 439 idem
271 404 340 453 postea
348 397 451 438 literarum
463 396 541 453 quidam
551 397 576 440 ad
586 410 623 439 nos
633 396 735 438 studiosus
745 394 817 445 attulit,
834 408 869 435 ne-

83 478 140 508 cesse
150 463 221 518 bubni,
245 472 313 522 utpote
326 465 472 519 illiusauctor,
493 466 614 509 recensitum
635 480 658 507 ac
676 470 803 522 repurgatum
819 477 869 520 opus

82 533 134 577 istud
151 533 227 576 advos
243 535 335 587 mittere,
357 534 475 591 quicumque
487 535 566 591 pietatis
583 535 669 577 athletae
685 533 789 588 utriusque
806 545 869 574 sexus

83 601 145 656 estis,
162 609 184 644 ut
194 602 310 659 intelligatis
321 603 370 646 nibil
383 618 423 646 non
436 603 457 645 in
469 618 493 646 eo
505 618 533 646 ex
543 618 645 647 sacrarum
657 604 760 646 literarum
774 615 869 658 germano

83 684 128 714 esse
138 685 199 713 seusu
211 672 316 728 prolatum.
348 670 411 716 Cuius
425 673 502 729 quidem
521 673 620 730 praesidio
637 686 672 715 eos
688 684 758 714 omnes
775 670 807 726 qui
822 684 870 712 con-

83 739 181 782 tradicere
196 740 296 783 voluerint
308 742 376 797 paucis
387 741 503 798 quibusdam
517 741 606 784 breviter
618 741 702 783 obiectis
714 739 821 797 prohibere
835 753 870 796 po-

83 808 161 862 teritis,
184 823 210 851 ue
226 810 250 851 de
267 809 357 866 ingenito
373 811 410 853 deo
422 825 445 853 ae
458 811 526 867 genito
543 824 658 853 sermonem
672 810 798 867 impudenter
812 807 870 850 insti-

82 884 146 930 tuant,
160 892 184 919 ae
194 878 326 935 temporarios
337 879 382 920 illos
393 878 491 936 inprimis,
505 894 555 935 quos
564 879 628 935 attigi.
645 878 710 921 Porro
722 878 771 920 baec
782 878 870 933 disputa-

82 945 143 989 tionis
151 945 216 1003 capita
224 961 319 989 versuum
330 947 351 989 iu
361 949 440 990 modum
452 948 481 990 ita
490 948 617 1004 digessimus,
629 954 651 989 ut
659 955 679 989 et
687 947 812 989 abiectiones
820 947 870 989 alias

83 1030 111 1058 ex
122 1014 180 1068 aliis,
198 1023 218 1058 et
230 1016 370 1072 quaestionum
381 1016 523 1059 dissolutiones
536 1023 674 1069 necteremus,
698 1030 737 1073 quo
749 1017 803 1058 etad
815 1031 869 1057 com-

83 1083 244 1142 prehendendum
256 1085 345 1127 faciliora
355 1093 376 1128 et
386 1085 487 1143 planiora,
504 1086 575 1142 quibus
584 1085 668 1139 utimur,
685 1092 802 1142 argumenta
812 1083 870 1126 vobis

84 1160 160 1197 essent.
191 1153 224 1196 ab
239 1154 329 1209 ingenito
344 1170 394 1198 vero
411 1155 448 1197 deo
464 1155 576 1212 disputandi
591 1154 667 1197 initium
683 1154 774 1197 fecimus.

141 1219 266 1264 Conlutatio.
284 1222 300 1264 l.
316 1222 382 1267 Tuam
394 1225 447 1267 illam
459 1238 486 1267 ex
501 1224 648 1267 dialecticorum
666 1232 686 1266 et
698 1222 810 1280 disputandi
822 1222 871 1265 arti·
938 1229 940 1235 ’

84 1290 141 1333 ficum
154 1292 230 1334 officina
243 1294 351 1350 prolectam
363 1308 443 1346 ιιιιιιιιιι,
456 1301 476 1335 et
487 1294 605 1336 insolentem
620 1294 739 1345 orationem,
752 1293 781 1335 sic
792 1293 817 1334 ad
825 1306 872 1335 ner-

84 1359 129 1402 bum
140 1360 241 1414 refellam,
261 1362 333 1404 nullam
348 1370 370 1404 ut
382 1377 408 1405 cx
419 1363 502 1404 infinitis
515 1363 554 1405 illis
565 1362 684 1404 dictionibus
698 1361 793 1404 maionem
807 1361 872 1403 miuo-

83 1442 152 1471 remve
164 1431 310 1486 praetereundo
322 1431 452 1474 dissimulem.
483 1431 514 1473 Ac
525 1432 608 1488 primum
622 1432 673 1487 quod
687 1432 710 1473 ad
723 1437 769 1472 tuae
780 1430 872 1471 lectionis

84 1497 168 1540 athletas
177 1498 263 1541 virosae
272 1499 369 1542 foeminas
377 1500 456 1552 scribis,
466 1499 598 1557 temporarios
608 1501 701 1556 quosdam
711 1499 801 1556 opusculi
809 1499 870 1551 illius,

85 1566 136 1623 quod
144 1580 192 1622 prae
201 1567 292 1610 manibus
304 1568 403 1622 habebas,
420 1575 440 1610 et
452 1569 473 1610 in
486 1584 525 1625 quo
535 1583 577 1611 rein
592 1583 670 1610 omnem
682 1567 873 1624 interrogationibus

85 1635 272 1691 comprehenderas,
290 1644 364 1693 partem
376 1637 505 1694 surripuisse,
519 1638 551 1680 vel
563 1651 590 1679 ex
603 1637 731 1695 bocipsotuo
740 1638 815 1694 scripto
825 1652 873 1679 con-

85 1703 138 1746 vinei
149 1710 219 1760 potes,
240 1707 264 1748 ad
275 1706 358 1762 teipsum
369 1707 434 1762 potius
446 1706 591 1762 discipulosque
603 1713 658 1757 tuos,
681 1721 706 1748 ne
718 1706 794 1747 erroris
806 1706 873 1747 socios

86 1772 191 1829 appellem,
206 1788 278 1816 nomen
289 1773 341 1816 istud
352 1775 460 1831 pertinere.
478 1774 558 1817 Etenim
569 1782 697 1817 sacrosancta
710 1774 742 1817 dei
751 1775 799 1817 fides
808 1790 831 1817 ac
840 1789 873 1817 re-

87 1843 143 1899 ligio,
153 1858 198 1886 cum
208 1843 233 1884 ab
244 1843 302 1885 initio
313 1850 372 1899 atque
384 1845 408 1885 ab
418 1843 486 1886 ultima
498 1850 599 1886 vetustate
611 1844 686 1896 extitit,
703 1844 751 1886 licet
759 1858 799 1885 nou
813 1844 873 1885 obso-

87 1912 151 1954 lescat
159 1920 193 1954 aut
204 1912 329 1954 inveteretur
341 1926 434 1968 unquam,
451 1919 491 1954 tum
501 1919 597 1969 perpetuo
606 1919 654 1965 stat,
671 1912 792 1955 solidissimo
804 1913 873 1954 lunda·

88 1988 155 2023 mento
164 1981 224 2034 nixa3
237 1980 293 2023 euius
302 1980 392 2022 dominus
403 1988 461 2023 extra
469 1988 547 2038 tempus
557 1995 616 2024 omne
627 1982 748 2024 constitutus
756 1988 795 2024 est.
817 1979 873 2036 Quo·

88 2049 141 2091 cirea
151 2062 215 2105 neque
227 2049 268 2105 ipsa
282 2049 364 2104 tempori
378 2048 476 2101 subiacet,
492 2051 526 2091 sed
537 2064 582 2091 cum
591 2050 667 2104 augelis
678 2057 772 2091 versatur
784 2051 872 2102 assidue,

88 2124 208 2173 sanctosque
218 2131 254 2174 per
262 2116 350 2172 singulas
358 2116 499 2172 generationes
509 2125 603 2159 exornat.
635 2116 669 2159 Tu
679 2132 729 2159 vero
740 2118 873 2174 temporarius

89 2186 223 2242 multomagis
235 2185 363 2243 appellandus
374 2200 409 2239 es,
425 2185 457 2242 qni
469 2193 489 2227 et
499 2185 520 2228 in
533 2199 622 2228 errorem
635 2186 731 2228 abductus
743 2200 774 2239 es,
790 2194 811 2228 et
821 2188 874 2229 lastu

89 2253 242 2310 arrogantiaque
260 2253 369 2306 distentus,
391 2262 411 2296 et
424 2254 492 2310 gregis
503 2255 532 2297 tui
545 2254 631 2312 pecudes
644 2254 718 2310 passim
729 2268 765 2311 per
776 2254 840 2297 dumis
850 2268 874 2297 ac

90 2322 153 2379 spinis
163 2323 240 2365 consita
254 2337 327 2380 pascua
339 2323 451 2380 propulisti.
481 2322 548 2366 Nemo
559 2323 611 2365 enim
623 2324 691 2364 eadem
704 2330 768 2365 tecum
779 2337 806 2365 ex
817 2331 874 2366 vete·

89 2391 144 2433 ribus
155 2391 230 2443 sensit,
247 2406 259 2433 o
273 2390 333 2443 Aeti,
352 2391 484 2449 temporarios
498 2391 578 2449 scriptis
591 2391 630 2433 tuis
640 2391 754 2445 lacessens,
776 2399 875 2449 tempora-

89 2460 132 2502 rius
145 2473 169 2501 au
179 2473 251 2501 reeens
262 2459 313 2516 ipse.
345 2458 386 2502 Sed
403 2460 478 2516 inipso
488 2461 554 2502 statim
565 2460 632 2516 operis
644 2461 709 2512 aditu,
731 2475 775 2502 cum
788 2467 809 2502 te
820 2461 876 2503 luen·

90 2527 234 2571 bratiunculam
250 2528 275 2570 de
289 2528 379 2584 ingenito
395 2529 432 2571 deo
448 2543 471 2571 ac
485 2530 553 2586 genito
566 2528 671 2585 scripsisse
684 2543 766 2582 uarrns,
790 2529 840 2571 adeo
852 2530 876 2572 il-

90 2597 148 2639 lustri
166 2596 285 2653 prinoipio,
300 2604 322 2639 ut
343 2604 383 2639 tam
402 2596 497 2639 inusitata
517 2611 614 2640 novorum
634 2597 776 2639 vocabulorum
795 2598 877 2640 licentia

91 2666 264 2708 commemoranda
280 2672 334 2707 tuam
345 2680 424 2708 omnem
437 2666 490 2708 illam
500 2665 652 2723 disputationem
665 2666 750 2708 ludibrio
765 2668 875 2719 traducam,

91 2748 188 2776 summam
203 2734 293 2776 bomiues
307 2734 327 2775 iu
344 2734 494 2776 admirationem
509 2734 617 2777 adduxisti.

150 2800 177 2845 ll.
187 2800 262 2858 llequis
272 2809 303 2844 est
313 2816 361 2844 vero
372 2800 531 2845 Christianorum
542 2802 628 2845 omnium
639 2803 672 2858 qui
682 2803 790 2845 salutarem
800 2804 832 2846 dei
842 2805 877 2846 do-

92 2870 176 2913 ctrinam
185 2870 283 2923 obtinent,
295 2871 327 2927 qui
339 2870 374 2912 bac
385 2871 428 2928 ipsa
436 2871 530 2913 derelicta
540 2870 631 2913 conliotis
640 2871 680 2914 tuis
689 2872 761 2914 fabulis
774 2886 797 2914 ac
810 2873 876 2928 nugis,

91 2954 127 2993 post
136 2949 209 2994 λέξεως,
226 2951 269 2992 quoe
277 2952 325 2993 ontqo
333 2953 410 2993 reperitur
419 2952 474 2993 delete,
497 2962 548 2996 quum
558 2949 642 2996 producta
652 2950 675 2983 sit
684 2950 730 2996 apud
743 2957 761 2983 te
771 2950 831 2991 dictio,
842 2951 878 2984 uti-

93 3006 129 3031 cum
138 2998 187 3029 ambo
202 2995 321 3041 ἐρωτηθείσης
337 2998 369 3040 τῆς
384 2994 431 3040 παρὰ
447 2996 475 3032 out
497 3008 529 3041 que
536 2995 630 3040 coarguerit
637 3002 656 3029 te
663 2997 715 3041 magis
724 2996 758 3030 hoc
766 3008 828 3029 nomen
838 3008 879 3042 pos-

92 3040 155 3082 λέξεως
166 3043 188 3075 ud
195 3046 284 3085 sequentem
294 3044 416 3076 enuntiationem
426 3046 475 3083 perti·
496 3042 552 3076 sidere
564 3047 597 3076 cett.

93 3097 130 3121 nere
146 3088 222 3121 uiderem.
251 3088 277 3121 Uti
294 3090 475 3129 concanonicorum
521 3089 833 3130 10.Petuoiussuspicotosestcuiae.

93 3135 171 3175 elepanter
186 3135 201 3166 et
215 3136 300 3174 oeeurute,
321 3136 369 3167 etium
387 3136 475 3168 Carnuntas

129 3187 189 3226 corpus
197 3185 290 3218 fluxerunt.
298 3185 317 3216 n.
328 3188 342 3216 3.
594 3221 596 3223 ,
716 3184 741 3225 15
