1988 3392
162 197 190 237 22
452 206 661 241 εκαοτιεειειικαιι

73 283 153 328 Κεθῖί-
217 281 276 325 ’Ἐστι
292 283 325 335 δὲ,
347 282 375 334 ὥς
392 284 487 334 πολλάκις
501 283 523 327 τό
539 283 652 340 ὑπόδειγμα
669 283 806 341 διηγησάμην,
827 281 850 325 τό
866 287 949 339 πρᾶγμα

164 350 229 400 οὕτως
240 348 267 399 νίς
277 353 296 392 εί
305 368 335 400 τις
346 352 440 394 θεάσοιτο
452 350 476 394 δι’
487 349 540 404 όπής
554 348 688 407 Ι’μικροτάτης
699 350 735 394 τόν
746 349 834 406 οῦρανόν
842 351 877 392 καί
888 352 948 401 ε’ίποι,

163 416 216 469 Ὁρῶ
229 415 264 458 τόν
274 416 372 471 οὐρανόν,
387 420 421 461 καὶ
435 419 473 460 οὐκ
490 416 515 460 όίν
526 417 622 468 ψεόσοιτο
633 416 645 462 ό
655 424 746 469 τοιοῦτος
756 417 804 477 (όρᾷ
813 416 850 473 γάρ
862 415 949 469 οὐρανόν

165 488 192 540 τῷ
204 482 266 536 όντι),
286 487 340 527 είποι
351 486 373 527 δέ
384 502 413 534 τις
424 485 479 540 αὐτῷ
490 489 576 534 συνετῶς
586 484 629 536 ότι,
653 484 695 539 Οάχ
707 485 799 541 ἕιόρακας
809 483 845 527 τόν
855 481 949 539 οόρανόν,

164 552 199 593 καί
210 550 247 593 οῦκ
257 548 283 594 άν
292 551 388 604 ψεῦσοιτο
399 549 519 600 ότοιοῦτος·
540 549 553 593 ό
567 552 603 606 μὲν
616 551 655 608 γάρ
670 553 732 609 λέγων
742 552 852 609 ἑωρακέναι
863 549 889 594 οῦ
900 548 950 605 φεῦ

166 621 230 671 δεται,
252 620 288 662 καί
303 617 315 661 ό
330 620 398 673 φήσας
416 619 467 675 πρός
486 617 549 661 αάτόν
568 618 596 674 μή
611 621 720 676 ἑωρακέναι
738 620 761 664 τό
779 619 830 664 αότό
849 618 950 675 άληθεότι.

169 685 221 731 Οότε
234 686 272 747 γάρ
284 686 323 732 εἶδε
337 687 373 744 τήν
388 690 502 741 ἕπε’κτασιν,
524 687 570 750 οάτε
584 687 606 732 τό
619 688 698 741 πλάτος.
728 691 769 734 Καί
783 688 842 747 όμὲν
857 687 952 746 ἕωρακοίς

167 757 289 814 ήλήθενοεν,
306 756 318 802 ό
328 759 350 802 δὲ
361 757 460 802 άντειποίν
472 757 498 814 μή
510 760 620 815 ἑωρακέναι
631 757 670 803 οάκ
682 759 792 814 ἐψεύσατο,
808 758 856 803 άλλά
866 761 901 803 καὶ
915 757 951 802 αῦ-

167 826 202 877 τός
212 827 317 882 ήλήθευσε.
349 828 450 879 Πολλάκις
464 828 502 886 γάρ
515 830 550 872 καὶ
563 830 597 872 ἐπί
612 827 712 890 άκρωρείιγ
728 829 789 887 ι’ίρους
806 830 888 879 ἑστῶτες
899 827 951 872 θεοί-

169 904 221 951 μεθα
230 897 264 939 καί
275 895 312 950 τήν
322 897 439 950 θάλασσαν,
454 900 489 940 καί
502 897 537 941 ἐάν
550 900 653 950 2εἴπωμεν
666 900 776 953 ἑωρακέναι
787 897 898 950 θάλασσαν,
913 895 952 940 οόκ

168 962 307 1018 ἐψευσάμεθα,
337 968 366 1007 Εἰ
375 968 397 1008 δέ
408 984 438 1016 τις
449 966 540 1009 ἀντείποι
554 968 616 1022 λέγων
628 966 660 1009 ότι
674 965 717 1021 Οάγ
728 965 828 1021 ἑόρακας,
848 967 882 1009 καὶ
893 963 953 1015 αότός

168 1032 193 1076 οό
206 1032 308 1085 ψεύδεται.
340 1038 387 1076 Ποῦ
398 1032 435 1089 γάρ
447 1037 550 1076 διϊκνεῖται
561 1032 583 1075 τό
594 1033 680 1085 πλάτος,
701 1033 773 1076 ποῦτό
786 1039 860 1088 μῆκος,
880 1038 922 1076 ποῦ
930 1034 953 1075 τό

169 1100 246 1154 βάθος,
267 1106 308 1142 ποῦ
323 1102 412 1154 οἷμυγοί
427 1106 463 1142 τοῦ
475 1104 554 1154 βυθοῦ,
574 1101 608 1142 καὶ
619 1100 643 1141 τά
653 1099 812 1153 ἀποτελέσματα,
833 1099 858 1143 οῦ
870 1100 954 1143 δύναται

169 1169 243 1208 εἰδέναι
259 1165 372 1220 άνθρωπος
384 1165 417 1208 άίν.
447 1168 476 1208 Εἰ
490 1170 558 1207 τοίνυν
575 1164 599 1207 τά
615 1168 661 1221 περὶ
676 1172 716 1208 τοίν
730 1167 843 1220 κτισμάτων
858 1165 922 1215 οὕτως
932 1167 954 1208 ἕν

169 1231 218 1287 ήμῖν
236 1237 357 1287 πληροῦται,
379 1232 436 1288 πόσῳ
452 1249 473 1287 γε
488 1237 561 1285 μᾶλλον
578 1234 600 1274 ἕν
614 1237 639 1290 τῇ
653 1234 718 1287 χάριτι
734 1229 865 1291 ᾗέγαρίσατο
880 1231 954 1281 όθεός

170 1300 285 1355 προφήταις
299 1301 334 1343 καί
354 1298 483 1352 άποστόλοις,
501 1298 622 1343 Ἐθεάσαντο
638 1294 675 1344 οὖν
690 1299 712 1344 τό
722 1299 746 1344 όν
756 1305 783 1359 τῷ
795 1299 848 1353 όντι,
867 1302 902 1344 καί
916 1300 954 1344 οὐκ

170 1368 294 1421 ἐθεάσαντο,
314 1367 354 1411 ἀλλ’
370 1368 479 1412 ἐθεάσαντο
499 1366 526 1420 τίς
540 1368 628 1424 ήδόνατο
643 1366 657 1424 ή
672 1368 733 1424 φύσις
749 1371 830 1426 φέρειν,
852 1370 886 1413 καί
904 1367 954 1413 αότό

170 1437 221 1483 κατά
241 1438 298 1495 χάριν
313 1438 418 1493 δυνάμεως
432 1433 456 1494 ἧς
468 1438 618 1494 ε’νεδυνάμωσεν
629 1437 641 1483 0‘
652 1437 737 1491 δυνατός
748 1442 769 1484 ἕν
780 1439 853 1494 όίπασι,
875 1438 909 1484 διά
922 1458 960 1493 φτ·-

170 1512 213 1553 λίαν
224 1514 260 1552 τοῦ
271 1509 334 1552 αὐτοῦ
346 1508 460 1565 άνθροίπου
466 1543 471 1561 ,
487 1510 521 1551 καί
534 1508 680 1559 3δουλεύοντος
691 1507 746 1568 αὐτῷ
757 1511 778 1553 ἒν
788 1508 880 1569 άληθείγι.
907 1507 955 1553 Ἐάν

171 1573 208 1622 οῦν
220 1580 241 1620 σί
250 1583 339 1621 τοιοῦτοι
350 1582 445 1631 νομίσωσι
459 1584 525 1632 χεῖρας
536 1576 590 1620 οότω
604 1575 639 1620 τόν
653 1576 704 1621 θεόν
718 1579 779 1633 ἔχειν,
800 1577 955 1633 ήόφθαλμοός,

171 1644 219 1701 ήτά
230 1644 290 1698 άλλα,
311 1644 345 1689 διά
354 1644 377 1689 τό
388 1646 452 1695 οὕτως
469 1646 580 1700 4όφθήνοιι
596 1651 639 1696 τοῖς
653 1646 768 1700 προφήταις
779 1647 814 1689 καί
829 1644 955 1699 άποστόλοις,

171 1717 289 1767 φιλονείκως
303 1715 397 1768 φέρονται
415 1713 539 1770 ἐλεγχόμενοι
554 1712 595 1756 άπό
609 1718 646 1767 τῆς
663 1713 764 1768 άληθείας.
791 1713 852 1756 Ἀλλά
867 1714 904 1757 ὅσα
920 1715 956 1768 μὲν

172 1784 289 1839 λε’γειέντῇ
298 1785 346 1840 θεία
358 1786 438 1839 γραφῇ,
459 1779 648 1835 πιστεόεινχρήότι
660 1782 709 1823 ἔστι·
728 1786 772 1830 πῶς
783 1782 805 1824 δὲ
817 1783 880 1831 ἔστιν,
901 1780 956 1838 αὐτῷ

173 1848 229 1905 μόνω
241 1851 343 1904 ἔγνωσται.
373 1850 414 1889 Καὶ
427 1847 458 1890 ότι
471 1847 534 1899 άίφθη
544 1852 572 1903 τῷ
585 1848 621 1901 μὲν
632 1847 685 1899 όντι,
700 1849 745 1899 ναί,
762 1846 825 1902 άίφθη
837 1850 858 1890 δὲ
869 1847 897 1898 οἷς
906 1849 956 1903 ν’γθὲ-

86 1947 121 1975 Μ,
131 1939 161 1966 52⁸1.
175 1922 233 1968 λησε,
248 1916 282 1957 καὶ
297 1913 379 1967 άληθῶς
392 1914 465 1967 οίφθη,
481 1912 508 1962 οίς
519 1912 589 1967 σ’ίφθη.
619 1914 691 1956 Πάντα
701 1913 740 1970 γάρ
752 1914 836 1957 δόναται
847 1914 907 1966 θεός,
922 1916 956 1957 καί

172 1982 232 2026 οῦδὲν
244 1980 299 2040 αὐτῷ
315 1981 419 2024 άδόνατον.
441 1979 500 2023 ’Ἐστι
513 1978 694 2035 δὲάκατάληπτος,
715 1986 793 2036 πνεῦμα
809 1980 838 2025 νίν
851 1981 955 2038 άπερινόη·

528 2046 590 2063 ‘17

171 2068 216 2102 τον,
232 2049 298 2094 πάντα
309 2051 415 2106 περιέχων,
433 2044 509 2099 5οὗτος
520 2066 549 2092 υπ
565 2047 649 2101 ουδενός
658 2049 802 2106 περιεχόμενος.
833 2052 874 2095 Καὶ
886 2049 958 2103 ὁποῖος

172 2118 270 2178 όπατήρ,
291 2125 383 2171 τοιοῦτος
395 2122 429 2164 καὶ
442 2117 518 2172 όυίός,
541 2117 640 2163 οίίτωκαί
659 2118 696 2163 6τό
708 2124 786 2176 πνεῦμα
802 2120 957 2181 ἕντῇθεότητι.

171 2191 245 2241 Μόνος
258 2191 280 2234 δὲ
293 2189 304 2234 ό
316 2188 426 2246 μονογενής
438 2188 544 2232 ἐνεδύσατο
559 2187 625 2232 ε’λθιόν
635 2187 710 2245 σάρκα,
731 2192 752 2233 ἒν
764 2186 777 2249 ᾗ
788 2191 823 2233 καί
833 2190 912 2246 άνὲστη,
932 2190 958 2245 ήν

171 2261 207 2302 καὶ
222 2259 326 2313 σονήνωσε
343 2263 367 2317 τῇ
380 2257 461 2312 θεότητι
478 2259 505 2305 είς
522 2261 601 2311 πνεῦμα
612 2256 735 2310 σονενάσας,
757 2257 852 2302 ἐκάθισεν
867 2260 889 2302 ἐν
900 2258 958 2318 δόξῃ,

173 2329 194 2370 ἐν
204 2329 260 2384 δεξιᾷ
270 2332 306 2368 τοῦ
319 2325 403 2381 πατρός,
424 2324 475 2368 κατά
487 2324 509 2367 τό
523 2326 664 2380 γεγραμμένον.
693 2324 728 2375 Ὡς
739 2321 776 2369 οῦν
790 2328 843 2369 ἔστιν
861 2325 958 2380 άκατάλη-

172 2412 232 2445 πτος,
254 2392 411 2448 7άπερινόητος,
432 2392 486 2435 οὕτω
501 2393 566 2434 πάντα
581 2392 605 2434 τά
618 2395 664 2449 περί
679 2392 742 2436 αάτοῦ
757 2393 853 2449 λεγόμενα
869 2392 958 2448 άληθινά

173 2463 225 2504 ἔστιν
236 2459 293 2504 όντα·
310 2459 337 2510 οἷς
348 2462 370 2503 δὲ
381 2461 430 2510 θεός
441 2462 493 2503 ἔστιν
504 2459 654 2513 άκατάληπτος,
677 2460 742 2510 οὕτως
753 2451 795 2503 πᾶν
805 2460 828 2503 τό
838 2462 884 2516 περὶ
896 2459 959 2503 αάτοῦ

171 2530 278 2584 λεγόμενον
294 2526 433 2581 άκατάληιττόν
451 2529 492 2570 ε’στι
503 2528 549 2580 μὲν,
573 2526 621 2569 άλλά
636 2527 776 2581 ἀκατάληπτον
787 2525 849 2570 όποῖα
860 2532 912 2570 θεοῦ
924 2530 959 2571 καί

219 2685 362 2721 mavul-1.
375 2686 554 2731 μικρῆςοοιλ.ίλλιαλι’γ.
578 2685 634 2728 ritate)
653 2690 668 2720 ολ
679 2688 759 2721 Ρολανίνι.
777 2687 821 2721 Libri
834 2688 910 2729 praebent
921 2689 959 2724 δου-

194 2736 211 2770 2.
224 2735 298 2779 εἴπωμεν
311 2734 341 2767 cod
351 2735 383 2768 ίικ.
396 2733 462 2776 εἴπομεν
477 2735 519 2767 editi.
537 2734 555 2767 λη
578 2729 647 2769 λεόοντι.

172 2785 206 2817 cod.
219 2784 285 2825 ίλλιαλὶμ.
300 2782 410 2814 desiderantur
420 2783 468 2815 ναίω
483 2780 513 2816 καλ
525 2777 554 2815 ἐὰν
601 2778 616 2814 4.
631 2776 708 2825 ἐφθῆναι
717 2782 786 2815 correxit
798 2782 864 2821 Ραοο.,
875 2785 960 2822 praeeunte

173 2829 205 2864 εἰπ.
218 2828 257 2870 ἑωο.
270 2825 363 2863 Ξάλασοαν.
579 2827 656 2860 carnario
670 2829 697 2869 φιλ
712 2834 802 2870 propterea
817 2826 862 2869 quod
877 2826 902 2859 εῐο
916 2826 959 2860 visus
989 2861 991 2864 ,

196 2876 212 2907 3.
224 2871 333 2913 δουλεύοντος
349 2874 452 2906 emendarunt
469 2875 555 2906 comorius
578 2879 604 2905 est
616 2872 702 2917 prophetis
713 2875 764 2906 νιιιιλ.
781 2874 826 2906 Libri
836 2873 893 2906 habent
903 2868 959 2916 άφθή-

173 2921 209 2965 (qui
218 2923 264 2953 vertit
275 2919 347 2953 hominis
358 2919 447 2951 servientis
456 2918 482 2950 ἱλλὶ
493 2918 510 2950 iu
523 2930 554 2950 ve·
578 2919 645 2952 σεοὶιαι.

599 2964 616 2996 ὁ.
628 2965 732 2997 Scribenanm
744 2960 802 3001 αάτδς.
