1988 3392
126 221 166 263 132
415 228 499 263 ειαοτι
510 228 626 263 mmmm

123 305 202 351 Ἱκανάν
215 307 258 351 δέ’
249 322 290 352 εστι
301 309 337 352 καὶ
346 306 368 353 τά
380 312 416 363 τῆς
428 309 503 361 σοφίας
516 304 581 363 ὄνομα
595 311 662 350 πάσαν
673 306 753 350 ἔννοιαν
770 303 876 357 πάθους’
862 325 912 383 απο-

124 382 205 421 κλεῖσαι

13 456 78 504 ,Κεφ
85 458 116 505 χχ
178 443 239 488 Ἀλλά
256 452 295 489 ποῖ
309 445 415 502 φερόμεθα
430 442 458 499 μή
471 442 788 500 μιημονεάουτεςτοῦείπάντος,
804 439 832 486 ,Ω
845 443 913 499 βάθος

125 512 216 556 πλούτου
233 516 269 557 καὶ
285 517 358 566 σοφίας
375 513 424 555 ικαὶ
443 512 535 569 γνώσεως
550 517 614 566 θεοῦ,
635 510 663 561 αῖς
677 510 818 568 άνεξερεῦνητα
831 509 856 554 τά
870 516 912 568 κρί·

125 599 178 635 ματα
192 580 265 663 μῦτοῦ,
287 582 319 623 καί
333 578 475 634 ἀνεξιχνίαστοι
486 582 509 622 αί
517 579 563 623 δδοῖ
573 579 646 630 αὐτοῦς
670 578 757 634 Ἔχομεν
767 578 805 636 γάρ
817 578 912 622 διδάσκα-

125 653 161 690 λον
176 646 199 691 τά
212 653 290 701 πνεῦμα
306 651 342 700 τῆς
356 645 494 701 άληθείας,δ
483 645 611 689 33¹3wuev‘
597 651 646 700 ημῖν
664 662 675 688 ο
687 663 758 702 κυριος
770 645 820 700 μετά
832 644 870 700 τήν
884 648 913 697 είς

126 714 228 802 ρῦρανοής
246 714 390 770 άνάληψιν,“
381 732 414 758 ινα
425 712 537 770 ίΗδωμεν
513 732 538 757 τα
555 711 596 758 άπδ
608 731 645 758 του
636 717 708 757 θεοῦ
722 715 844 772 χαρισθέντα
856 711 912 770 ημῖν,

126 786 148 830 ἓν
161 787 177 846 ᾡ
186 803 220 829 και
213 786 338 841 “λαλοῦμεν,
353 781 391 829 οῦκ
402 784 424 829 ἐν
436 785 538 836 διδακτοῖς
546 781 678 843 άνθρωπίνης
690 786 764 839 σοφίας
772 783 851 844 λίγοις,
872 781 912 829 ἀλλ’

125 858 147 900 ἐν
159 834 261 907 διδακτοῖς
272 861 309 901 τοῦ
322 873 444 913 πνευματος,
466 861 610 913 πνευματικοῖς
625 854 750 912 πνευματικά
765 859 912 915 συγκρίνοντες,

125 927 175 985 ἔαρι
168 920 308 1010 λατρεάομεν
323 928 358 969 και
373 930 537 984 προςκυνοῦμεν,
560 924 605 969 ²3?
618 922 805 981 δάτιμαζίμεθα’
795 944 817 970 εν
833 928 850 986 γλ
863 943 912 983 προ·

125 1000 188 1049 φήται
197 995 362 1052 προεφήτευσαν,
378 997 426 1039 ἐν
412 1013 428 1054 φ
442 998 516 1038 δίκαιοι
531 993 675 1052 ὅδηγήθησαν,
691 994 716 1038 δι’
728 998 754 1039 οῦ
769 993 913 1053 προςαγόμεθα

125 1068 153 1122 τῷ
169 1065 214 1122 υἱῷ.
245 1062 306 1107 Ἀλλά
322 1067 341 1107 τί
356 1068 563 1121 πολυπραγμονοῦμεν
578 1062 656 1118 τάτῖχς
672 1062 764 1117 φίσεωςς
785 1064 813 1119 μή
828 1061 866 1121 γάρ
885 1062 913 1115 αῖς

125 1138 239 1185 σαρκικοῖς,
260 1131 302 1175 ἄλλ’
315 1132 352 1186 οὐχ
367 1131 395 1182 ιδς
411 1138 555 1186 πνευματικοῖς
567 1130 710 1188 διαλεγόμεθα;
743 1131 787 1175 Ἐπ’
801 1132 864 1175 άλλων
874 1131 912 1189 γάρ

125 1201 202 1255 εἴρηται
219 1198 261 1251 δτι,
284 1198 315 1241 Οιί
332 1199 439 1253 δυνάμεθα
456 1197 520 1253 θῦμῖν
531 1204 615 1253 λαλήσαι
625 1197 653 1248 οῖς
665 1206 818 1253 πνευματικοῖς,
834 1197 874 1242 ἀλλ’
885 1197 913 1250 οῖς

125 1272 235 1322 σαρκικοῖς.
265 1267 318 1315 Δέος
334 1265 373 1322 γάρ
384 1268 425 1309 ἔστι
439 1265 468 1320 μή
477 1283 521 1316 πως
533 1267 556 1309 ἐκ
569 1270 607 1320 τῆς
616 1270 657 1308 τῶν
670 1265 816 1319 ἀκαταλήπτων
826 1271 913 1321 φιλονει-

124 1337 171 1385 κίας
188 1335 223 1377 καὶ
238 1338 274 1389 τής
292 1339 333 1377 τῶν
348 1334 461 1387 άνεφίιιτων
476 1333 576 1389 ζητήσεως
590 1336 618 1385 είς
632 1333 700 1391 βυθὸν
715 1334 806 1390 ἀσεβείας
824 1336 911 1391 ἐμπέσω-

125 1421 166 1460 μεν.
197 1404 239 1447 Καὶ
251 1400 309 1458 εἶπα,
324 1402 495 1460 Σοφισθήσομαι,
509 1404 544 1448 καὶ
557 1402 609 1461 αὐτή
621 1402 739 1461 ἐμακράνθη
750 1401 786 1450 άπ’
799 1406 850 1462 ἐμοῦ
861 1402 912 1464 ὑπὲρ

125 1474 137 1519 3
151 1469 187 1531 ἦν,
201 1475 237 1519 καὶ
251 1473 309 1531 βαθεῖ
325 1474 402 1531 βάθος,
417 1477 447 1526 τίς
462 1472 541 1533 εὑρήσει
554 1474 626 1532 αιἰτήν·
643 1474 811 1532 μνημονεύσομεν
823 1474 862 1535 γάρ
876 1480 913 1520 τοῦ

125 1545 228 1597 εἰπόντος,
249 1543 284 1588 Ἐκ
304 1546 377 1601 μέρους
395 1544 528 1603 γινώσκομεν,
553 1546 587 1588 καὶ
602 1548 625 1589 ἐκ
639 1547 713 1602 με’ρους
732 1544 912 1604 4προφητεῦομεν·

41 1626 76 1656 1³³5
85 1619 116 1648 581.
127 1613 176 1657 ὅταν
188 1614 210 1656 δὲ
220 1615 272 1673 ἔλθη
287 1612 309 1657 τά
324 1615 406 1667 τέλειον,
426 1612 471 1656 τότε
486 1612 509 1657 w*
524 1615 546 1656 ἐκ
561 1615 634 1671 με’ρους
648 1613 830 1671 καταργηθήσεται·
851 1616 871 1657 εί
882 1632 913 1665 τις

125 1684 183 1725 δοκεῖ
190 1680 305 1738 γινώσκειν,
321 1680 380 1725 οίίπω
393 1684 444 1737 ἔγνω
453 1680 526 1731 καθείς
538 1683 571 1724 δεῖ
581 1685 662 1738 γνῶναι.
692 1683 734 1725 Καὶ
745 1681 780 1726 διά
794 1687 853 1726 τοῦτο
866 1683 913 1732 δέος

126 1751 167 1793 ἐστὶ
182 1748 210 1804 μή
225 1766 270 1799 πως
284 1750 398 1804 βιαζόμενοι
416 1750 480 1805 λέγειν
495 1751 541 1805 περὶ
557 1744 585 1792 ὧν
600 1750 625 1793 οῦ
646 1749 752 1804 δυναίμεθα
765 1751 828 1807 λέγειν
842 1750 912 1805 μηκέτι

127 1822 290 1873 συγχωρηθῶμεν
305 1818 355 1871 μηδὲ
370 1817 416 1873 περὶ
432 1811 461 1858 νῦν
474 1816 590 1871 δυναίμεθα·
606 1819 629 1860 ἐκ
643 1820 728 1868 πίστεως
741 1816 780 1874 γάρ
795 1821 827 1860 δεῖ
838 1822 911 1870 λαλεῖν,

125 1882 164 1927 οῦκ
178 1885 200 1928 ἐκ
215 1889 256 1927 τῶν
270 1886 396 1939 λαλουμένων
410 1883 515 1926 πιστεάειν.
544 1882 662 1927 Ἐπίστευσα
672 1883 722 1941 γάρ,
737 1886 798 1940 φησί,
819 1883 852 1928 διά
867 1884 911 1929 ἐλά-

125 1958 181 2008 λησα.
205 1951 270 1996 Ὅταν
284 1948 322 1997 οῦν
335 1952 359 1997 τδ
374 1954 411 2009 μὲν
425 1953 472 2009 περὶ
486 1956 522 2008 τῆς
536 1954 612 2005 οἰκείας
629 1951 746 2010 γεννήσεως
757 1952 785 2010 μή
804 1951 912 2009 δυνάμενοι

125 2021 276 2079 άποφαίνεσθαι
291 2021 477 2083 περιεργαζάμεθα,
492 2023 528 2067 καὶ
539 2028 659 2079 φιλονεικεῖν
672 2024 801 2083 ἐπιχειροῦμεν
812 2024 859 2083 περί
876 2028 912 2081 τής

125 2098 162 2139 τοῦ
181 2099 233 2138 θεοῦ
248 2094 369 2153 γεννήσεως,
389 2098 434 2145 παῖς
449 2093 474 2137 οῦ
489 2095 534 2145 δέος
551 2095 593 2139 ἐστὶ
609 2093 637 2151 μή
653 2112 696 2146 πως
708 2093 721 2138 δ
732 2094 803 2148 διδοῖς
813 2094 838 2141 οά
848 2093 912 2151 μόνον
933 2125 934 2128 =

124 2169 213 2222 γλῶτταν
221 2167 324 2217 παιδείας,
345 2163 394 2207 άλλά
411 2164 446 2206 καῖ
459 2168 536 2220 γνῶναι
546 2162 606 2219 ήνίκα
616 2167 648 2207 δεῖ
656 2166 720 2208 εἰπεῖν
728 2164 799 2221 λόγον,
820 2176 912 2220 καταψη-

126 2236 209 2288 φίσηται
219 2230 278 2286 ήμῶν
290 2237 326 2287 τής
337 2234 370 2274 ἐπὶ
382 2236 410 2291 τῷ
420 2232 483 2288 λε’γειν
498 2235 616 2289 προπετείας
630 2231 667 2286 τήν
683 2232 772 2287 σιωπήν,Ι
795 2232 860 2289 Ὅπερ
878 2234 912 2276 ε’πῖ

125 2305 163 2343 τοῦ
172 2303 272 2356 μακαρίου
284 2302 385 2355 Ζαχαρίου
398 2302 515 2353 πεποίηται·
531 2299 554 2350 ὃς
565 2298 634 2353 ἐπειδή
645 2298 673 2354 μή
684 2302 786 2344 ἐπίστευσε
794 2305 822 2359 τῷ
832 2300 912 2358 εῦαγγε-

125 2369 224 2426 λισαμένφ
239 2366 277 2421 τήν
291 2369 368 2423 γε’νεσιν
384 2371 420 2410 τοῦ
436 2366 521 2421 παιδὸς,
541 2366 789 2425 άνθρωπίνοιςλογισμοῖς
799 2368 912 2423 δοκιμάζων

126 2434 164 2490 τήν
175 2439 212 2478 τοῦ
223 2439 275 2478 θεοῦ
284 2434 343 2492 χάριν
353 2436 388 2478 καῖ
402 2433 499 2490 δύναμιν,
513 2437 549 2479 καὶ
560 2438 664 2493 διαπορῶν
674 2434 726 2492 πρὸς
738 2435 810 2481 ἑαυτόν
821 2439 840 2481 εἰ
849 2436 912 2491 φῦσιν

126 2505 166 2560 ἔχει
181 2502 216 2547 τάν
227 2503 341 2560 πρεσβύτην
356 2506 379 2548 ἐκ
393 2508 428 2558 τής
442 2506 591 2561 προβεβηκυίας
602 2503 799 2560 παιδοποιήσασθαι,
820 2509 839 2550 τί
850 2520 911 2561 φησι,Ι

128 2578 179 2626 Παῖς
189 2572 291 2632 γνώσομαι
303 2578 362 2619 τοῦτο
375 2573 407 2619 δτι
419 2574 483 2627 ἕσταις
504 2572 542 2632 ἐμοῦ
551 2573 588 2633 γάρ
599 2576 639 2632 εἶμι
650 2573 770 2633 πρεσβάτης,
791 2576 826 2621 καλ
837 2572 851 2632 ή
860 2573 911 2634 γυνή

126 2663 167 2701 μου
182 2646 321 2702 προβεβηκυῖα
338 2646 359 2689 ἓν
375 2651 418 2696 ταῖς
434 2642 518 2702 ήμίραις
533 2644 600 2702 αῦτής.
633 2650 743 2705 Τοιγαροῦν
759 2644 835 2692 ὖδπίτε
849 2645 910 2703 ήκον·

126 2731 161 2759 σεν
173 2713 215 2767 ι’ίτι,
232 2713 288 2758 Ἰδοιῖ
298 2716 334 2775 ἴση
346 2720 439 2769 σιωπῶν,
458 2716 493 2759 καὶ
503 2712 528 2759 οῦ
539 2717 649 2772 δυνάμενος
661 2722 736 2771 λαλεῖν,
750 2718 785 2761 καῖ
795 2715 833 2762 οῦκ
843 2716 910 2773 ἐλάλη-

126 2798 161 2827 σεν
175 2782 269 2835 ἐξελθεῖν.

150 2866 190 2899 Cn.
198 2866 276 2898 XXXII.
288 2884 311 2890 -
335 2864 350 2898 1.
363 2865 393 2901 καὶ
407 2876 438 2899 σοι.
453 2868 471 2899 in
482 2867 507 2899 εδ.
553 2869 569 2901 5.
580 2867 620 2903 τότε
631 2870 693 2901 volebat
703 2870 784 2901 Ρτλανῖυε.
808 2869 828 2901 λλ
837 2871 877 2901 recle
885 2870 911 2901 ιἰι-

126 2911 182 2945 Ριλαυ.
197 2912 251 2945 Calon.
263 2915 311 2952 ιεγει.
529 2914 693 2947 τιῖῖεαῖιειιαολαιοιπ
705 2915 836 2946 σοινατῖαειααι
846 2916 911 2946 verteret

149 2956 165 2988 2.
177 2958 222 2989 Libri
233 2958 307 3011 υνλροΙ
292 2953 324 2990 διὸ.
529 2957 603 2991 Ρτοίιιιλε
617 2970 655 2991 cum
669 2956 772 2997 audivisset,
785 2958 829 2991 Ecce
841 2957 874 2990 eris
885 2957 911 2990 si-

150 3000 166 3034 3.
180 2998 255 3042 Vulgo
242 3005 290 3057 ημῖν.
529 3002 570 3044 lens,
583 3011 600 3036 et
609 3014 645 3037 non
654 3002 719 3047 potens
728 3002 780 3047 loqm,
792 3013 867 3047 egressus
878 3008 910 3044 est,

149 3042 166 3077 4.
178 3045 316 3090 προεφητεῦομεν
332 3047 380 3089 editi,
396 3049 451 3081 ἰπνιλιι
462 3048 507 3081 libris
529 3054 547 3081 et
559 3059 594 3082 non
606 3054 633 3082 est
645 3048 718 3082 locutus

126 3100 177 3124 ιιιαιοι
187 3094 264 3125 exaratis.
