1988 3392
146 208 189 249 504
434 215 519 250 sANch
530 216 647 250 EPIPHANH

145 296 211 351 ήλιον,
227 295 262 337 καί
274 292 309 337 τὸν
327 292 432 349 18κόσμον
447 292 534 347 μύστας,
549 296 584 337 καὶ
596 294 643 345 τούς
657 294 756 351 κατόχους
770 299 810 339 ταῖν
822 296 886 338 θείων
900 310 930 336 τε-

146 363 203 415 λετάς
217 365 274 420 έλεγε.

205 431 297 490 Περσεύς
309 431 333 475 τά
349 430 400 475 αὐτοί
417 428 498 486 Ζήνωνι
512 430 634 489 ἐδογμάτισε.

176 509 178 511 ’
206 503 340 559 Χρύσιππος,
355 499 368 543 ά
380 499 496 551 19Σολεύς,
515 499 591 555 νόμους
603 503 690 559 ἔγραψεν
700 499 725 545 ού
737 500 839 557 θεμιτούς.
863 499 932 558 Ἔλεγε

146 570 185 630 γάρ
198 574 239 614 δεῖν
254 573 364 626 μίγνυσθαι
375 575 419 619 ταῖς
435 567 520 626 μητράσι
535 568 584 621 τούς
599 574 683 623 παῖδας,
704 576 747 620 τοῖς
763 571 785 614 δὲ
796 570 882 626 πατράσι
895 568 932 621 τοῖς

147 640 267 698 θυγατέρας.
298 640 337 688 Εἰς
351 638 373 681 δέ
388 636 413 679 τά
428 636 476 680 άλλα
493 638 622 695 συνεφωνησε
639 638 718 694 Ζήνωνι
731 644 760 699 τῷ
772 644 842 683 Κιτιεῖ.
873 637 932 695 Πρύς

147 709 227 758 τούτοις
243 707 264 750 δὲ
280 708 331 763 ἔλεγε
346 708 382 749 καὶ
398 705 602 764 20άνθρωττοβορεῖν.
627 706 696 765 Ἔλεγε
711 708 732 750 δὲ
745 707 767 751 τδ
780 708 836 757 τέλος
851 706 932 750 πάντων

147 776 169 821 τί
186 774 323 830 Ἡήδυνιαθὲς
338 772 394 817 εἶναι.

207 844 316 899 Διογένης,
332 841 495 896 ὁΒαβυλοίνιος,
511 843 564 898 έλεγε
578 841 602 884 τοί
617 841 722 897 σύμπαντα
736 845 868 886 συνίστασθαι
878 844 899 893 ἒξ
909 840 931 897 ή

149 916 216 965 δονής.

207 980 328 1029 Παναίτιος,
344 974 356 1020 0‘
367 975 456 1028 Ῥόδιος,
470 977 505 1019 τίν
517 975 594 1031 κόσμον
604 979 668 1033 έλεγεν
678 977 792 1030 ἀθάνατον,
807 979 843 1021 καὶ
853 977 933 1034 Μαἰγή-

150 1065 189 1104 ρω·
211 1047 246 1090 καί
256 1050 292 1100 τῖγς
303 1048 395 1100 μαντείας
412 1043 454 1088 κατ’
470 1045 531 1088 ούδὲν
546 1047 687 1103 ἐπεστρέφετο,
707 1046 741 1089 καί
752 1043 776 1089 τά
787 1047 832 1103 περὶ
847 1051 934 1090 23θεῶν

58 1146 94 1176 pag.
103 1136 143 1166 1⁰91.
151 1114 246 1173 λεγόμενα
265 1113 341 1174 άνήρετ,
363 1113 432 1171 Ἔλεγε
446 1114 484 1171 γάρ
499 1113 608 1170 φλήναφον
629 1112 680 1158 εἶναι
693 1113 729 1158 τίν
741 1116 787 1172 περὶ
801 1120 854 1160 θεοῦ
867 1114 932 1173 λόγον.

211 1251 392 1306 24Ποσειδώνιος,
411 1250 523 1309 Ἀπαμεύς,
543 1254 595 1311 ἔλεγε
609 1252 662 1298 2⁵16
679 1254 771 1312 μέγιστον
785 1256 806 1300 ἒν
817 1252 935 1314 άνθρύποις

151 1322 234 1383 άγαθδν
250 1321 301 1366 εἶναι
316 1327 402 1366 πλοῦτον
416 1324 451 1366 καί
466 1320 539 1380 ύγείαν.

208 1391 360 1448 Ἀθηνόδωρος,
386 1390 483 1448 Ταρσεύς,
503 1391 528 1434 τοί
544 1391 596 1435 αύτιί
612 1396 726 1453 Χρυσίππῳ
746 1392 837 1447 έδάξασε,
858 1396 894 1437 καλ
910 1393 935 1437 τοί

152 1462 204 1507 αὐτοί
221 1461 302 1517 Ζήνωνι
316 1459 449 1517 ἐδογμάτισεν.

209 1530 339 1587 Ἐπίκουρος,
363 1528 547 1582 δῖθΝεοκλέους,
570 1531 591 1573 ἒν
601 1529 699 1586 Ἀθήναις
710 1530 804 1586 τραφεὶς,
825 1529 936 1585 φιλήδονον

153 1602 198 1656 βίον
211 1604 306 1655 μετῆλθε,
326 1598 361 1641 καί
373 1595 411 1640 ούκ
425 1597 516 1655 ήρυθρία
531 1601 610 1655 γυναιξί
625 1597 692 1642 σννοίν
709 1601 795 1658 δημοσίᾳ
811 1597 936 1652 ἀκολάστοις,

154 1666 200 1723 μεθ’
211 1667 224 1710 δί
234 1667 305 1725 πρώην
316 1667 363 1723 περὶ
373 1664 436 1709 αύτοτῖ
446 1668 533 1720 εἴπομεν.
565 1666 630 1710 Πάλιν
642 1669 694 1724 έλεγε
707 1665 734 1722 μή
746 1664 797 1711 εἶναι
807 1666 880 1721 θεούς,
896 1667 936 1711 ἄλλ’

153 1736 243 1792 ήμύνον
259 1735 320 1791 τύχην
337 1738 420 1778 διοικεῖν
435 1734 460 1777 τοί
475 1734 551 1788 πάντα,
572 1738 607 1778 καί
626 1737 688 1792 μηδὲν
703 1734 755 1779 εἶναι
771 1741 811 1780 τοῖν
824 1738 845 1780 ἒν
859 1742 887 1796 τηῖ
898 1740 936 1796 βίῳ

154 1804 259 1858 ἑκούσιον,
274 1803 322 1859 μήτε
332 1802 435 1858 μάθησιν,
455 1802 503 1858 μήτε
514 1802 656 1858 άπαιδευσίαν,
675 1804 724 1860 μήτε
735 1802 782 1847 άλλο
794 1806 867 1861 μηδὲν,
888 1804 937 1848 άλλά

153 1873 220 1917 πάντα
234 1871 319 1916 άκούσια
334 1875 427 1928 γίνεσθαι
442 1875 498 1914 πάσι.
529 1873 570 1914 Καί
586 1871 611 1915 ού
627 1871 665 1928 χρή
680 1873 750 1929 ψέγειν
763 1871 817 1926 τινά,
840 1872 867 1923 οῖς
879 1887 936 1928 φησι,

155 1940 201 1985 ούτε
212 1942 309 1983 ἐπαινεῖν
330 1939 355 1983 ού
370 1938 407 1996 γάρ
423 1938 501 1989 ἑκόντες
516 1944 577 1982 ταῦτα
588 1938 713 1994 ὑφίστανται.
737 1939 805 1998 Ἔλεγε
820 1942 842 1984 δέ
853 1940 881 1996 μή
896 1945 938 1984 δεῖν

154 2011 275 2064 φοβηθῆναι
284 2008 319 2052 τάν
328 2006 425 2051 θάνατον.
456 2010 600 2062 Διεβεβαιοῧτο
613 2010 645 2060 δὲ,
668 2007 696 2058 τίς
707 2008 746 2064 ήδη
760 2012 822 2064 έφην,
839 2011 906 2052 Μκαλ
916 2011 937 2061 έξ

155 2075 235 2131 άτάμων
249 2076 271 2119 τδ
283 2081 325 2119 πᾶν
339 2074 376 2131 τήν
387 2074 480 2119 σύστασιν
494 2077 555 2131 ἔχειν,
570 2078 604 2120 καί
620 2075 655 2120 τίν
669 2076 746 2131 κόσμον
762 2079 783 2120 ἐν
793 2075 869 2136 ἀπείρῳ
882 2075 937 2121 εἶναι.

214 2282 255 2323 Καί
267 2275 323 2323 οὗτοι
336 2280 372 2333 μέν
382 2281 404 2322 οί
413 2281 433 2329 ἒξ
444 2277 542 2333 Ἑλλήνων
555 2282 582 2330 είς
592 2284 666 2337 γνοῖσιν
676 2278 734 2335 ήμῶν
744 2280 868 2336 ἐληλύθασιν.
891 2279 938 2324 ’Ἀλ-

155 2355 186 2392 λοι
200 2349 222 2392 δὲ
234 2348 278 2392 ίίσοι
297 2347 348 2392 κατά
362 2346 399 2402 τήν
414 2347 530 2405 βάρβαρον,
550 2346 689 2402 καλἙλλάδα,
708 2347 805 2405 Ῥωμαίαν
816 2365 848 2402 τε,
868 2348 939 2394 καίτολ

155 2416 204 2462 άλλα
218 2421 302 2475 κλίματα
317 2423 353 2474 τής
369 2419 500 2474 οἰκουμένης,
520 2417 657 2474 ἑβδομήκοντα
670 2420 708 2462 δύο
724 2420 760 2475 μέν
769 2419 838 2476 ίιηδεῖς
856 2425 938 2474 φιλοσο-

157 2491 207 2544 φίαν
223 2491 244 2533 ἐν
257 2494 281 2549 τῇ
293 2493 333 2532 τοῖν
344 2487 413 2532 Ἰνδῶν
429 2489 549 2546 ἕμφέρονται
563 2491 649 2548 φατρία,
669 2493 710 2532 ταῖν
724 2506 745 2532 τε
761 2494 938 2545 Γυμνοσοφιστῶν,

157 2563 197 2602 τοῖν
206 2576 227 2602 τε
238 2557 373 2616 Βραχμάνων,
389 2560 497 2602 ἐπαινετῶν
508 2557 584 2602 τούτων
596 2557 675 2613 μόνων,
696 2563 737 2602 τῶν
746 2576 767 2602 τε
781 2558 939 2616 Ψευδοβραγμά-

157 2645 211 2682 νων,
226 2633 266 2672 τῶν
275 2645 295 2671 τε
306 2627 458 2685 Νεκυοφάγων,
479 2631 520 2671 τῶν
530 2644 551 2670 τε
563 2629 714 2686 Αἰσγροιτοιαῖν,
736 2633 776 2672 τοῖν
787 2645 807 2671 τε
814 2628 939 2686 Ἀπηλγημὲ-

180 2789 206 2825 18.
224 2792 290 2824 Ζοονυλτ.
304 2792 381 2833 Αρλαορλι.
396 2801 413 2833 p.
427 2790 465 2825 130.
480 2792 537 2831 retingi
560 2801 600 2832 que,
611 2795 625 2824 τί
635 2793 673 2824 edit.
683 2793 735 2831 ρτίνιτ.

156 2839 218 2870 volebat
233 2835 298 2879 κόσμον
315 2835 433 2880 τελεστήριον,
451 2834 481 2870 καλ
497 2834 537 2875 τοὺς
582 2836 609 2869 21.
629 2839 659 2869 Ααλ
677 2834 744 2875 α’τταθὲς
763 2838 889 2878 rescribendum,
911 2841 940 2870 ουτ

156 2880 240 2927 κατόχους
250 2884 284 2916 τῶν
295 2881 346 2916 λείων
355 2881 427 2925 μύστας.
450 2883 493 2915 Nihil
501 2891 537 2914 του-
559 2884 598 2915 haee
605 2884 672 2915 ίοτοευο
679 2886 724 2915 τουτο
731 2883 831 2920 censendum,
843 2886 857 2914 τι
867 2885 940 2924 Dioyem',

156 2931 224 2961 τοννιῖκη
239 2930 271 2960 αἰεί
285 2926 365 2966 τελετὰς,
383 2929 425 2969 qaod
439 2930 457 2960 in
468 2925 537 2966 τελέτας
559 2930 586 2967 qai
600 2929 673 2968 proxime
687 2929 768 2968 sequitur,
784 2929 866 2961 reddenda
881 2931 940 2961 censuit

156 2975 181 3006 vel
192 2971 274 3010 τελεστὰς
285 2975 401 3006 rescribendum
412 2974 479 3005 videtur.
560 2974 649 3005 Gataherus
663 2974 686 3005 αδ
701 2974 772 3005 Antonin.
782 2983 799 3013 ρ.
809 2972 847 3006 λθὲ.
870 2974 894 3014 Cf.
906 2975 939 3007 τῖυε

181 3017 207 3051 19.
221 3016 286 3057 σωλεδς
298 3019 343 3051 τοδί.
355 3028 391 3051 mss.
404 3022 419 3050 et
430 3020 466 3050 edit.
477 3019 529 3058 princ.
559 3020 632 3051 Adverss.
644 3019 707 3050 Miscell.
719 3014 784 3058 12814.

180 3063 207 3098 20.
224 3061 367 3109 ἀνδρωτοβορρεῖν
381 3064 427 3097 codd.
442 3072 479 3096 mss.
495 3067 537 3095 αιτν-
582 3063 609 3097 22.
630 3058 701 3108 ἅτρήρω
717 3064 762 3096 τοδί,
778 3073 816 3098 mss,
832 3067 907 3108 uterque,
925 3066 939 3097 τί
