1988 3392
145 210 187 254 528
432 217 514 252 εταττι
526 217 643 252 mmmm

145 301 212 356 ρεσίαν
229 302 331 354 γυναικών
348 297 443 353 5μάνων,
464 296 498 341 διά
516 296 552 352 τήν
565 296 686 353 σεμνότητα,
706 294 733 340 ἀν
746 299 801 355 χρεία
814 299 931 352 κατασταίη,

145 371 232 424 λουτροῦ
240 368 303 420 ἕνεκα,
318 365 333 421 ῇ
342 367 466 421 ἐπισκέψεως
474 365 579 421 σωμάτων,
595 367 629 408 καί
641 360 700 410 αὗται
710 366 732 409 δὲ
741 366 853 423 μονάγαμοι
863 368 933 423 ἐγκρα·

146 435 273 492 τευσάμεναι,
292 434 454 493 ῇθχηρεῦσασαι
470 433 511 478 άπά
530 438 664 492 μονογαμίας,
683 434 697 491 ή
712 434 845 493 ἀειπάρθενοτ
866 437 931 479 οὖσαν.

147 504 197 549 Εἴθ’
214 507 259 562 ἕξής
272 504 358 557 τούτων,
379 505 506 562 ἐπορκισταί,
521 505 555 548 καί
568 505 685 561 ἐρμηνευταλ
696 503 785 562 γλώσσης
798 506 826 555 είς
837 508 934 562 γλῶσσαν,

147 574 162 629 ή
172 576 194 618 ἐν
205 582 248 626 ταῖς
259 571 401 630 ἀναγνώσεσιν,
415 573 429 630 ή
438 576 460 617 ἐν
470 580 514 624 ταῖς
523 576 667 630 προςομιλίαις.
697 572 778 617 Λοιπῦν
787 574 809 618 δέ
818 575 853 617 καί
863 590 934 617 κοπια-

146 645 191 697 ταί,
207 645 229 686 οί
236 642 261 685 τά
270 643 352 698 σώματα
362 643 517 701 περιστέλλοντες
527 647 567 686 τῶν
576 643 717 698 κοιμωμένων,
731 644 766 687 καί
777 644 884 702 θυρωροὶ,
899 643 934 686 καί

148 710 161 767 ή
175 711 230 755 πάσα
244 710 329 763 εὐταξία.

207 850 306 901 Συνάξεις
316 850 337 893 δὲ
349 848 499 904 ἐπιτελούμεναι
509 852 612 905 ταχθεῖσαί
623 851 673 893 είσιν
685 848 726 892 ἀπδ
741 853 782 893 τῶν
796 847 934 901 ιἀποστόλων,
958 849 960 853 ’

148 919 233 976 τετράδι,
248 920 282 962 καί
293 918 440 978 προοαββάτρι,
455 920 490 961 καί
500 923 597 978 κυριακῇΙ
612 917 692 975 τετράδι
704 918 726 960 δὲ
735 918 771 961 καί
783 919 805 961 ἐν
818 917 935 974 προσαββά-

147 1007 175 1048 τρι
187 990 208 1032 ἐν
222 990 302 1047 νηστεία
314 988 352 1038 ἕως
362 987 417 1044 ώρας
429 986 506 1043 ἐνάτης,
522 987 629 1045 ἐπειδήπερ
641 986 786 1046 ἐπιφωσκούσῃ
799 986 878 1045 τετράδι
889 1000 934 1030 συν-

149 1056 229 1113 ελήφθη
242 1055 255 1100 δ
266 1056 347 1113 κάρτος,
368 1057 443 1116 καὶτῷ
461 1054 597 1115 προσαββάτω
612 1055 743 1114 ἐσταυρώθη,
762 1057 798 1099 καί
815 1056 936 1113 παρέδωκαν

150 1128 171 1170 οί
180 1124 287 1169 ἀπόστολοι
297 1127 320 1169 ἐν
332 1124 414 1176 ταῦταις
423 1127 514 1180 νηστείας
524 1127 662 1178 ἐπιτελεῖσθαι,
675 1126 815 1183 πληρουμένου
825 1129 861 1169 τοῦ
872 1125 936 1181 ῥητοῦ

149 1194 187 1248 δ’τι,
196 1195 261 1237 Ὅταν
271 1194 355 1253 ἀπαρθῇ
368 1191 403 1237 ἀπ’
415 1191 482 1237 αῦττῦν
492 1192 504 1236 δ
513 1197 612 1249 νυμφίος,
626 1194 671 1237 τότε
682 1193 839 1249 Ἇνηστεῦσουσιν
852 1196 874 1238 ἐν
885 1195 934 1237 ἐκεί-

150 1281 195 1314 ναις
205 1269 249 1314 ταῖς
262 1260 351 1321 ήμέραις.
382 1263 423 1305 Καὶ
439 1260 475 1318 οῦχ
486 1263 520 1304 ἵνα
531 1261 589 1319 χάριν
601 1262 717 1318 ποιήσωμεν
730 1267 759 1322 τῷ
770 1260 821 1320 ὑπὲρ
834 1260 891 1318 ήμῦν
900 1279 934 1306 πε-

151 1330 252 1385 πονθότι,
272 1329 285 1386 ή
297 1333 377 1387 νηστεία
387 1328 435 1386 ήμῖν
447 1331 598 1388 προςτέτακται,
620 1328 659 1374 ἀλλ’
674 1330 731 1381 ὅπως
741 1329 896 1388 ὁμολογήσωμεν
908 1332 936 1380 είς

150 1398 208 1456 ήμῶν
219 1402 318 1456 σωτηρίαν
329 1398 352 1442 τά
362 1404 400 1442 τοῦ
411 1402 483 1456 κυρίου
494 1398 573 1453 πάθος,
593 1399 605 1443 δ
617 1397 668 1456 ὑπὲρ
679 1397 737 1455 ήμών
752 1398 814 1450 αῦτδς
824 1397 935 1451 ἀνεδέξατο,

150 1471 185 1513 καὶ
199 1469 255 1519 ὅπως
264 1457 315 1525 ῦπὲρ
326 1472 366 1511 τῶν
377 1466 435 1523 ήμών
450 1465 553 1525 ἀμαρτιῦν
565 1470 587 1511 αί
600 1474 688 1523 νηστεῖαι
701 1466 750 1523 ήμῖν
767 1466 877 1525 εῦλάγιστοτ
892 1471 936 1527 θεῷ

151 1540 252 1597 γένωνται.
282 1538 324 1580 Καὶ
339 1534 365 1580 δι’
378 1536 427 1580 δ’λου
445 1537 481 1591 μὲν
495 1542 532 1580 τοῦ
547 1538 604 1587 ἐτονς
618 1534 632 1591 ή
646 1539 727 1592 νηστεία
744 1536 862 1591 φυλάττεται
877 1537 899 1580 έν
912 1539 937 1596 τῇ

55 1624 91 1653 pag.
99 1615 138 1645 11⁰5,
152 1607 205 1666 αὐτῇ
216 1604 263 1665 ἀγίιγ
274 1610 373 1665 καθολικῇ
385 1606 488 1664 ἐκκλησία,
504 1607 557 1661 φημί
568 1606 590 1648 δέ
601 1605 686 1663 τετριάδι
697 1606 732 1649 καί
743 1605 885 1664 προσαββάτῳ,
900 1606 938 1655 ἕως

153 1675 208 1731 δέρας
219 1674 299 1728 ἐνάτης,
319 1675 363 1729 δίχα
375 1673 439 1729 μόνης
451 1679 486 1728 τῇς
500 1678 640 1729 Πεντηκοστῇς
650 1673 698 1729 ῦλης
706 1678 747 1717 τῶν
755 1674 880 1730 πεντήκοντα
890 1671 937 1729 ήμε-

152 1749 203 1801 ρῦν,
224 1744 246 1785 ἐν
260 1740 292 1794 αἷς
309 1740 355 1786 οάτε
370 1745 494 1799 γοννκλισίαι
509 1746 608 1800 γίνονται,
631 1740 677 1786 οῦτε
692 1745 773 1797 νηστεία
789 1743 938 1800 προςτέτακται.

151 1811 203 1855 Ἀντὶ
217 1812 239 1855 δέ
252 1816 293 1855 τῶν
305 1809 357 1868 πρῦς
370 1809 406 1865 τήν
420 1810 492 1867 ἐνάτην
503 1810 604 1862 συνάξεων
620 1809 721 1868 τετράδων
738 1812 772 1855 καί
783 1810 937 1868 προσαββάτων,

153 1879 181 1932 ώς
191 1883 213 1925 ἐν
223 1878 288 1938 ήμέργι
299 1884 394 1938 κυριακῇ,
409 1878 460 1922 κατολ
470 1878 507 1930 τάς
518 1879 609 1937 πρωϊνάς
619 1882 641 1922 αἱ
650 1879 741 1931 συνάξεις
751 1881 894 1932 ἐπιτελοῦνται,
909 1881 938 1923 ἐτι
950 1895 955 1904 ’

152 1949 174 1993 δὲ
185 1950 206 1993 ἐν
217 1954 261 1999 ταῖς
276 1947 293 1991 ν’
304 1946 388 2005 ἡμέραις
402 1946 435 1999 αἷς
449 1953 548 2007 προεῖπον
559 1953 595 2004 τῇς
611 1952 753 2003 Πεντηκοστής
769 1947 807 1992 οῦκ
822 1949 875 1992 ἐστιν
891 1946 938 1992 οῦτε

153 2020 242 2072 νηστεία,
262 2015 308 2060 οῦτε
318 2018 340 2059 ἐν
350 2022 374 2076 τῇ
387 2014 452 2075 ήμέρα
464 2022 504 2060 τών
514 2015 649 2071 Ἐπιφανίων,
670 2016 703 2060 ὅτε
714 2017 813 2074 ἐγεννήθη
825 2019 846 2061 ἐν
855 2018 915 2074 σαρκί
927 2014 939 2059 o‘

153 2085 235 2144 κῦριος,
256 2086 318 2137 ἐξεστι
331 2090 447 2141 νηστεῦσαι,
465 2084 504 2129 κάν
520 2104 541 2130 τε
557 2085 652 2147 περιτάχη
667 2085 747 2145 τετράς,
766 2084 939 2145 ήπροσάββατον.

155 2157 276 2213 Προαιρέσει
286 2156 308 2198 δέ
316 2153 386 2215 ἀγαθῇ
396 2157 418 2198 οί
425 2153 487 2210 αῦτής
497 2155 582 2210 ἀσκηταὶ
593 2154 710 2207 διαπαντῦς,
725 2156 786 2213 χωρίς
795 2159 893 2213 κυριακῇς
903 2155 938 2198 καί

156 2228 306 2279 Πεντηκοστής,
321 2222 449 2279 νηστεῦονσι,
465 2225 499 2267 καὶ
510 2221 622 2281 ἀγρυπνίας
633 2222 742 2275 διαπαντῦς
752 2226 867 2269 ἐπιτελοῦσι.
899 2222 940 2274 Τάς

154 2293 177 2335 δὲ
187 2291 285 2349 κυριακάς
296 2290 376 2343 ἀπάσας
386 2291 488 2350 τρυφεράς
499 2291 574 2350 ήγεῖται
583 2291 597 2348 ή
607 2291 654 2350 άγία
665 2292 717 2348 αῦτη
729 2290 828 2347 καθολική
838 2293 939 2347 ἐκκλησία,

154 2362 189 2405 καί
199 2361 289 2413 συνάξεις
299 2359 334 2415 ἀφ’
343 2363 408 2405 ἕωθεν
420 2363 509 2415 ἐπιτελεῖ,
520 2362 545 2406 οῦ
556 2361 651 2417 νηστεύει,
680 2360 830 2406 Ἀνακάλουθον
839 2360 877 2419 γάρ
887 2363 940 2406 ἐστιν

156 2432 178 2474 ἐν
189 2435 276 2491 κυριακῇ
287 2429 393 2487 νηστεάειν.
427 2429 468 2487 Τήν
479 2431 501 2475 δὲ
511 2429 669 2490 τεσσαρακοστήν
681 2430 717 2488 τήν
728 2430 768 2490 πρδ
780 2436 821 2476 τῶν
833 2429 883 2474 ἐπτά
892 2428 940 2487 ήμε-

156 2504 198 2558 ρῶν
209 2506 246 2544 τοῦ
256 2498 315 2557 άγίου
328 2500 401 2556 Πάσχα
411 2499 506 2552 ώςαάτως
516 2500 622 2555 φυλάττειν
632 2504 705 2545 είωθεν
715 2499 730 2557 ή
740 2498 791 2557 αῦτή
803 2502 902 2557 ἐκκλησία,
918 2503 940 2545 ἐν

156 2571 254 2624 νηστείαις
265 2572 392 2623 διατελοῦσα,
417 2569 453 2621 τάς
470 2571 492 2614 δὲ
508 2570 606 2628 κυριακάς
622 2569 665 2615 οὐδ’
676 2570 739 2623 ῦλως,
760 2569 806 2614 οὔτε
817 2571 839 2614 ἐν
850 2569 903 2631 αῦτῇ
915 2573 940 2630 τῇ

156 2644 308 2700 τεσσαρακοστῇ.
341 2638 382 2691 Τάς
392 2640 414 2683 δὲ
422 2642 445 2692 ἐξ
457 2637 532 2698 ήμέροις
541 2645 578 2684 τοῦ
591 2642 662 2697 Πάσχα
673 2642 695 2685 ἐν
705 2642 819 2700 ξηροφαγίρι
830 2643 941 2685 διατελοῦσι

157 2708 230 2759 πάντες
241 2711 261 2752 οί
270 2711 325 2763 λαοί,
346 2711 415 2765 3φημί
427 2710 449 2753 δὲ
460 2708 513 2769 άρτῳ
525 2711 560 2754 καί
571 2708 602 2754 άλί
613 2712 648 2754 καί
657 2709 716 2754 ῦδατι
724 2710 768 2754 τότε
778 2708 876 2768 χρώμενοι
888 2708 940 2768 πρῦς

157 2780 249 2836 ἑσπέραν.
277 2776 334 2821 Ἀλλά
347 2781 382 2822 καὶ
398 2781 420 2822 οί
430 2781 539 2823 σπουδαῖοι
550 2782 649 2833 4διπλοῖς,
669 2781 704 2823 καί
715 2783 812 2837 τριπλῦις,
827 2781 862 2823 καί
874 2796 940 2838 τετρα-

156 2852 208 2900 πλᾶς
224 2845 375 2905 ῦπερτίθενται,
395 2849 429 2892 καὶ
445 2847 495 2904 δ’λην
510 2846 546 2904 τήν
560 2849 663 2905 ἑβδομάδα
678 2848 730 2899 τινές
747 2846 792 2906 ἀχρι
803 2845 941 2908 ἀλεκτρυόνων

180 2944 196 2976 5.
209 2941 265 2987 μόνων
282 2943 379 2978 ταλάντων,
395 2946 464 2985 uterque.
488 2941 538 2988 μόνον
561 2945 574 2986 Ι,
584 2943 659 2986 μυμῖἳ.

157 2990 196 3023 editi
206 2991 248 3022 libri.
581 2990 598 3024 2.
610 2987 720 3033 νηστεύουσιν
731 2990 766 3022 cod.
777 2990 843 3031 Ηλειλίς.

180 3034 197 3069 6.
209 3032 337 3080 χηρευσοίμειαι
348 3037 383 3069 cod.
394 3035 460 3076 Βλτῦίς.
479 3057 481 3059 -
583 3035 599 3070 3.
612 3030 663 3080 φημή
674 3037 731 3069 vitium
740 3038 763 3068 τοι
773 3036 809 3069 edit.
820 3036 875 3070 Petav.
885 3037 940 3070 θοίνα.

182 3080 221 3114 Gn).
229 3082 278 3114 XXI.
291 3101 312 3106 -
338 3080 352 3115 ί.
366 3082 390 3123 Cf.
402 3082 454 3114 θετον
463 3081 538 3123 spicileg.
559 3085 607 3124 repet.
