1988 3392
211 227 304 262 canaan
315 229 357 262 nra,
370 229 398 261 ru.
410 230 466 263 rom.
475 230 497 262 rr.
509 230 588 263 annos.
601 228 645 263 rto.
659 228 755 262 carnos.
836 220 878 262 519

91 312 110 353 in
124 308 168 366 ipso
181 307 248 349 vitalis
261 309 356 364 quaedam
372 309 435 349 virtus
454 310 575 352 continetur.
606 308 680 364 Neque
696 309 715 349 id
731 309 794 350 solum
812 315 877 350 actum

91 384 154 421 estut
167 390 204 417 nos
220 390 270 432 aqua
288 384 416 436 repurgaret,
438 378 473 419 sed
492 386 513 420 nt
526 393 589 433 aquae
606 378 626 419 vi
637 391 674 433 per
685 377 756 428 fidem,
779 377 878 418 actionem

90 454 110 489 et
121 459 175 502 spem
189 460 213 487 ae
225 445 366 502 mysteriorum
378 445 509 487 initiationem
522 454 542 488 et
553 445 713 488 consecrationis
724 445 879 501 appeliationem

91 515 114 556 ad
134 513 242 570 perfeetum
261 514 411 570 absolutamque
433 515 516 557 salntem
540 516 596 556 nobis
616 514 665 571 ipsis
685 514 785 555 conferat.
821 513 878 568 Ergo

91 582 184 625 Christus
195 578 307 624 ascendite
318 581 416 634 lordane,
433 597 503 625 vocem
514 585 576 640 patris
588 584 660 635 audiit,
677 597 735 639 quam
746 589 766 623 et
778 582 877 638 discipuli,
893 584 951 615 Marah.
959 584 973 613 ³·

90 651 122 707 qni
139 650 234 702 aderant,
257 650 376 703 andierunt,
396 659 417 693 ut
430 652 474 708 quis
491 651 525 694 ille
545 653 607 703 soret,
632 652 662 693 cui
677 650 814 693 testimouium
831 650 879 692 illud

91 719 231 775 praeberetur,
256 727 397 775 agnoscerent.
430 719 482 762 Tum
502 721 562 762 etiam
578 719 659 776 spiritus
677 727 758 761 sanctus
774 718 879 760 columbae

90 788 156 844 specie
170 787 262 844 delapsus
276 794 318 839 est,
340 789 502 843 quemadmodum
514 790 534 830 in
547 789 651 830 multarum
664 788 775 830 haereseon
786 787 879 828 conluta-

90 857 144 899 tione
154 856 249 898 diximus.
281 856 312 897 Ae
322 871 346 898 ue
358 857 436 898 trinitas
448 857 490 913 ipsa
504 858 523 898 in
536 871 596 899 unum
607 858 687 898 redacta
701 858 823 911 contusaque
834 868 879 897 cre-

90 926 182 975 deretur,
204 926 285 980 spiritus
297 925 376 980 propria
394 925 414 966 in
428 940 516 980 persona
529 926 611 979 figuram
624 925 677 966 illam
687 925 764 975 induit,
786 933 806 965 et
817 937 879 979 super

91 993 142 1035 illum
155 993 241 1044 resedit,
263 1007 325 1049 seque
343 994 363 1034 in
378 994 441 1050 ipsum
458 992 579 1045 insinuavit,
601 999 622 1033 ut
633 993 651 1033 is
664 993 699 1034 cui
708 992 843 1041 testimonium
854 991 879 1033 il-

89 1062 121 1103 lud
139 1051 420 1117 suffragabaturconspicuus
437 1068 503 1113 esset,
526 1068 585 1116 utque
603 1068 751 1102 sacrosanctam
766 1060 819 1100 illam
834 1074 879 1101 car-

90 1143 133 1171 nem
152 1129 235 1171 amicam
252 1144 310 1180 esse,
333 1124 410 1185 deoque
429 1131 521 1186 placere,
543 1130 606 1185 putris
623 1144 647 1171 ac
663 1129 744 1184 spiritus
760 1127 879 1170 auctoritate

89 1204 203 1249 constaret,
226 1205 246 1237 ut
259 1198 305 1238 illud
318 1198 428 1253 praedicari
442 1198 505 1254 palam
521 1205 600 1253 posset,
624 1196 783 1238 incarnationem
797 1195 831 1236 lilii
842 1209 879 1236 vo-

88 1265 142 1305 lente
153 1278 177 1305 ae
189 1265 285 1320 probante
295 1273 350 1320 patre
362 1279 408 1306 esse
420 1267 541 1320 perfectam,
558 1281 581 1307 ac
593 1266 677 1320 denique
690 1278 750 1305 verus
762 1271 783 1303 ut
794 1276 879 1319 appare-

89 1339 120 1374 ret
132 1332 182 1374 lilius
195 1340 215 1374 et
225 1332 271 1374 illud
283 1333 391 1388 prophetae
402 1333 517 1375 vaticinium
530 1334 630 1389 expleret,
646 1336 675 1373 Et
680 1340 729 1386 post
736 1335 783 1372 boec
793 1334 813 1372 z‘n
823 1339 877 1372 terra
894 1345 963 1374 naeuus.

89 1404 140 1441 orbus
155 1409 194 1449 est,
218 1408 237 1441 et
251 1415 293 1441 curn
310 1403 417 1442 temtantes
435 1410 565 1442 conversatus.
598 1399 662 1454 Igitur
675 1415 686 1442 e
699 1399 784 1441 Iordane
800 1400 878 1454 digres-
891 1381 951 1444 nitidi
958 1415 974 1444 4.

89 1482 123 1510 sus
141 1475 196 1509 certo
217 1482 304 1523 vereque
320 1483 330 1508 a
345 1469 423 1509 diabolo
440 1469 461 1509 in
475 1470 554 1509 deserto
569 1474 657 1510 tentatus
671 1476 713 1519 est,
738 1476 815 1523 etpost
828 1467 879 1509 ieiu-

89 1536 142 1577 nium
155 1536 237 1587 esuriit,
261 1543 282 1577 ut
293 1537 344 1591 quod
357 1550 419 1578 verae
437 1535 492 1578 carni
505 1544 610 1592 susceptae
626 1543 783 1579 consentaneum
796 1543 827 1577 est
842 1549 879 1577 ex-

89 1604 191 1660 primeret.
224 1601 338 1646 Secundum
351 1605 399 1646 baec
411 1604 519 1660 discipulos
530 1604 602 1659 elegit,
626 1604 730 1645 veritatem
747 1603 877 1660 praedicavit,

89 1672 224 1728 aegritudines
236 1673 327 1724 sanarit,
344 1673 436 1725 dormiit,
453 1672 535 1724 esuriit,
552 1673 591 1715 iter
604 1673 661 1724 lecit,
683 1673 771 1729 prodigia
783 1672 877 1728 patravit,

90 1749 179 1783 mortuos
191 1741 300 1793 excitavit,
323 1741 389 1783 caeeis
400 1742 464 1783 visum
475 1742 646 1797 repraesentavit,
668 1742 743 1783 claudis
755 1749 774 1782 et
785 1741 880 1797 paralyti-

91 1809 120 1850 cis
131 1810 186 1850 vires
196 1809 291 1852 restituit.
324 1808 494 1865 Quemadmodum
506 1809 631 1865 evangelium
642 1810 706 1866 ipsum
717 1808 811 1852 eoelestis
820 1809 879 1864 regni

91 1877 208 1931 veritatem,
231 1893 309 1920 aecum
322 1879 384 1936 ipsius
398 1879 444 1930 lilii,
467 1886 507 1919 tum
520 1878 591 1935 patris,
613 1878 807 1934 aespiritussancti
822 1878 879 1921 boni-

77 1953 150 1988 ‘tatem
173 1947 354 2004 humanitatemque
375 1947 508 2004 praedicavit:
530 1947 582 1989 idem
603 1946 637 1989 ille
660 1962 719 2004 porro
740 1962 813 1989 revera
832 1961 877 1989 cru·

91 2016 155 2059 ciatus
173 2016 194 2058 in
207 2031 243 2059 sna
260 2030 319 2059 earne
336 2024 356 2059 et
374 2018 461 2074 perlecta
479 2015 563 2058 bominis
580 2023 650 2058 natura
666 2016 772 2069 sustinuit,
794 2030 843 2058 vere
856 2015 876 2059 in

91 2099 150 2128 cruoe
167 2100 237 2143 passus
252 2093 296 2137 est,
317 2087 345 2128 ita
356 2086 446 2141 quidem,
468 2086 519 2127 utin
531 2099 555 2126 eo
568 2085 661 2126 divinitas
673 2086 784 2137 existeret,
806 2086 842 2127 sed
853 2086 876 2129 ad

91 2153 204 2209 patiendum
216 2155 296 2196 minime
309 2168 354 2196 sese
366 2161 507 2207 converteret,
528 2154 563 2196 sed
576 2154 675 2210 passionis
688 2168 762 2210 expers
775 2161 795 2195 et
806 2155 878 2197 immu-

91 2223 157 2264 tabilis
174 2231 271 2264 maneret.
303 2220 348 2278 Qua
360 2222 380 2264 in
394 2237 416 2264 re
428 2223 467 2264 dno
481 2223 515 2265 illa
530 2229 664 2265 consentanea
680 2223 791 2265 certissime
804 2222 878 2265 iutelli-

90 2299 176 2345 guntur,
199 2300 218 2333 ut
231 2299 250 2332 et
261 2291 355 2333 Christus
367 2306 402 2347 pro
416 2291 472 2333 uobis
485 2305 547 2333 earne
557 2292 582 2332 sit
594 2305 677 2347 passus,
698 2299 718 2333 et
729 2292 828 2347 passionis
841 2305 878 2333 ex·

91 2372 136 2413 pers
155 2360 290 2401 indivinitate
303 2367 426 2415 permaneat.
457 2358 505 2401 Non
520 2360 572 2415 quod
589 2359 675 2400 bominis
689 2367 759 2400 natura
771 2374 795 2400 ae
807 2360 879 2402 diviui-

91 2433 120 2468 tas
133 2436 238 2484 separatae
251 2443 262 2468 a
275 2429 393 2469 seinvicem
411 2417 513 2479 existant,
535 2442 606 2469 verum
618 2429 696 2470 tametsi
710 2443 749 2470 uua
762 2436 818 2470 esset
828 2428 879 2470 divi-

90 2494 153 2547 nitas,
176 2496 224 2538 nibil
238 2496 262 2537 ob
277 2496 375 2538 sinceram
393 2504 411 2537 et
425 2496 599 2553 incomparabilem
618 2504 707 2538 naturam
724 2505 755 2538 est
771 2511 875 2554 perpessa.

89 2562 117 2604 At
129 2563 223 2607 Cbristus
236 2572 256 2606 et
266 2566 285 2606 iu
300 2580 360 2607 carrae
372 2580 443 2621 passus
456 2573 499 2615 est,
516 2565 568 2606 etin
581 2565 650 2606 eadem
663 2573 727 2607 morte
738 2573 771 2607 est
782 2567 875 2619 affectus,

90 2645 134 2673 eum
150 2633 230 2675 interim
249 2634 352 2675 divinitate
368 2634 410 2690 ipsa
425 2634 504 2675 viveret
519 2648 542 2675 ac
560 2640 650 2675 mortuos
668 2634 779 2687 excitaret,
804 2650 877 2692 eorpus

90 2715 138 2743 vero
150 2716 172 2743 re
187 2717 234 2743 vera
246 2703 343 2758 sepultum
355 2717 378 2743 ac
391 2703 457 2744 triduo
469 2704 534 2744 anima
547 2716 618 2743 careus
631 2710 651 2744 et
662 2703 732 2758 spiritu
744 2712 838 2760 motuque
848 2705 877 2746 ia-

89 2778 155 2823 ceret,
178 2771 292 2812 obvolutum
308 2771 404 2821 sindone,
427 2771 608 2812 inmonumentnm
625 2772 750 2827 depositum,
772 2774 874 2814 occlusum

90 2838 154 2893 lapide
166 2854 189 2879 ac
200 2839 270 2896 sigillis
282 2839 415 2894 obsignatum.
445 2839 519 2894 Neque
533 2853 582 2880 vero
598 2840 643 2894 ipsa
654 2848 686 2883 est
699 2842 792 2883 conclusa
804 2842 876 2884 divini-

90 2912 120 2947 tas
132 2916 166 2949 ant
177 2909 265 2965 sepulta,
287 2909 321 2949 sed
334 2922 377 2948 cum
390 2908 515 2950 sanctissima
530 2908 573 2949 eius
586 2908 651 2951 auima
667 2911 691 2951 ad
701 2910 777 2951 inferos
792 2911 876 2954 descen-

90 2974 130 3025 dit,
152 2976 278 3032 indidemque
290 2976 377 3032 captivas
393 2975 471 3019 animas
483 2976 567 3033 eripuit,
581 2979 688 3020 ,steinalum
704 2981 872 3034 morttszbfregr't,
899 2991 953 3057 ἓξὲξ.

919 3048 924 3064 ,
950 3047 955 3057 .

112 3066 129 3104 8
141 3068 179 3101 Post
194 3065 290 3112 πνεύματος
300 3078 358 3106 nouum
373 3071 422 3113 capnt
432 3070 488 3111 incipit
499 3071 516 3102 in
528 3069 564 3104 cett.
577 3069 634 3104 Peton.
