1988 3392
231 239 323 274 ananau
334 240 377 273 LlB.
389 241 419 273 ΙΙΙ.
431 241 485 274 ΤΟΜ.
495 242 517 274 ll.
529 240 597 273 flaua.
607 239 705 273 LXXVlll.
813 232 855 270 445

76 318 183 375 scriptione
200 320 378 376 complecteremur
393 320 425 376 qui
443 335 544 363 sacrarum
562 320 664 362 literarum
677 318 781 360 veritatem
792 319 857 374 perei-

76 401 124 446 pere
144 387 236 440 student,
258 401 322 443 neque
339 395 415 430 temere
430 389 554 431 sermonibus
570 388 679 438 insultare,
699 394 733 428 aut
754 394 856 429 coutume-

76 457 146 499 iiosam
163 455 201 498 sibi
215 456 264 512 ipsis
281 457 369 512 liugnam
384 458 502 513 producere.
538 456 596 512 Quod
612 458 628 499 si
649 455 682 512 qui
700 456 797 511 refragari
814 470 855 497 ma·

76 525 124 577 lint,
145 539 168 567 ao
179 525 251 582 spretis
263 525 343 568 utilibus
360 540 410 582 quae
425 525 455 568 bis
466 526 566 568 contraria
577 534 624 568 sunt
635 522 727 583 amplecti
737 538 749 566 a
759 524 816 566 uobis
826 524 856 565 iu-

75 594 126 638 fimis
141 595 277 652 usurpandum
290 594 337 638 ittut
352 596 401 649 erit,
422 598 536 649 (tutundit,
558 599 636 647 audran-
657 599 692 651 pm·
702 603 805 637 contremere
817 602 853 643 est,
879 601 936 667 puppe

76 672 179 707 normanna
189 672 235 715 esto,
251 679 274 707 ac
285 680 348 722 neque
357 666 460 723 apostolis,
477 679 540 722 neque
551 665 608 708 uobis
619 666 702 722 amplius
713 666 810 708 molestus
819 665 853 707 sit.
889 660 895 674 ’
922 659 926 667 ’

77 733 134 790 Quae
146 734 199 776 enim
208 734 357 791 religiosissima
368 743 387 777 et
398 735 495 778 ecclesiae
507 737 606 777 lruotuosa
617 750 662 778 esse
673 737 796 793 putabamus,
808 734 856 777 baec

77 803 241 846 desauctissima
255 804 332 860 virgine
346 819 414 846 sumus
430 806 528 861 professi,
551 812 573 846 ut
590 805 633 847 eius
646 805 775 861 patrocinium
793 804 858 846 susci-

76 886 169 930 peremus
186 887 236 928 quae
250 877 317 926 gvcte'c
331 876 442 927 plenissimo
457 882 497 914 est:
519 880 540 914 ut
559 872 640 915 Gabriel
655 874 732 915 locutus
748 881 791 927 est,
812 878 950 921 Anemunas.

67 937 141 995 'grotta
147 943 217 994 plenu,
233 945 320 983 domibus
335 951 402 983 tecum.
434 941 493 998 Quod
506 941 523 983 si
535 955 578 983 crrur
590 941 634 997 ipsa
646 942 736 984 domiuus
750 950 792 994 est,
808 958 856 998 qno·

76 1010 134 1052 modo
147 1010 230 1052 aiterum
243 1010 356 1067 coniugium
371 1010 474 1053 admisisse
486 1011 564 1067 potest?
594 1008 699 1065 Quonam,
714 1010 806 1067 iuquam,
823 1027 857 1067 pa·

77 1087 109 1121 cto
122 1093 173 1134 qnae
184 1079 250 1121 carnis
268 1080 430 1121 consuetudinem
444 1079 538 1131 baberet,
560 1079 664 1120 adomiuo
681 1081 758 1121 servari
773 1080 857 1121 dicitur?

76 1146 187 1189 Enimvero
199 1147 263 1189 sancti
273 1162 342 1189 omnes
353 1162 424 1201 magno
435 1148 456 1189 iu
468 1148 543 1189 lrouore
555 1154 608 1189 sunt.
639 1147 716 1189 Horum
728 1155 759 1190 est
769 1147 856 1203 gloriosa

76 1216 168 1271 requies3
184 1216 253 1258 borum
270 1230 295 1258 ex
309 1216 345 1258 bac
357 1216 398 1258 vita
408 1217 508 1258 discessus
520 1216 543 1257 ad
556 1215 698 1273 perfectionem
709 1217 804 1259 transitus
817 1224 855 1267 est,

60 1281 62 1284 ¹
77 1285 191 1327 eorumdem
202 1284 223 1327 iu
237 1284 331 1340 felicitate
345 1299 403 1337 sors,
424 1286 445 1326 iu
455 1285 585 1327 sanctissimis
598 1285 702 1326 domiciliis
713 1286 855 1341 interangeln-

76 1368 120 1396 rum
131 1353 204 1395 clroros
215 1361 333 1406 versantur,
350 1354 445 1395 habitatio
457 1354 477 1395 in
488 1354 556 1406 coelo,
573 1354 676 1410 occupatio
686 1353 706 1395 in
718 1352 781 1395 sacris
794 1355 856 1395 literis
878 1410 880 1413 y

77 1429 119 1474 est,
140 1422 200 1463 decus
217 1435 240 1462 ac
252 1422 345 1476 splendor
356 1421 476 1477 sempiterno
486 1421 507 1462 iu
520 1422 595 1463 bonore
609 1421 711 1472 consistit,
734 1436 791 1476 quem
804 1422 856 1463 nulla

76 1490 190 1532 coniectura
205 1496 272 1545 potest
286 1490 377 1545 assequi,
398 1489 486 1545 praemia
497 1490 581 1544 denique
593 1489 613 1530 iu
625 1487 706 1531 Christo
719 1488 765 1531 lcsu
777 1490 856 1531 domino

76 1565 146 1600 nostro
161 1557 224 1614 posita
243 1565 302 1610 suut,
326 1571 432 1614 perquem
448 1565 468 1599 et
487 1572 571 1612 quocum
587 1557 650 1613 gloria
665 1557 714 1614 patri
728 1573 772 1599 cum
786 1565 856 1600 saneto

77 1626 147 1683 spiritu
162 1625 183 1667 iu
198 1627 290 1677 saecula,
307 1626 380 1667 Amen.

134 1691 210 1737 Omnes
226 1708 263 1735 vos
277 1694 349 1736 iratres
365 1694 469 1751 plurimum
485 1694 579 1736 salutant.
611 1692 654 1737 Vos
669 1694 757 1736 vicissim
773 1695 856 1736 salntem

77 1762 168 1804 omnibus
180 1763 212 1820 qui
226 1764 277 1820 apud
289 1776 326 1804 vos
337 1770 383 1804 sunt
394 1763 488 1804 fratribus
502 1762 574 1814 dicite,
596 1762 633 1804 hoc
646 1770 677 1804 est
688 1763 777 1805 fidelibus
791 1763 856 1805 since-

76 1845 111 1873 rae
122 1831 166 1873 lidei
179 1832 300 1884 cultoribus,
317 1832 349 1888 qui
360 1832 471 1889 snperbiam
481 1839 611 1884 aversantur,
628 1832 660 1888 qui
670 1832 792 1874 Ariauorum
803 1846 856 1874 oom-

77 1900 202 1954 muuiouem,
224 1909 245 1944 et
257 1900 415 1944 Sabellianorurn
428 1901 547 1958 proterviam
561 1902 658 1953 oderunt,
680 1902 712 1958 qui
726 1903 857 1944 cousubstan-

49 1995 50 2000 =
77 1970 143 2013 tialern
155 1970 262 2013 trinitatem
274 1971 387 2027 prolitentes
399 1971 482 2013 adorant
492 1978 567 2028 patrem
580 1979 600 2013 et
610 1971 669 2013 tilium
679 1979 700 2013 et
710 1971 799 2029 spiritum
811 1987 857 2014 sau·

77 2046 142 2092 ctum,
160 2029 205 2082 tres
223 2054 318 2095 personas
329 2047 350 2082 et
366 2055 423 2081 unam
438 2040 568 2081 substantiam
585 2055 609 2080 no
621 2040 744 2082 divinitatem
759 2055 857 2096 unamque

77 2108 169 2165 gloriam,
186 2109 257 2166 quique
268 2110 291 2151 de
302 2110 384 2150 salutari
394 2109 539 2151 incarnationis
551 2109 624 2150 domiui
634 2110 730 2166 mysterio
742 2110 821 2151 sincere
833 2124 856 2152 au

78 2177 127 2219 citra
144 2192 233 2221 errorem
249 2177 354 2231 sentiunt,¹
370 2193 394 2220 ao
414 2175 516 2221 Christum
533 2178 590 2235 plane
606 2178 703 2220 bominem
723 2193 769 2220 esse
784 2179 856 2220 lautum

77 2248 226 2303 perlectumque
236 2247 292 2289 deum
303 2261 326 2290 ac
336 2248 444 2304 perlectum
454 2247 552 2289 homiuem
562 2247 690 2299 arbitrantur,
706 2247 781 2304 peccati
792 2247 856 2290 omnis

78 2324 191 2373 expertem,
213 2316 246 2372 qni
257 2330 329 2373 corpus
341 2317 365 2357 de
376 2314 441 2358 Maria
453 2315 564 2372 susceperit
575 2331 614 2358 uua
626 2332 669 2358 curu
681 2317 746 2358 anima
758 2324 778 2358 et
790 2323 856 2358 urente

78 2385 189 2441 ceterisque
207 2385 277 2440 quibus
296 2385 396 2427 bominum
412 2392 483 2426 natura
495 2391 584 2436 onustat,
605 2386 656 2427 adeo
671 2393 744 2427 utnon
757 2386 795 2427 duo
807 2385 855 2439 sint,

78 2453 287 2506 sedunusdonriuus,
311 2455 472 2510 unusqucdens,
493 2467 606 2506 uunsrex,
627 2455 792 2511 nuuspoutil'ex,
808 2455 857 2496 deus

78 2528 99 2563 ct
115 2521 186 2574 bomo,
203 2521 261 2563 bomo
274 2536 297 2563 ac
308 2522 368 2575 deus,
385 2537 425 2564 uon
436 2522 488 2573 duo,
503 2522 612 2574 sedunus,
628 2522 721 2578 iuquam,
737 2537 763 2565 ex
775 2523 857 2580 duplicis

78 2596 161 2632 naturae
173 2590 312 2632 coniunctione
324 2591 432 2642 conflatus,
448 2605 488 2632 non
501 2598 523 2632 nt
535 2590 606 2646 aliquid
618 2592 733 2643 confusum,
750 2592 815 2633 autin
827 2593 857 2632 ni·

78 2655 138 2699 hilum
149 2659 250 2700 redactum
260 2659 293 2710 sit,
310 2659 375 2700 sedin
385 2673 410 2701 eo
421 2658 487 2700 omnia
498 2659 538 2700 siut
548 2659 571 2700 ad
583 2674 679 2701 summanr
691 2660 768 2702 divinae
780 2661 856 2716 gratiae

79 2725 268 2770 administrationem
283 2728 379 2783 perlecta.
410 2725 491 2768 Valete.

136 2793 181 2837 Hoc
192 2796 287 2852 epistolae
299 2795 391 2851 exemplo
403 2795 502 2847 contenti,
524 2795 574 2851 qnod
592 2795 616 2836 ad
634 2796 712 2837 illorum
728 2796 857 2837 refellendum

79 2874 168 2905 errorem
183 2863 276 2906 idoneum
292 2870 335 2915 est,
357 2877 380 2904 ao
395 2863 444 2904 satis
461 2876 559 2919 superque
575 2863 641 2918 egisse
657 2879 694 2906 uos
709 2864 810 2915 arbitrati,
832 2863 857 2904 ab

79 2929 116 2973 bac
131 2931 210 2975 haeresi
226 2932 361 2984 discedemus,
383 2945 441 2987 quam
457 2932 555 2989 serpentis
566 2945 577 2973 e
590 2932 688 2974 foramine
698 2931 813 2989 prodeuntis
827 2931 858 2973 in-

102 3044 119 3079 3.
130 3046 175 3079 Libri
185 3048 233 3088 culpo
244 3044 298 3091 ἡμᾶς.
503 3047 519 3080 ὃ.
531 3043 620 3090 ἂμοούσιοι
631 3048 666 3080 cod
677 3047 743 3088 Rbedip.

102 3087 118 3125 4.
130 3087 274 3136 optionatus.
296 3090 338 3138 ἡμῖν
349 3093 386 3127 libri
396 3093 440 3127 editi.
