1988 3392
141 234 184 285 420
430 250 514 285 ειαατι
526 251 640 286 ανινιτιαιι

142 324 169 383 ἦν
178 327 243 385 μήτηρ
253 327 317 373 αύτοῦ
332 334 368 373 τοῦ
377 327 477 373 Ἰωάννου
488 328 539 372 κατά
551 328 627 386 σάρκα,
647 327 686 372 ἀλλ’
702 329 736 372 ἰνα
750 331 804 388 δείξη
816 328 881 386 αύτήν
891 349 926 387 μη.

141 397 189 453 τέρα
206 395 294 455 άρχηγδν
309 403 344 453 τῆς
360 400 482 454 παρθενίας,
504 396 574 453 ἐπειδή
591 400 611 449 ἐξ
626 397 690 452 αύτής
706 395 775 452 ήζιοή
790 391 826 451 ήν·
847 399 882 440 καὶ
899 405 927 458 τῷ

141 462 240 524 Ἰωάννη,
261 469 296 508 καί
310 468 340 509 τοί
351 482 373 522 γε
387 464 430 509 ὅντι
446 463 497 508 κατά
508 466 573 523 σάρκα
588 464 695 523 ἀλλοτρίῳ,
715 466 789 522 ἐλεγεν,
809 466 844 507 ἵνα
856 464 920 526 διδάξΙ

142 537 202 586 τιμάν
213 532 250 588 τήν
261 535 314 576 ἰδίαν
327 532 391 576 αὐτοῦ
401 535 488 590 μητέρα,
508 532 539 576 ὅτι
551 538 579 592 τῷ
589 534 625 587 μὲν
639 531 681 575 ίίντι
692 531 742 575 κατά
757 531 822 589 σάρκα
833 534 854 584 ἐξ
866 531 928 589 αὐτῆς

143 597 205 650 αύτδς
215 598 228 643 0‘
238 599 308 657 κύριος
320 602 445 658 γεγέννηται,
459 603 493 644 ἵνα
504 600 532 656 μή
542 618 572 651 τις
582 603 654 659 νομίση
662 599 746 655 δόκησιν
757 598 808 644 εἶναι
819 598 855 655 τήν
866 617 928 659 πραγ-

52 686 86 716 μιις.
96 678 136 709 ιοιε.
145 671 237 723 ματείαν,
260 670 294 712 καί
309 667 346 712 ούκ
363 668 466 724 ἀλήθειαν.
501 671 531 711 Εἰ
545 667 573 724 μή
587 668 625 726 γάρ
642 663 669 723 ήν
685 669 749 712 αὐτοῦ
764 666 847 723 άληθῶς
862 668 927 728 μήτηρ

143 735 194 781 κατά
203 735 268 795 σάρκα
279 737 371 794 κυήσασα
382 736 451 790 αύτύν,
466 735 504 782 ούκ
513 736 539 782 άυ
549 738 595 796 περὶ
603 735 665 793 αύτής
672 736 709 793 τήν
719 737 830 794 ἐπιμέλειαν
842 742 864 768 ¹¹
873 738 928 782 ἕπον·

144 812 185 849 εἴτο
198 804 221 849 τδ
234 809 360 864 παραδοῦναι
374 805 412 862 τήν
428 804 577 864 άειπάρθενον,
597 807 672 864 μητέρα
685 806 721 861 μὲν
730 812 836 864 γεγονυῖαν
848 804 883 849 διά
892 806 929 863 τήν

144 877 275 931 οἰκονομίαν,
298 874 395 934 άχραντον
413 876 434 919 δὲ
451 874 485 920 διά
504 874 541 932 τήν
557 873 609 933 πρδς
627 873 663 919 τδν
682 874 745 919 αύτδν
763 874 833 932 τιμήν,
854 876 889 919 καὶ
905 873 927 920 τδ

144 949 215 996 σκεῦος
225 944 248 989 τύ
259 943 385 1002 θαυμαστόν.
416 946 477 1004 Λέγει
488 946 510 989 δὲ
519 944 542 990 τύ
555 943 679 1003 εὐαγγέλιον,
701 945 742 988 Καὶ
755 943 795 989 άπδ
805 950 842 1001 τής
851 942 927 1003 ήμὲρας

144 1015 221 1070 ἐκείνης
234 1016 304 1071 ἐλαβεν
320 1012 383 1071 αύτήν
396 1014 448 1074 πρύς
463 1015 541 1060 ἔαυτόν.
573 1017 602 1058 Εἰ
615 1015 636 1058 δὲ
653 1012 705 1071 εἶχεν
716 1012 789 1073 άνδρα,
811 1016 830 1057 εἰ
839 1010 889 1069 εἶχεν
901 1011 929 1058 οἰ-

144 1103 192 1139 κον,
215 1083 280 1141 εἰείχε
297 1086 364 1139 τέκνα,
387 1087 416 1137 εἰς
430 1084 454 1128 τά
472 1087 514 1129 ίδια
530 1083 635 1143 άνεχάρει,
659 1085 723 1129 ηκαὶ
737 1084 762 1129 ού
778 1082 830 1142 πρδς
845 1081 881 1138 τδυ
896 1082 928 1127 άλ-

144 1153 228 1213 λάτριον.

200 1292 261 1336 Ἀλλά
277 1292 304 1348 μή
317 1297 376 1337 τοῦτο
390 1297 469 1353 στραφῇ
486 1294 514 1343 εἰς
524 1290 602 1348 βλάβην
618 1292 668 1345 τισὶ,
690 1292 724 1336 καὶ
735 1290 819 1344 δόξασιν
830 1294 851 1337 ἓν
864 1292 929 1353 τούτῳ

144 1359 253 1417 λαμβάνειν
263 1360 372 1420 πρύφασιν,
388 1359 529 1418 σννειςάκτους
538 1362 573 1406 καὶ
582 1359 688 1419 άγαπητάς
699 1362 872 1416 Ῑέπικαλοομένας
883 1362 928 1405 ἐαυ-

144 1437 187 1482 τοῖς
198 1432 295 1484 ἐπινοεῖν,
316 1430 350 1475 διά
364 1430 504 1488 κακομήχανον
518 1429 622 1475 ύπύνοιαν.
651 1429 725 1474 Ἐκεῖσε
739 1430 777 1488 γάρ
787 1429 812 1474 τά
823 1430 929 1489 πράγματα

145 1502 226 1544 ἐτελεῖτο
243 1498 286 1544 κατ’
298 1502 427 1556 οἰκονομίαν,
451 1502 594 1560 ἳδιηρημένων
610 1504 649 1544 τῶν
661 1498 784 1557 πραγμάτων
795 1498 836 1544 άπύ
848 1504 884 1555 τῆς
897 1497 930 1543 άλ-

144 1574 180 1624 λης
191 1566 272 1625 άπάσης
283 1568 334 1612 κατά
345 1568 397 1613 θεύν
410 1568 531 1624 ὀφειλούσης
541 1567 679 1623 φυλάττεσθαι
695 1568 803 1625 ἀκριβείας.
834 1569 876 1611 Καὶ
891 1567 929 1625 γάρ

146 1637 179 1680 ὅτε
191 1642 250 1681 τοῦτο
264 1639 366 1694 γεγένητο,
386 1638 420 1681 καί
432 1640 554 1695 παρείληφεν
566 1635 629 1693 αύτήν
645 1634 792 1693 πρδςὲαυτδν,
813 1635 881 1680 σάκε’τι
891 1655 928 1680 πα-

146 1707 223 1763 ρι’μεινε
232 1704 279 1762 παρ’
289 1706 350 1766 αὐτῷ.
380 1705 436 1750 Ἀλλά
447 1708 481 1750 καὶ
492 1708 511 1749 εἰ
521 1709 605 1750 δοκοῦσί
612 1721 664 1755 τινες
674 1704 782 1759 ἐσφάλθαι,
797 1704 895 1761 ζητήσουσι
904 1703 929 1748 τά

144 1777 189 1830 ἰχνη
198 1780 239 1818 τῶν
249 1781 346 1832 γραφῶν,
368 1777 403 1819 καλ
413 1774 497 1832 εὕρωσιν
507 1773 532 1818 άν
541 1773 587 1818 ούτε
596 1773 686 1817 θάνατον
695 1777 791 1832 Μαρίας,
812 1773 859 1818 ούτε
870 1776 890 1817 εἰ
900 1776 930 1818 τὲ-

144 1850 230 1898 θνηκεν,
246 1842 292 1887 οὕτε
303 1845 321 1886 εἰ
332 1842 360 1899 μή
371 1846 477 1898 τέθνηκεν,
492 1841 539 1887 ούτε
550 1844 568 1886 εἰ
578 1844 687 1893 τέθαπται,
703 1840 748 1885 ούτε
758 1844 777 1885 εἰ
786 1841 814 1897 μή
824 1844 928 1887 τέθαπται.

145 1915 187 1955 Καί
200 1914 231 1955 τοί
242 1928 265 1969 γε
276 1916 311 1955 τοῦ
324 1911 418 1956 Ἰωάννου
431 1913 477 1969 περὶ
492 1910 529 1966 τήν
536 1911 606 1954 Ἀσίαν
621 1911 770 1963 ἐνστειλαμένου
787 1909 824 1966 τήν
839 1913 929 1967 πορείαν,

145 1982 180 2023 καὶ
190 1978 282 2034 οὐδαμοῦ
289 1981 339 2037 λέγει
346 1979 377 2024 ὅτι
386 1981 495 2037 ἐπηγάγετο
506 1972 551 2035 μεθ’
558 1980 631 2023 ἑαυτοῦ
640 1977 676 2033 τήν
687 1977 745 2036 άγίαν
754 1980 863 2035 παρθένον.
881 1975 930 2022 Ἀλλ’

146 2046 215 2097 άπλῶς
227 2047 337 2103 ἐσιώπησεν
348 2047 363 2103 ή
373 2048 449 2106 γραφή,
465 2046 499 2091 διά
510 2047 532 2091 τύ
545 2045 669 2103 ὑπερβάλλον
680 2051 716 2091 τοῦ
726 2047 842 2102 θαύματος,
856 2044 929 2102 ἵναμή

145 2118 174 2166 εἰς
183 2117 277 2170 ἔκπληξιν
288 2115 354 2175 άγάγη
370 2117 407 2172 τήν
423 2116 514 2160 διάνοιαν
530 2119 571 2159 τσῖν
582 2113 704 2171 ἀνθρώπων,
731 2113 784 2172 Ἐγοδ
800 2114 838 2173 γάρ
849 2114 875 2158 ού
887 2120 929 2158 τολ-

145 2190 176 2239 μῶ
188 2185 261 2240 λέγειν,
283 2182 331 2227 άλλά
349 2183 493 2238 διανοούμενος
508 2182 587 2238 σιωπήν
603 2183 665 2226 ἀσκῶ.
699 2181 752 2237 Τάχα
768 2181 806 2239 γάρ
824 2200 865 2225 που
881 2183 930 2226 3καὶ

144 2255 189 2308 ’ίχνη
202 2251 287 2309 εὕρομεν
304 2258 340 2308 τῆς
356 2251 414 2310 άγίας
426 2254 502 2307 ἐκείνης
517 2253 550 2296 καὶ
565 2253 695 2308 4μακαριάς,
717 2248 745 2301 τίς
755 2248 801 2294 ούτε
812 2248 878 2309 εύρεῖν
889 2252 931 2295 ἐστι

145 2320 180 2364 τύν
191 2320 282 2364 θάνατον
293 2321 361 2376 αὐτῆς.
393 2319 428 2376 Πή
440 2321 476 2377 μὲν
486 2319 523 2378 γάρ
536 2319 549 2365 ά
559 2318 645 2375 Συμεσίν
655 2318 728 2374 φάσκει
739 2320 783 2378 περὶ
796 2320 869 2376 αύτής,
889 2319 931 2363 Καὶ

147 2394 186 2431 σοῦ
199 2388 261 2445 αὐτῆς
277 2388 313 2445 τήν
324 2389 394 2446 ψυχήν
407 2390 523 2434 διελεύσεται
535 2392 637 2447 ρὀμφαία,
658 2387 714 2439 ὅπως
726 2386 767 2431 ὄάν
778 2387 928 2440 ἀποκαλυφθῶ-

147 2474 179 2502 σιν
189 2460 212 2503 ἐκ
224 2464 303 2504 πολλῶν
314 2463 403 2518 καρδιῶν
418 2461 552 2518 διαλογισμοὶ,
574 2458 603 2515 πή
615 2458 637 2502 δέ
648 2463 684 2514 τῆς
692 2457 851 2514 Ἀποκαλύψεως
865 2456 930 2503 Ἰωάν-

148 2547 186 2573 νου
197 2529 315 2586 φασκοάσης
326 2530 366 2584 ὅτι,
383 2531 424 2574 Καὶ
435 2532 531 2574 ἔσπενδεν
542 2528 553 2574 0‘
564 2528 645 2587 δράκων
657 2530 690 2573 ἐπὶ
700 2527 737 2585 τήν
747 2535 833 2587 γυναῖκα
842 2527 879 2585 τήν
888 2546 931 2587 γεν-

149 2599 238 2655 νήσασαν
249 2598 284 2644 τύν
296 2599 379 2660 άρρενα,
394 2601 429 2645 καὶ
440 2600 542 2655 ἐδόθησαν
552 2599 604 2660 αύτή
614 2600 709 2657 πτέρυγες
719 2597 790 2653 οἲετού,
805 2601 840 2643 καὶ
850 2597 931 2655 ἐλήφθη

149 2671 177 2720 εἰς
189 2668 225 2725 τήν
236 2672 320 2727 ἔρημον,
341 2669 397 2721 ὅπως
410 2669 435 2713 ίίν
449 2669 477 2725 μή
493 2667 545 2729 λάβῃ
558 2668 620 2726 αύτήν
632 2667 644 2712 δ
655 2668 741 2727 δράκων.
775 2667 829 2725 Τάχα
839 2668 861 2712 δὲ
871 2667 931 2712 δύνα-

148 2758 181 2782 ται
192 2737 224 2782 ἐπ’
236 2739 288 2798 αὐτῇ
297 2744 435 2795 πληροῦσθαι·
450 2739 476 2783 οὗ
489 2738 570 2790 πάντως
580 2740 602 2783 δὲ
614 2737 704 2796 ὁρίζομαι
716 2743 786 2793 τοῦτο,
801 2740 834 2783 καὶ
846 2736 871 2781 ού
881 2739 930 2796 λίγα

172 2835 197 2867 11.
211 2832 282 2867 ἐποιεῖτο
292 2831 312 2868 τδ
323 2834 368 2867 codd.
379 2844 416 2867 mss.
429 2837 504 2875 uterque,
516 2838 530 2866 τι
552 2835 619 2876 Βλαδίς.

148 2881 183 2913 edit.
192 2882 246 2913 Ροίαν.
270 2877 338 2922 ἐμποιεῖ
346 2877 366 2914 τὸ
379 2882 415 2913 edit.
427 2882 478 2921 princ.
491 2881 529 2913 Gor·
575 2880 591 2913 2.
604 2882 649 2913 Libri
659 2882 707 2922 υαλμο
717 2881 774 2913 habent
785 2875 822 2914 κατ’
837 2877 931 2924 οἰκονομίαν

147 2928 204 2959 narius
219 2927 266 2959 vertit
280 2936 316 2958 non
332 2937 372 2958 sane
388 2926 410 2959 de
420 2925 456 2969 ipsa
473 2936 529 2959 curam
552 2924 571 2960 δὲ
582 2925 695 2971 διῃρημένων.
717 2927 854 2958 θελενλυοοαλσαι
864 2924 931 2962 &afut-

147 2971 238 3004 habuisset,
551 2975 586 3013 pote
601 2974 683 3013 repetitam
699 2980 727 3013 μιν
741 2980 808 3004 errorem
823 2981 843 3004 ex
857 2971 932 3004 vocabulo

174 3020 198 3050 λ’.)-
217 3016 247 3051 καλ
259 3019 312 3050 omiss.
323 3020 340 3050 in
352 3019 388 3051 edit.
404 3018 460 3050 Ροιαν.
476 3017 528 3050 Coton.
549 3020 634 3059 proximo,
644 3026 737 3057 sensumque
748 3019 771 3049 ιἰα
781 3018 828 3058 plane
839 3018 932 3050 turbantem.

147 3066 195 3104 τιμαί.
574 3063 590 3098 3.
603 3062 634 3098 καὶ
645 3073 674 3096 σοι,
687 3063 798 3105 cod.Rhed1'9.

172 3108 212 3142 (λιν.
226 3109 257 3142 XL
275 3127 297 3134 -·
329 3110 343 3144 1.
366 3108 472 3153 καλουμένας
494 3110 528 3142 τού,
575 3107 591 3143 4.
606 3108 669 3154 μορίας
680 3110 714 3142 cod.
727 3110 793 3151 Βλαίλμ.
