1988 3392
362 249 582 284 unacurnmanosrs.
818 239 859 280 573

79 331 209 394 praedicentis
222 331 267 374 esse
278 345 333 373 more
343 331 403 384 dieta,
420 331 517 387 cumipse
528 331 614 373 nondum
625 328 730 381 existeret,
746 330 782 372 sed
794 343 805 370 a
815 326 861 370 dta-

79 406 120 457 ria,
143 401 171 444 uti
186 401 285 452 diximus,
308 408 328 442 et
339 400 363 442 ah
377 415 401 442 eo
415 402 512 442 duntaxat
523 408 612 457 tempore
629 414 668 455 qno
684 413 743 440 carne
760 398 861 454 praeditus

80 471 160 517 advenit
175 484 221 512 esse
237 470 333 526 eoeperit.
503 521 505 523 -

134 537 261 590 Manichaei,
277 553 328 593 quos
341 545 361 580 et
372 538 482 579 Aenauitas
494 545 578 590 vocant,
595 536 662 579 Manis
673 534 749 579 Persae
760 536 859 592 discipuli,

80 609 180 654 Christum
201 607 268 663 specie
288 614 347 649 tenus
368 607 497 662 profitentur,
523 607 584 648 sudem
605 598 859 662 lunamque'venerantur.

80 678 147 723 Suettis
159 690 182 717 ac
193 675 300 716 virtutibus
311 683 331 717 et
344 675 472 718 daemonibus
489 675 606 732 supplicant.
637 674 682 716 Duo
696 673 806 730 principia,
826 673 861 715 bo-

80 744 266 795 annemundum,
290 745 419 786 constituunt.
456 742 557 787 Christum
573 743 640 800 specie
658 750 716 785 tenus
736 742 861 800 apparuisse,

80 813 185 873 specieque
196 821 255 855 tenus
270 826 316 855 esse
332 828 420 869 passum.
452 812 516 855 Vetus
527 820 679 864 testamentum,
702 826 786 868 eumque
798 811 830 867 qui
842 811 862 853 iu

79 884 113 927 ido
132 883 210 928 locutus
229 889 272 933 est,
295 881 405 923 maledictis
422 890 514 923 onerant.
550 880 647 923 Mundum
662 896 702 923 non
718 881 862 923 universuma

80 954 129 1004 deo,
150 951 186 992 scd
201 950 244 992 eius
259 957 334 1006 partein
351 950 465 992 fabricatam
480 965 526 992 esse
541 957 639 992 statuunt.

136 1019 251 1062 Hieracitae
262 1019 286 1061 ah
299 1017 385 1060 Hierace
393 1019 503 1075 interprete
514 1034 538 1061 ac
548 1020 629 1061 doctore
640 1019 723 1075 quodam
733 1017 861 1076 Leontopoli,

81 1089 131 1146 quod
148 1088 236 1145 Aegypti
253 1089 345 1145 oppidum
362 1095 404 1141 est,
427 1088 519 1130 oriundo.
554 1088 594 1144 Qui
611 1088 779 1129 resurrectionem
796 1088 863 1130 earnis

81 1158 162 1215 respuit.
193 1155 282 1200 Utuntur
298 1157 325 1198 itti
341 1156 405 1198 veteri
424 1171 447 1198 ac
464 1171 516 1199 novo
531 1164 659 1199 testamento.
689 1155 771 1212 Nuptiis
784 1156 862 1212 penitus

80 1227 207 1269 interdicunt.
238 1224 350 1268 Monachus
363 1232 383 1267 et
396 1226 484 1282 uirgines
496 1227 622 1268 continentes
633 1241 656 1267 ac
667 1225 737 1267 uiduus
749 1226 861 1267 admittunt.

80 1294 156 1339 Pueros
166 1302 236 1336 natura
249 1295 335 1337 nondum
347 1302 412 1337 aetate
427 1294 484 1351 regni
496 1296 590 1337 eoelestis
602 1295 708 1352 participes
723 1308 768 1336 esse
780 1302 862 1349 negant,

82 1365 131 1421 quod
147 1364 232 1406 nondum
249 1364 358 1405 certamine
374 1364 471 1419 perfuncti
486 1373 540 1406 sunt.

136 1431 240 1474 Meletiani
253 1433 365 1474 schismatis
377 1432 397 1473 in
411 1433 516 1489 Aegypto,
538 1447 576 1474 nott
588 1433 678 1474 haeresis
689 1432 753 1473 locum
764 1431 861 1473 obtinent.

82 1500 120 1557 Qui
132 1516 175 1544 eum
188 1501 227 1543 ittis
239 1515 319 1558 precum
338 1502 477 1543 communione
490 1501 584 1558 coniungi
600 1502 706 1543 notuerunt
718 1502 751 1556 qui
763 1500 784 1542 in
795 1514 863 1557 perse-

82 1571 160 1613 cutione
175 1570 226 1626 lapsi
240 1578 294 1612 suun
325 1568 386 1611 Nunc
401 1584 423 1611 se
438 1571 462 1612 ad
478 1570 567 1613 Arianos
583 1577 724 1627 aggregarunt.

137 1639 220 1692 Ariani,
242 1640 285 1680 sive
301 1638 450 1690 Aricmauitae,
473 1639 504 1680 dei
521 1639 580 1681 titiam
597 1647 708 1681 ereaturam
725 1652 771 1680 esse
787 1638 863 1691 dieunt,

82 1707 170 1765 spiritum
188 1706 237 1750 vero
254 1715 343 1749 sanctum
359 1715 463 1749 creaturae
478 1721 524 1749 esse
539 1715 658 1750 ereaturam.
691 1705 816 1749 Salvatcrenr
828 1721 864 1748 no-

82 1784 143 1818 strum
154 1790 235 1818 earnem
248 1777 346 1817 duntaxat
360 1791 371 1818 a
383 1774 461 1828 Maria,
478 1791 517 1817 non
528 1777 612 1819 animam
624 1775 726 1832 accepisse
738 1777 862 1818 courdumaut.

82 1843 128 1887 F'uit
143 1845 174 1888 hic
188 1846 251 1887 Arius
267 1845 364 1887 ecclesiae
379 1845 530 1888 Alexandrinae
546 1845 658 1901 presbyter.

140 1981 196 2024 Haec
207 1989 238 2025 est
248 1983 333 2039 quinque
344 1982 455 2025 haereseon
468 1997 556 2036 summa,
572 1996 622 2039 qnae
634 1983 654 2024 in
667 1983 704 2025 hoc
715 1980 742 2024 ll.
757 1982 807 2024 libro
818 1980 862 2025 sive

82 2049 151 2092 ordine
167 2050 193 2093 V.
211 2052 346 2093 eontinentur.
529 2057 531 2060 ’

137 2119 166 2162 At
175 2119 196 2161 in
206 2119 273 2176 priore
286 2128 339 2177 tomo
349 2120 394 2162 lihri
407 2120 473 2172 tertii,
495 2120 538 2162 sive
556 2120 626 2161 ordine
640 2118 691 2171 Vh,
713 2120 821 2172 secumdum
834 2122 864 2163 in-

82 2187 170 2244 stitutum
181 2204 192 2231 a
202 2188 260 2230 nobis
271 2189 360 2230 ordinem
372 2196 447 2245 septem
460 2189 554 2231 haereses
566 2187 700 2241 continentur,
714 2202 758 2231 cum
766 2190 863 2232 schisma-

82 2254 142 2298 tibus.
264 2300 266 2304 ,
816 2250 818 2253 ’

137 2325 274 2367 Audianorum
292 2326 371 2383 proprie
383 2325 469 2367 schisma
484 2340 507 2367 ae
519 2325 616 2378 deiectio,
638 2340 677 2367 non
691 2325 789 2368 haeresis.
820 2325 864 2369 Ho-

82 2405 124 2434 rum
135 2394 186 2436 hene
199 2394 289 2436 instituta
299 2394 378 2437 vivendi
388 2395 439 2435 ratio
451 2401 489 2435 est.
520 2392 561 2436 Sed
574 2408 650 2450 neque,
667 2396 717 2450 qhod
729 2396 753 2436 ad
765 2395 822 2437 tuem
834 2404 864 2438 at-

83 2459 142 2513 tinet,
165 2463 190 2504 ah
206 2462 291 2505 ecclesia
306 2462 402 2505 catholica
419 2462 545 2504 dissentiunt.
576 2461 671 2504 Habitant
683 2462 754 2505 maiori
769 2478 797 2505 ex
807 2473 863 2521 parte

82 2526 102 2569 in
113 2532 246 2573 monasteriis.
276 2529 351 2587 Magna
361 2539 392 2573 est
404 2531 453 2586 apud
464 2531 509 2573 illes
520 2531 677 2587 apocryphorum
689 2531 785 2574 librorum
796 2532 861 2589 eopia.

84 2592 204 2641 Communes
224 2598 325 2641 nobiscum
343 2600 445 2641 orationes
463 2614 503 2641 non
519 2598 599 2640 hahent.
635 2598 687 2641 Nam
706 2600 811 2658 episcopos
827 2617 863 2644 uo-

45 2673 46 2676 ’
82 2671 147 2719 stros,
164 2681 241 2710 necnon
255 2674 275 2709 ct
286 2667 370 2720 divites,
389 2668 478 2723 aliosque
489 2668 627 2709 condemnant.
660 2666 774 2723 Quinetiam
785 2669 864 2713 Pascha

103 2800 132 2837 66.
145 2803 235 2848 μελιτιανοὶ
246 2806 291 2839 codd.
304 2815 341 2838 mss.
482 2806 550 2840 Pacarii
559 2808 651 2839 summario.

103 2845 131 2881 67-
149 2848 295 2896 διαβεβαιούμενοι
309 2848 342 2886 ἀπὸ
354 2850 423 2894 Μαρίας
438 2851 462 2885 εἰ·
507 2850 534 2884 69.
545 2852 569 2883 tte
579 2852 625 2884 cedd.
634 2861 673 2886 mss.
698 2854 741 2885 Edttt
749 2855 824 2895 praebent
832 2866 863 2890 κα·

81 2891 154 2935 haedum
164 2897 199 2929 eoa.
211 2897 278 2937 nauta.
484 2894 555 2933 λοῦντες.

103 2937 134 2972 68.
145 2938 162 2974 ἐν
179 2940 297 2985 peremptae
313 2942 351 2974 dedi
368 2950 388 2974 ee
402 2943 461 2976 tcoane
506 2941 533 2975 70.
545 2942 579 2973 noe
589 2944 657 2976 atteram
672 2939 732 2982 ἄλλους
743 2953 775 2978 nou
785 2948 865 2988 comparet

80 2981 155 3018 Damone.
184 2989 234 3028 Vutpo
251 2989 292 3019 enim
306 2989 349 3019 obest
365 2989 461 3029 praepositio
483 2989 501 3020 tn
511 2988 547 3019 edit.
560 2988 615 3020 Peter.

82 3024 104 3061 ἐν.
134 3032 212 3065 Peneius
227 3034 288 3066 catenat
305 3029 421 3076 μονασπίρια,
441 3043 462 3066 eu
