1988 3392
416 702 509 745 suurn

290 806 636 865 EPIPHANII

235 942 689 994 ANAGEPHALAEOSIS

152 1057 202 1092 stvu
214 1057 296 1091 EORUM
308 1058 369 1099 Quae
383 1057 408 1090 IN
420 1056 520 1090 Pauuuto
532 1056 601 1091 DICTA
612 1056 674 1089 SUNT
686 1054 769 1088 SUMMA

371 1113 551 1147 couruuuuusto.

130 1202 230 1259 Quoniam
247 1206 358 1248 haereseon
375 1205 461 1248 omnium
478 1204 557 1246 nomina
572 1204 690 1246 declaranda
707 1203 765 1245 vobis
779 1202 816 1244 hoc
833 1202 854 1244 in

72 1274 123 1316 libro
135 1275 271 1331 suscepimus,
294 1288 331 1316 neo
345 1289 383 1316 non
396 1274 509 1316 execranda
525 1288 548 1314 ao
561 1273 636 1315 nefaria
649 1274 725 1315 illarum
738 1271 813 1329 flagitia
825 1271 854 1313 sio

72 1350 164 1399 tanquam
176 1342 338 1400 praesentissima
351 1343 446 1398 quaedam
458 1356 536 1386 venena
549 1343 661 1398 patefacere
673 1342 777 1392 volumus,
794 1347 854 1395 atque

73 1412 102 1453 his
123 1411 178 1453 velut
198 1411 286 1453 antidota
304 1412 400 1467 quaedam
425 1425 537 1468 opponere,
565 1425 615 1468 qnae
635 1411 668 1453 vel
688 1410 712 1452 iis
732 1411 764 1466 qui
786 1424 854 1452 morsu

73 1480 127 1538 petiti
137 1488 184 1522 sunt
198 1481 287 1522 remedio
301 1494 346 1522 esse
361 1480 450 1536 possint,
471 1481 504 1523 vel
517 1494 552 1522 eos
563 1480 634 1537 quibus
645 1493 670 1521 ne
679 1479 767 1521 incidant
776 1479 855 1535 perieu-

72 1550 112 1592 lom
123 1556 156 1591 est
172 1549 310 1606 praemuniant
320 1563 342 1591 ac
354 1556 488 1602 conservent,
510 1547 629 1602 Panarinm,
651 1549 694 1591 sive
705 1548 801 1591 Aroulam
813 1561 856 1590 me-

73 1620 147 1672 dicam,
169 1620 192 1662 ad
207 1633 276 1661 eorum
291 1619 324 1676 qui
339 1633 350 1660 a
365 1619 491 1675 serpentibus
507 1619 542 1662 icti
558 1627 604 1661 suot
620 1619 728 1662 remedium
745 1619 789 1661 iure
806 1631 855 1674 opus

72 1689 118 1732 iilud
129 1703 152 1732 ao
165 1689 235 1732 iihrum
251 1688 437 1746 interpretabimur,
460 1688 523 1745 quiin
536 1696 577 1732 tres
589 1696 656 1746 partes
670 1689 746 1731 divisus
760 1689 856 1731 haereses

74 1759 175 1815 octoginta
192 1758 341 1816 complectitur,
363 1773 414 1815 quae
428 1765 542 1816 serpentum
560 1773 583 1801 ae
600 1758 699 1815 reptilium
713 1758 788 1801 similes
801 1764 855 1801 sunt.

74 1827 188 1871 Secundum
199 1843 248 1885 quas
260 1827 350 1870 veritatis
361 1829 515 1882 firoramentum,
532 1835 553 1870 et
563 1828 656 1870 salutaris
669 1828 759 1870 doctrina
772 1828 857 1884 fideique

74 1897 158 1940 formula
169 1897 258 1940 subiecta
270 1904 309 1950 est,
325 1911 349 1939 ae
360 1895 436 1939 Christi
447 1912 527 1954 sponsa,
544 1905 613 1940 saneta
622 1897 715 1939 videlicet
725 1897 809 1939 ecclesia
822 1897 856 1937 de-

74 1967 155 2009 clarata.
187 1964 245 2022 Quae
261 1981 304 2009 cum
320 1966 358 2007 iam
370 1974 411 2008 tum
424 1966 449 2009 ab
461 1966 509 2008 orbe
521 1967 600 2009 condito
613 1981 659 2009 esse
670 1967 770 2023 coeperit,
787 1972 856 2022 postea

74 2042 139 2077 tamen
150 2049 185 2092 per
195 2033 271 2078 Christi
285 2035 358 2077 domini
375 2036 532 2078 incarnationem
544 2043 653 2092 temporum
667 2036 795 2078 successione
810 2042 857 2077 ante

74 2111 237 2147 commemoratas
254 2118 323 2147 omnes
341 2103 436 2147 haereses
453 2104 532 2160 vulgata
545 2112 603 2161 atque
615 2106 726 2161 patefacta,
747 2104 856 2159 eademque

74 2172 153 2215 anobis
165 2174 185 2216 iu
197 2174 350 2216 commentarios
363 2188 391 2215 ex
401 2171 477 2215 Christi
490 2174 637 2229 praedicatione
649 2173 724 2226 relata,
740 2187 764 2214 ac
775 2187 855 2214 rursum

74 2249 117 2298 post
127 2243 245 2299 explicatam
257 2257 334 2284 omnem
345 2242 427 2284 istarum
439 2242 550 2284 haereseon
561 2242 704 2298 improbitatem
716 2256 744 2283 ex
755 2241 856 2298 apostolo-

73 2325 117 2352 rum
133 2311 235 2368 disciplina
249 2319 341 2353 accurate
358 2325 381 2353 ac
398 2312 500 2368 perspicue
519 2312 575 2353 brevi
592 2312 675 2367 quodam
693 2319 723 2353 est
739 2309 856 2366 compendio

74 2379 173 2433 subiecta,
196 2380 225 2422 uti
238 2393 262 2421 ea
272 2393 295 2422 re
306 2379 385 2422 iliorum
398 2388 515 2423 recreentur
528 2394 551 2422 ac
563 2381 678 2423 reficiantur
690 2380 749 2422 animi
761 2380 794 2436 qui
805 2380 857 2421 hunc

75 2448 185 2491 haereseon
202 2449 381 2506 percurrendarnm
399 2449 486 2491 laborem
505 2449 642 2506 susceperint,
663 2464 722 2507 porro
737 2463 775 2491 vos
788 2462 857 2491 omues

75 2515 201 2560 honestarum
211 2531 279 2559 rerum
288 2517 373 2560 studiosi
384 2517 470 2560 tectores
480 2525 560 2574 rogatos
570 2518 662 2560 volumus
673 2526 693 2560 ut
704 2527 724 2560 et
734 2518 858 2573 prooemium

74 2584 137 2641 ipsum
148 2594 168 2628 et
178 2585 324 2642 insequentium
334 2586 445 2628 haereseon
456 2587 599 2643 expositionem
613 2602 636 2629 ae
646 2587 736 2629 veritatis
748 2587 858 2644 professio-

75 2667 120 2696 nem
138 2662 159 2697 et
169 2656 290 2706 doctrinam,
313 2669 336 2697 ao
350 2662 432 2698 sanotae
443 2663 463 2697 et
477 2656 584 2698 catholicae
595 2655 693 2698 eeclesiae
708 2656 765 2698 iidem
777 2670 789 2698 a
801 2655 858 2697 nobis

75 2734 192 2779 expressam
207 2736 326 2780 percurrere
340 2723 414 2765 velitis.

132 2790 190 2847 Quae
202 2791 279 2848 quidem
291 2791 356 2833 omnia
368 2792 405 2833 hoc
418 2793 438 2834 in
451 2806 511 2850 opere
524 2792 666 2849 comprehensa
678 2792 740 2835 tribus
752 2792 807 2835 tibris
820 2806 857 2834 ex-

97 2905 114 2938 4.
126 2902 176 2950 duait
188 2908 224 2940 edit
237 2907 293 2941 Petro.
479 2909 513 2941 rius
526 2909 571 2940 uatit
585 2917 664 2950 rogamus
680 2914 698 2939 ut
714 2918 771 2941 omnes
783 2905 859 2940 studiose

98 2951 115 2984 5.
126 2953 171 2986 tura
183 2955 230 2995 uutpo
244 2948 386 2996 dnuraebbeiuau-
479 2952 548 2987 versetis
561 2959 578 2985 et
590 2953 713 2995 praefationem
725 2959 743 2985 et
754 2956 788 2986 cett.

97 2995 113 3029 6.
133 2999 237 3032 scribendum
255 3000 321 3040 fortasse
335 3008 371 3030 eam
387 3000 454 3032 Patauio
499 2999 516 3034 7.
527 2995 628 3042 φιλοκάλους
643 3001 668 3033 ed.
681 3002 732 3040 princ.
760 2996 858 3044 φιλοκάλοις

75 3044 207 3084 παρακαλεῖσθε.
225 3044 398 3086 respicecerem,
409 3047 455 3079 cutus
478 3047 503 3079 ed.
514 3048 569 3079 Petav.

74 3095 111 3121 uero
121 3092 183 3131 gemelti
194 3091 224 3123 loct
238 3091 273 3123 otto
286 3092 328 3123 ratio
342 3093 369 3122 est.
394 3091 455 3124 Cornu-
500 3092 517 3125 8.
528 3092 601 3124 Fortasse
612 3086 650 3126 τάδ’
661 3089 679 3126 ἐν
690 3092 719 3137 τῇ.
