1988 3392
145 238 188 279 244
433 247 514 281 SANGTI
526 246 642 281 EPIPHANII

145 324 183 384 γάρ
196 328 328 383 παρίσταται,
344 328 378 370 καὶ
393 324 504 382 ῦκοχωρεῖ,
525 327 560 369 καὶ
572 325 717 382 καταλιμπάνει
726 330 793 370 πᾶσαν
804 328 870 372 αἰτίαν
885 334 929 373 συλ-

145 395 257 453 λογιστικῆν
266 400 295 456 τῷ
305 395 345 440 νἰπό
355 401 390 452 τῆς
400 399 458 445 θείας
469 401 548 453 γραφῆς
563 399 695 456 διδασκαλικῷ
707 395 772 456 λόγῳ,
794 401 834 456 τῷ,
858 399 931 452 Οῦδελς

146 463 189 509 οἶδε
198 464 233 509 τόν
242 465 295 521 υίδυ,
306 468 324 510 εί
332 465 359 521 μῆ
370 464 382 509 δ
391 464 464 522 πατὴρ,
478 466 527 509 οῦδὲ
535 465 571 510 τόν
580 468 661 524 πατέρα,
674 468 692 509 εί
701 464 728 522 μῆ
739 463 811 521 όυίός,
823 467 857 510 καὶ
869 461 930 527 §sav

146 535 277 596 άτιοκαλῦηιη.
305 533 450 578 Ἀποκαλῦπτει
463 536 485 578 δέ
497 533 522 580 δι’
533 534 591 593 άγίου
601 534 714 591 πνεύματος
725 534 750 580 οῦ
760 541 803 586 τοῖς
813 533 875 580 αῦτόν
886 544 930 581 συλ-

144 607 292 663 λογιζομένοις,
312 603 359 648 άλλαλ
374 611 415 655 τοῖς
434 606 462 655 είς
479 603 540 648 αῦτδν
553 608 639 662 γνησίως
651 606 686 648 καί
696 608 773 657 τελείως
784 605 930 651 πεπιστευκόσι.

147 678 188 719 Καὶ
200 674 238 733 γάρ
249 672 294 719 οῦτε
304 671 328 717 τά
341 677 427 731 κρίματα
438 673 501 717 αῦτοῦ
511 675 616 731 ἐρευνῆσαι
627 676 747 730 δυνηθείης,
762 672 810 719 οῦδὲ
825 673 861 726 τάς
870 673 931 728 δδοῦς

146 744 209 789 αῦτοῦ
226 742 350 799 ἔξιχνιάσεις,
370 741 421 787 κατά
438 741 461 786 τί
472 744 620 800 γεγραμμένον,
639 741 678 787 κάν
694 759 715 787 τε
728 745 790 803 μυρία
803 742 853 800 ἡμῖν
868 746 931 806 έλθης

146 818 252 872 φλυαρῶν,
267 811 351 856 ἐλεεινόν
366 810 408 856 κατ’
424 812 458 867 έμέ
472 811 624 870 άνθρωκάριον.

203 956 256 1006 Κεφ.
265 950 344 994 Ἀετίου
353 952 378 1006 η’.
399 953 428 994 Εί
438 950 483 1001 όλος
495 952 536 995 έστί
548 950 662 1008 γεννητικός
672 949 685 994 ό
694 949 802 1008 άγέννητος
812 950 872 1005 θεός,
893 951 931 996 οῦκ

146 1021 252 1071 οῦσιωδῶς
266 1019 288 1063 τό
298 1021 395 1077 γεννηθέν
405 1019 515 1078 ἐγεννήθη,
536 1019 582 1076 ῦλης
593 1019 676 1076 έχοῦσης
690 1026 725 1075 τῆς
744 1020 814 1072 οὐσίας
829 1019 892 1064 αῦτοῦ
909 1021 931 1066 τό

145 1094 227 1146 γεννᾶν,
250 1090 292 1133 1οῦ
311 1088 333 1133 τό
351 1094 468 1147 γεννᾶσθαι.
497 1091 527 1132 Εί
540 1090 562 1132 δὲ
577 1096 780 1145 μετασχηματισθεῖσα
797 1088 880 1145 ῆοῦσία
895 1095 932 1134 τοῦ

145 1164 197 1217 θεοῦ
209 1160 298 1216 γέννημα
311 1159 395 1215 λέγεται,
416 1157 453 1202 οῦκ
465 1156 693 1214 άμετόβλητοςῆοῦσία
703 1157 777 1212 αῦτοῦ,
797 1165 834 1215 τῆς
848 1164 929 1217 μεταβο-

143 1221 181 1283 λῆς
195 1229 345 1285 2ἐργαζομένης
359 1226 395 1283 τῆν
411 1229 459 1271 υἱοῦ
470 1229 598 1282 ι’διοποίησιν.
631 1228 687 1271 Εἰδέ
698 1230 728 1283 είη
739 1229 774 1271 καί
790 1227 929 1284 άμετάβλητος,

144 1299 179 1340 καὶ
190 1299 284 1354 γενέσεως
297 1300 391 1354 κρείττων
402 1294 416 1351 ἡ
428 1294 486 1339 οῦσία
497 1301 533 1340 τοῦ
544 1299 605 1350 θεοῦ,
624 1295 647 1340 τό
660 1294 711 1340 κατά
722 1296 757 1340 τόν
767 1295 813 1341 υίόν
823 1298 861 1348 ἕως
871 1302 932 1353 ψιλῆς

144 1369 280 1423 προςηγορίας
296 1364 472 1422 δμολογηθῆσεται.

61 1448 134 1488 μέμονε.
200 1435 281 1491 Ἀνατρ.
300 1433 358 1477 Ἔδει
370 1435 404 1490 μὲν
414 1430 451 1478 οῦν
463 1432 488 1477 οῦ
498 1435 560 1489 μόνον
569 1434 601 1487 σέ,
622 1433 694 1489 Ἀέτιε,
715 1434 764 1478 άλλά
780 1433 889 1479 καίπάντα
902 1438 931 1479 αἱ-

145 1502 222 1562 ρετικδν
235 1502 284 1560 μετά
293 1508 341 1559 μίαν
352 1507 461 1547 νουθεσίαν
472 1509 623 1560 παραιτεῖσθαι,
646 1501 674 1553 οἱς
685 1502 698 1547 ό
709 1502 767 1560 ῦγιος
779 1505 813 1547 καὶ
824 1503 889 1558 σοφός
900 1521 931 1548 κε-

144 1573 195 1617 λεῦει
206 1573 271 1630 λόγος.
301 1572 478 1628 Αῦτοκατάκριτος
491 1570 529 1629 γάρ
540 1571 648 1629 τυγχάνεις,
664 1573 727 1631 ἑαυτῷ
745 1571 780 1616 τόν
793 1572 878 1630 ῦλεθρον
889 1574 929 1617 ἔπι-

144 1642 250 1697 σπαίμενος
259 1643 295 1684 καί
304 1641 350 1696 οῦχί
359 1640 393 1695 ῦηί
404 1642 472 1697 ἑτέρου
483 1639 648 1697 άναγκαζόμενος.
670 1644 704 1692 Τίς
714 1636 752 1683 οῦν
763 1641 836 1696 έλεῆσει
842 1640 878 1685 τόν
886 1643 931 1685 ἔαυ-

144 1716 173 1770 τχῦ
187 1708 287 1767 πονηρόν,
308 1711 343 1752 καὶ
360 1709 428 1752 οῦδενὶ
445 1707 542 1765 3άγυθδν
552 1708 685 1766 τυγχάνοντα,Ι
711 1708 763 1752 Ἀλλ’
774 1712 807 1753 λ’να
817 1708 844 1766 μῆ
857 1709 888 1765 ἐφ’
900 1708 932 1761 οἷς

145 1779 267 1834 ἒβλάστησας
276 1783 304 1837 τῷ
316 1777 385 1838 κόσμῳ
398 1784 469 1828 κακοῖς
480 1780 502 1821 έν
514 1782 590 1836 σεαυτῷ
606 1779 657 1833 έχων
672 1776 823 1834 ῦπολαμβάνοις
842 1777 871 1829 υδς
885 1780 931 1836 περὶ

144 1847 234 1904 μεγάλων
243 1848 277 1890 καὶ
288 1847 409 1898 ἀντιθέτων,
431 1849 562 1901 ἐπιμενοῦμεν
572 1847 606 1890 καί
618 1847 677 1889 αῦτολ
692 1845 741 1902 μετά
754 1850 896 1904 μακροθυμίας
907 1853 932 1907 τῇ

143 1914 232 1974 διστόμῳ
250 1918 347 1974 μαχαίρμ,
367 1920 404 1959 τοῦ
414 1920 503 1972 Χριστοῦ
518 1914 581 1974 λόγῳ,
602 1915 729 1969 έκτέμνοντές
739 1929 776 1958 σου
788 1914 824 1967 τάς
835 1914 930 1959 άκανθοί-

143 1988 184 2034 δεις
195 1986 261 2040 ῥίζας,
284 1986 305 2027 έν
316 1990 341 2043 τῆ
353 1983 472 2043 ῦγιαινοῦση
483 1982 534 2040 πρός
549 1981 599 2026 θεόν
610 1986 672 2042 τελεία
684 1985 718 2026 καί
728 1982 815 2044 άληθινῆ
827 1982 929 2043 όμολογίμ.

144 2053 201 2104 Δόξα
215 2051 252 2109 γάρ
268 2058 297 2112 τῷ
308 2053 398 2107 έλεῆμονι
415 2058 443 2111 τῷ
459 2051 576 2109 φωράσαντί
592 2066 614 2095 σε
627 2050 698 2103 όποῖος
713 2050 741 2105 εί,
760 2051 798 2108 τῆν
812 2057 849 2097 τοῦ
860 2052 930 2097 Ἰούδα

143 2123 220 2176 ἐπέχων
231 2122 296 2174 τάξιν,
317 2125 353 2164 τοῦ
365 2120 401 2164 σῦν
411 2127 453 2171 τοῖς
466 2126 567 2174 μαθηταῖς
577 2120 613 2173 μὲν
623 2119 785 2176 άριθμηθέντος,
807 2120 930 2177 άφορισθέν-

143 2208 178 2240 τος
189 2191 222 2241 δέ,
237 2188 262 2233 οῦ
274 2194 362 2247 Χριστοῦ
372 2191 451 2244 έχοντος
462 2187 498 2231 τόν
508 2193 566 2242 νοῦν,
587 2187 626 2230 ἄλλ’
636 2190 658 2232 ἒκ
669 2194 706 2232 τοῦ
715 2193 799 2232 Σατανά
808 2188 929 2244 ὑποδεξαμέ-

142 2277 180 2302 νου
196 2258 233 2313 τῆν
247 2256 300 2315 πρός
314 2257 349 2300 τόν
364 2256 462 2311 δεσπότην
478 2255 541 2298 αῦτοῦ
556 2258 717 2312 ε’παρνησιθεΐαν.
757 2262 809 2316 Ψιλῆ
827 2256 865 2315 γάρ
879 2259 929 2309 λέξει

145 2326 277 2383 οδμολόγησας
292 2325 327 2368 τόν
344 2324 390 2367 υίδν
406 2328 443 2367 τοῦ
462 2329 513 2367 θεοῦ
529 2325 579 2379 ἔχειν
597 2326 619 2366 ἐν
633 2328 658 2382 τῆ
673 2327 757 2382 διανοίᾳ.
788 2326 829 2368 Καὶ
844 2329 874 2376 τίς
888 2327 929 2370 ἔστι

144 2398 199 2451 χρεία
211 2396 303 2451 περὶτῆς
315 2392 366 2449 πρός
379 2393 400 2436 σέ
410 2397 488 2445 λαλιᾶς,
508 2389 569 2435 όπότε
582 2390 711 2435 παντάπασιν
722 2391 823 2451 άλλότριος
835 2398 928 2452 Χριστια-

145 2468 187 2506 νῶν
199 2460 304 2519 ῦπάρχεις,
324 2466 437 2517 προφητῶν
450 2478 471 2503 τε
481 2462 515 2504 καὶ
531 2458 647 2504 άποστόλων
661 2462 695 2504 καὶ
707 2460 859 2520 εῦαγγελιστῦν,
880 2480 928 2519 μαρ-

144 2531 210 2588 τῦρων
220 2548 240 2573 τε
251 2533 286 2574 καὶ
296 2530 376 2574 πάντων
386 2536 426 2572 τῶν
436 2529 511 2586 άγίων,
531 2534 571 2572 τῶν
587 2530 661 2585 ἐλέγξαι
675 2544 697 2572 σε
713 2532 741 2581 είς
753 2529 830 2589 ἡμέραν
845 2535 929 2589 κρίσεως

144 2601 228 2656 ἑτοίμως
238 2598 333 2656 ἐχόντων,
352 2598 383 2643 ὅτι
393 2597 437 2656 ίίχρι
448 2597 540 2641 θανάτου
556 2596 706 2655 στρεβλούμενοι
721 2598 840 2656 ῦπέμειναν,
860 2614 928 2655 μαστι-

144 2668 234 2724 ζόμενοι,
250 2667 349 2723 ξεόμενοι,
369 2669 432 2724 θηρσί
444 2668 480 2710 καὶ
489 2668 539 2722 πυρί
550 2669 723 2723 παραβληθέντες,
744 2668 847 2727 καὶφόνω
858 2671 927 2725 μαχαί-

144 2756 190 2795 ρας,
211 2739 245 2781 ’ίνα
257 2735 303 2781 υἱόν
313 2742 364 2781 θεοῦ
378 2735 436 2790 ῦντα,
457 2737 491 2779 καί
503 2733 596 2787 ἐξαῦτοῦ
611 2735 713 2792 άληθινῦς
725 2739 878 2795 γεγεννημένον,
900 2736 927 2793 μῆ

143 2805 270 2864 άρνῆσουται.
300 2805 418 2862 Γενυητικδς
429 2804 467 2864 γάρ
479 2803 490 2849 0‘
500 2804 565 2861 πατὴρ
577 2805 641 2861 μόνου
651 2812 782 2865 μονογενοῦς,
796 2809 831 2851 καί
841 2806 877 2864 οῦχ
887 2809 926 2851 έτέ-

144 2895 182 2934 ρου
193 2875 247 2928 τινός
256 2878 286 2920 έτι
298 2875 346 2932 μετά
357 2876 392 2921 τόν
404 2878 450 2930 ἕνα,
470 2877 505 2918 καί
516 2872 663 2935 άνομβρητικῦς
678 2877 791 2933 πνεύματος
801 2875 870 2935 άγίου,
892 2877 926 2922 καὶ

144 2946 181 3004 οῦχ
197 2948 265 3006 έτέρου
281 2946 405 3002 πνεύματος,
424 2943 505 3001 κτιστῆς
514 2945 536 2989 δέ
548 2936 581 2990 καὶ
597 2946 682 3003 ποιητὴς
694 2951 735 2991 νῦν
749 2944 783 2991 ὑπ’
796 2946 859 2992 αῦτοῦ
871 2964 925 3006 γενο-

160 3043 183 3076 ί.
195 3044 250 3086 Supra
262 3039 298 3079 ἀλλ’
310 3038 336 3078 ον’.
570 3041 587 3076 2.
599 3041 719 3088 ἐργασαμένης
731 3053 785 3085 ευμεν.
