1988 3392
143 209 184 252 196
430 218 513 253 smum
524 218 642 253 εειεειεαιι

142 311 174 342 σιν
191 295 254 354 μόνον
270 300 360 354 θεωρίας
376 298 416 343 ἐστὶ
431 295 453 342 τό
466 295 621 354 ἐκτυποῦμενον.
651 298 693 342 Καί
708 294 736 349 ῶς
748 296 783 355 μὲν
792 295 846 356 πρός
855 294 930 357 Ἀρεια-

143 367 193 420 νοῦς
203 367 253 419 τοῦς
264 368 344 414 κτιστόν
357 373 472 426 νομίζοντας
483 362 519 413 τόν
529 369 575 414 υίόν
585 374 623 414 τοῦ
634 374 686 414 θεοῦ
698 371 732 413 καὶ
744 368 767 414 τό
779 368 838 426 ῦγιον
852 374 931 426 πνεῦμα

56 458 95 489 pag.
105 450 136 480 τισ.
145 441 224 496 ίσγυσεν
238 437 263 483 όίν
273 437 285 483 ό
295 439 367 483 τοῦτον
377 438 447 495 λόγος,
464 437 492 489 ῶς
502 441 537 482 κοιλ
548 438 633 497 ι’ίστερον
645 438 679 483 ὑπ’
689 437 755 482 αὐτῶν
765 443 805 482 τῶν
817 436 930 496 Ἀρειανῶν,

143 510 195 563 φημὶ
207 509 229 551 δὲ
240 514 280 552 τῶν
291 510 337 564 περί
348 505 460 560 Εῦδόξιον,
480 509 516 551 καί
530 507 663 562 Μηνόφιλον,
682 509 716 551 καὶ
732 505 814 558 όίλλονς,
835 508 869 550 καὶ
881 505 931 551 ἄπο-

143 576 242 627 σόνακτος
252 575 357 633 γενόμενος
368 575 467 632 διήλεγχεν
480 576 513 619 ἐπὶ
523 580 559 618 τοῦ
570 577 667 629 βασιλέως
677 575 732 628 τότε,
747 575 785 628 ὅτι,
799 572 886 625 Ὁποίως
895 576 939 618 αὔ·-

143 646 175 687 τολ
188 646 276 699 έχουσιν,
296 642 334 698 ε’γῶ
349 644 398 697 ἐγω,
419 642 447 692 ῶς
460 644 495 686 καὶ
511 641 569 686 αῦτοὶ
582 642 663 696 πάντες,
685 642 724 685 ἄλλ’
736 642 748 685 δ
762 643 838 696 ἐνέμοί
850 640 931 697 οίληθές,

144 710 203 754 αῦιοὶ
218 710 362 767 κρυπτοίζονσι,
383 712 418 753 καί
433 709 494 767 δέγῶ
505 716 608 765 τηλαυγῶς
624 708 743 763 ῦπαφαίνω,
764 711 814 753 5καὶ
832 708 931 766 όμολογῶ,

144 775 200 823 οὗτοι
210 778 284 828 ποίντες
293 776 318 821 τοί
330 777 382 821 αῦτιλ
393 779 483 835 λέγουσι,
504 776 651 835 κρυπτόζονται
662 779 693 821 δέ·
716 782 768 821 6τοῦ
779 777 824 821 τότε
836 779 932 833 βασιλέως

80 882 83 887 .
143 846 181 892 οῦκ
191 848 286 899 ἐναντίως
297 847 377 904 έχοντος
388 845 440 906 πρός
449 845 486 904 τήν
494 846 599 907 Ἀρειανήν
610 850 783 908 δραματουργίαν,
804 846 854 893 αἰλλνί
866 850 932 906 δῆθεν

144 917 232 975 εὐσεβεῖν
241 922 361 975 νομίζοντος.
394 918 421 964 Τό
433 919 469 976 μὲν
482 917 519 978 γῦρ
530 922 602 974 κτίσμα
612 917 717 977 ὁμολογεῖν
726 918 762 964 τόν
774 918 820 964 υίόν
830 924 868 965 τοῦ
880 923 932 965 θεοῦ

143 988 305 1047 παραιτούμενος
322 987 441 1047 ἠγανάκτει,
460 992 495 1034 καί
514 992 542 1041 είς
557 988 693 1049 ῦπερορισμδν
708 991 822 1044 κατέταξεν,
844 987 872 1040 οίς
888 986 932 1033 ίίνω

144 1058 300 1116 προδεδήλωται.

51 1125 97 1171 Κεφ·
111 1123 133 1161 δ’·
203 1125 309 1170 Ἐντεῦθεν
319 1125 369 1183 ἆρχή
378 1131 414 1181 τῆς
427 1126 521 1181 αἱρέσεως
530 1127 641 1182 γεγένηται,
656 1128 691 1169 καί
702 1125 742 1170 ἆπό
752 1132 788 1181 τής
799 1131 846 1181 μιῦς
854 1124 932 1170 ῦποθέ-

144 1210 194 1245 σεως
205 1197 234 1245 είς
248 1192 324 1248 πολλήν
341 1199 410 1236 κακῶν
426 1192 493 1248 φορόν
508 1191 581 1250 α’ρθείς
596 1192 669 1248 όοίνήρ
686 1193 723 1249 τήν
741 1194 833 1251 διάνοιαν
846 1196 933 1244 Ιδεινῶς

143 1264 266 1318 κατέτρωσεν
280 1263 354 1304 ἑαυτοῦ
369 1260 406 1315 τήν
415 1259 494 1316 ψυχήν,
515 1262 550 1304 καί
567 1260 688 1320 2τῶναῦτηῦ
700 1263 831 1305 πεισθέντων.
859 1260 932 1315 Ἐφαν-

143 1329 245 1386 τασιυίσθη
255 1328 293 1387 γοίρ
305 1324 365 1380 οὗτος
376 1328 459 1386 ῦστερον
471 1331 534 1372 εἰπεῖν
543 1328 605 1379 αῦτός
614 1346 634 1372 τε
645 1331 679 1373 καί
690 1332 711 1373 σί
719 1327 753 1373 τίετ’
764 1330 828 1374 αὐτοῦ
840 1337 930 1386 μεμαθη-

143 1401 234 1456 τευμένοι
246 1398 288 1453 ὅτι,
311 1398 393 1454 Οῦτως,
414 1399 474 1455 φησί,
495 1397 530 1443 τόν
543 1397 594 1443 θεόν
607 1400 713 1456 ἐπίσταμαι
721 1401 878 1459 τηλαυγέστατα,
897 1401 932 1445 καί

143 1477 239 1516 τοσοῦτον
256 1468 318 1514 αῦτόν
335 1471 442 1526 ἐπίσταμαι
459 1471 494 1513 καί
509 1468 567 1524 οἶδα,
589 1468 637 1521 όίςτε
658 1469 686 1526 μή
706 1472 779 1515 εἰδέναι
798 1470 885 1527 ἐμαυτόν
906 1469 934 1522 ῶς

143 1541 194 1585 θεόν
208 1545 298 1596 3μυῖλλου
310 1542 422 1595 ἐπίσταμαι.
446 1538 507 1582 ’Ἁλλα
518 1541 539 1583 δέ
549 1539 586 1583 ὅσα
597 1541 643 1597 περὶ
656 1540 729 1584 τοῦτου
741 1539 866 1596 οἲκηκιίαμεν,
881 1544 933 1584 4κα-

84 1622 87 1626 ·
143 1610 189 1660 θῶς
203 1612 274 1660 δεινῶς
287 1607 299 1651 ό
312 1608 405 1663 διάβολος
423 1607 464 1651 κατ’
481 1607 545 1651 αὐτοῦ
563 1607 711 1663 ἐμηχανήσατο,
734 1609 801 1663 ψυχας
816 1600 933 1665 ἀνθρώπων

144 1679 292 1720 δελεασθέντων
302 1675 403 1719 οίπολέσαι,
434 1677 475 1717 Καὶ
488 1674 526 1732 γόρ
538 1676 576 1718 οῦκ
588 1674 655 1731 λέγεται
665 1675 734 1726 αὐτοῖς
746 1678 850 1732 περὶβίου
864 1673 933 1731 σεμνό-

143 1763 214 1799 τητος,
235 1743 261 1788 οῦ
273 1746 318 1801 περὶ
332 1748 438 1798 νηστειῶν,
461 1743 486 1787 οῦ
502 1745 549 1799 περί
561 1742 688 1798 ἐνταλμότων
703 1749 765 1796 θεοῦ,
786 1743 811 1787 οῦ
822 1746 867 1798 περί
879 1761 934 1793 τινος

144 1813 213 1868 ἑτέρον
230 1816 270 1855 τῶν
288 1814 316 1862 εἰς
332 1810 384 1866 ζωήν
402 1810 523 1867 όιυθριόποις
538 1812 560 1854 ἐκ
574 1816 626 1854 θεοῦ
641 1812 824 1866 προςτεταγμένων,
845 1810 933 1866 ἢμόνον

143 1879 250 1938 πρόχειρος
260 1878 349 1931 αῦτοῖςὸ
359 1880 418 1937 λόγος
430 1877 455 1922 δι’
466 1878 510 1930 ἓνδς
521 1878 609 1937 ῥήματος
618 1878 640 1923 τδ
651 1885 697 1924 πᾶν.
716 1878 752 1931 Ὡς
763 1882 783 1924 εί
790 1897 820 1931 τις
831 1877 871 1924 οίπδ
884 1879 933 1936 νηδς

144 1953 219 2009 ῥίψας,
239 1951 274 1995 καί
289 1948 326 2006 τήν
337 1955 404 1994 πᾶσαν
416 1948 501 2006 ἐκβολήν
514 1954 551 1994 τοῦ
562 1949 636 2003 παντός
649 1950 744 2008 5φόρτον
755 1950 851 2007 ποιήσας,
872 1950 932 1995 κατοί-

143 2036 180 2082 σγη
192 2021 215 2065 δὲ
226 2022 247 2065 έν
259 2039 277 2065 τι
290 2025 331 2065 τῶν
342 2022 364 2065 ἐν
374 2026 402 2080 τῷ
412 2023 475 2080 πλοίφ
486 2022 647 2076 ἐμβεβλημένων,
668 2020 756 2079 κεροίμον
766 2022 787 2065 τέ
797 2039 860 2077 φημι,
880 2018 895 2077 ή
905 2039 932 2065 τι-

142 2109 178 2143 νος
190 2091 271 2148 ἕτέρου,
286 2089 315 2140 ῶς
326 2090 428 2134 δῦνασθαι
441 2088 467 2133 δι’
479 2089 523 2140 ἕνός
535 2090 620 2142 σκεῦους
631 2090 668 2134 τόν
680 2089 747 2134 ποίντα
759 2090 834 2134 πόντον
847 2089 933 2145 6διανή-

142 2164 228 2212 ξασθαι,
250 2160 472 2216 καίσωτηρίανέαυτῷ
483 2163 669 2214 προςπορίσασθαι,
692 2161 801 2211 σφαλέντος
811 2159 832 2201 δέ
843 2163 880 2201 τοῦ
892 2176 932 2202 τοτ-

143 2227 218 2277 οῦτου,
232 2228 268 2269 καί
282 2227 319 2280 οὐχ
332 2225 360 2276 ῶς
371 2225 501 2280 ὑπελάμβανε
512 2228 558 2282 περί
570 2230 608 2268 τοῦ
619 2224 667 2280 μεταλ
683 2230 754 2280 7χεῖρα
764 2225 849 2275 σκεύους
862 2224 885 2268 τό
898 2227 933 2269 κε’-

143 2311 180 2350 ρας
196 2291 301 2348 εῦρόντος,
323 2293 406 2350 ῦστερον
424 2291 550 2350 ῦποβρυχίου
566 2292 681 2350 γεγονότος,
704 2295 793 2336 ἐκπεσεῖν
812 2297 849 2347 τῆς
866 2292 933 2348 ποίσης

143 2363 278 2417 πραγματείας
296 2363 364 2405 τεκαὶ
377 2363 483 2416 σωτηρίας·
505 2360 558 2404 οῦτω
575 2362 610 2404 καὶ
626 2355 685 2411 οὗτος
701 2359 713 2403 ό
727 2358 811 2414 Ἇὲτιος,
832 2362 867 2404 καί
881 2363 903 2405 οἱ
912 2364 932 2413 ἐξ

143 2428 207 2475 αὐτοῦ
220 2428 332 2487 Ἇνόμοιοι,
353 2432 382 2482 εἰς
393 2431 454 2487 μέσον
474 2430 569 2488 φέροντες
580 2427 602 2475 τό
615 2428 677 2489 ρἠτδν
689 2427 712 2474 τό
728 2426 768 2475 ῦπό
781 2436 818 2475 τοῦ
827 2434 899 2489 κυρίου
911 2433 932 2476 ἐν

142 2505 172 2561 τῷ
187 2499 293 2561 εῦαγγελίφ
314 2503 417 2560 εἰρημένον
434 2500 473 2557 τήν
494 2501 530 2557 μὲν
551 2501 603 2552 λέξιν
618 2499 754 2558 ῦφηγοῦντατ,
774 2501 811 2558 τήν
830 2503 853 2545 δέ
871 2500 932 2559 αῦτής

144 2570 231 2626 δύναμιν
246 2571 286 2614 οῦκ
299 2570 369 2626 ὀρθῶς
379 2573 494 2627 κατέχοντες
506 2570 612 2622 σφάλλεται
624 2573 658 2614 καί
668 2570 794 2625 σφάλλονται.
818 2570 882 2615 ’Όταν
893 2571 931 2629 γοίρ

57 2657 95 2688 11⁸3·
105 2649 135 2679 ⁹1⁷·
145 2640 216 2690 αὐτοῖς
226 2639 338 2696 περιτῦγοιέ
347 2657 388 2693 τις,
403 2641 493 2696 καὶπερὶ
505 2641 591 2682 ἐντολῶν
602 2638 733 2695 ῦπομνήσειε,
747 2646 807 2684 τοῦτο
818 2639 932 2695 φοίσκονσιν

143 2707 171 2760 ῶς
186 2710 243 2764 8έφη
254 2707 276 2752 τό
288 2709 360 2764 ρἠτόν,
380 2709 422 2762 ότι,
440 2708 505 2752 Οῦδέν
519 2708 587 2764 ἕτερόν
599 2710 651 2751 ἔστιν
662 2708 674 2752 δ
686 2715 739 2763 ζητεῖ
747 2708 798 2759 θεός
808 2708 854 2766 παρ’
866 2708 931 2764 ήμῶν,

142 2775 364 2833 ἄλλ’ίναγινοίσκωμεν
378 2776 441 2819 αῦτδυ
454 2775 528 2831 μόνον,
550 2775 744 2832 ῶςκαίόΧριστδς
757 2778 807 2830 έφη,
828 2778 889 2831 φησί,
909 2779 932 2820 ἐν

141 2849 169 2901 τῷ
180 2845 243 2900 λέγειν
253 2842 325 2896 αῦτόν,
340 2843 382 2893 Δός
394 2842 472 2896 αὐτοῖς,
489 2842 563 2898 καίτερ,
585 2846 636 2899 ἐχειν
646 2846 668 2887 ἐν
679 2845 758 2892 ἑαυτοῖς
768 2841 830 2897 ζωήν·
845 2842 896 2899 αῦτη
909 2844 932 2887 δέ

141 2912 194 2955 ἐστιν
205 2909 219 2966 ή
229 2910 281 2967 ζωή,
295 2913 330 2954 ’ίνα
340 2911 452 2968 γινῶσκωσί
462 2925 483 2955 σε
494 2908 530 2954 τόν
541 2909 604 2965 μόνον
615 2910 714 2967 ἀληθινόν
725 2910 787 2963 θεόν,
802 2911 838 2954 καὶ
848 2911 873 2956 δν
883 2909 931 2956 οἷπέ-

164 2995 180 3027 5.
192 2992 223 3029 καὶ
231 2995 329 3037 particulam
337 3004 369 3028 κου
379 2998 467 3038 αρκοττνω
478 2993 526 3028 codd.
573 2994 613 3029 Gn».
625 2995 654 3029 IV.
664 3013 687 3021 -·
711 2995 726 3028 1.
739 2989 795 3034 δεινός
806 2994 840 3029 cod.
852 2995 918 3039 Βασιλὶς.

141 3049 178 3075 mss.
197 3043 227 3075 len.
240 3042 305 3086 λλιιίίρ.
330 3042 434 3077 Scribendum
449 3043 524 3084 suspicor
569 3041 586 3076 2.
600 3044 645 3077 Libri
655 3044 704 3085 νυίςο
716 3039 751 3077 τῶν
766 3036 822 3078 αῦτῶι
835 3038 883 3089 οῦτῷ
894 3054 931 3078 πει-

141 3081 245 3133 δὸμολογῶ.
547 3088 626 3125 οδέυτων.
659 3089 764 3124 Scribandum
787 3088 853 3131 sortasse
873 3085 929 3126 αὐτῶν

164 3134 181 3169 fi.
192 3134 397 3178 ΡιίαυῖνεμαίαῦοίἊλλά
402 3137 433 3172 τοῦ
440 3132 481 3172 τότε
486 3135 524 3171 κτλ.
547 3135 582 3171 τῶν
594 3133 641 3183 αὐτῷ
655 3135 764 3172 πεισθέντων.
