1988 3392
246 242 338 277 rnunnrr
350 243 392 275 uus.
402 245 432 278 nr.
443 244 499 278 ronr.
507 244 528 277 n.
540 243 608 279 naun.
621 242 698 278 cxxx.
826 234 867 276 473

83 325 156 377 mitiis,
179 322 324 376 oblationibus,
346 337 369 364 ac
381 324 463 380 reliquis
476 325 495 366 id
506 338 578 381 gertus.
610 322 668 379 Quae
681 323 755 366 eumin
768 330 867 381 potestate

83 410 119 439 sua
135 392 234 445 babeant,
258 392 329 449 quibus
345 393 477 448 regendorum
494 408 504 435 a
522 394 559 436 deo
575 393 693 450 populorum
710 400 741 435 est
761 394 867 436 commissa

83 462 197 523 provincia,
218 461 288 504 borum
304 468 371 504 tamen
382 461 428 504 usui
443 462 501 518 plene
514 463 632 519 penitusque
644 476 684 504 non
698 461 813 518 indulgent,
835 462 869 519 qui

83 534 120 576 deo
136 531 224 589 perfecte
240 531 319 587 plaeere
334 544 357 573 se
371 531 424 573 velle
440 531 564 588 profitentur.

140 599 173 642 llli
184 599 237 642 enirn
248 599 327 642 tametsi
341 614 352 642 e
365 601 490 643 sacerdotum
503 615 585 642 nunnero
597 600 648 653 sint,
665 602 689 643 ad
703 600 824 643 sanctissimi
836 600 866 643 sui
879 602 921 646 Cap.
931 601 961 635 Vl·

83 670 191 714 secundum
204 669 262 710 deum
274 668 294 710 in
308 666 390 712 Cbristo
406 670 468 726 patris
480 669 610 711 imitationem
626 668 718 726 (Paulum
733 669 869 727 apostolorum

83 738 195 794 intelligo),
212 752 252 779 uon
264 752 333 780 omnes
345 738 435 794 quidem,
452 738 487 780 scd
499 738 587 795 plerique
599 746 665 780 tamen
679 741 702 782 ad
714 746 826 795 susceptam
839 739 868 780 di-

83 809 123 851 vini
141 807 198 850 uerbi
215 806 383 863 praedicationem
404 815 509 850 externam
531 821 624 849 manuum
645 822 726 864 operam
746 809 866 864 adiungunt;

83 891 221 934 quamcunque
236 877 314 920 demum
330 884 393 919 artem
406 876 471 933 adepti
487 876 538 930 sint,
562 876 613 932 quae
630 890 667 918 nec
683 891 694 919 e
709 877 804 934 dignitate
821 891 867 931 sua,

83 960 120 989 nec
132 946 156 988 ab
166 946 264 989 eeclesiae
277 960 325 988 cura
337 960 395 1001 quam
407 952 522 1003 perpetuam
535 952 620 1001 gerunt,
642 944 760 997 abhorreat,
781 953 803 988 ut
814 947 868 1003 ipso«

83 1030 126 1057 rum
147 1016 282 1068 couscientia,
304 1022 385 1072 praeter
403 1015 458 1056 illurn
476 1013 538 1055 diriui
555 1014 611 1056 verbi
627 1014 752 1071 praedicandi
770 1015 866 1069 laborem,

83 1085 206 1141 propriarum
217 1099 311 1127 mannum
322 1085 407 1126 fructum
420 1085 500 1135 terens,
517 1096 540 1125 ac
551 1097 596 1127 cum
607 1083 704 1140 sibiipsi,
722 1091 762 1125 turn
773 1084 868 1126 fratribus

83 1162 103 1197 et
114 1154 219 1210 egentibus
230 1153 297 1211 operis
311 1153 342 1195 sui
355 1159 458 1209 quaestum
470 1152 600 1208 impertiens,
615 1152 717 1209 voluptate
729 1153 867 1209 perfundatur,

83 1223 120 1265 boc
137 1229 169 1265 est
184 1229 224 1264 tam
241 1222 338 1279 primitias
352 1229 373 1264 et
386 1221 511 1273 oblationes,
534 1236 591 1278 quam
609 1220 660 1277 quod
678 1236 770 1264 manuum
789 1236 869 1265 suarum

84 1306 146 1348 opera
157 1290 223 1334 lucelli
234 1281 343 1347 quaesierit
353 1305 397 1333 cum
408 1290 506 1348 proximis
518 1290 560 1332 suis
578 1290 630 1332 ultro
642 1304 678 1347 pro
689 1290 768 1333 ardenti
778 1290 799 1332 in
810 1291 868 1334 deum

83 1374 151 1403 amore
166 1360 306 1402 communicet.
337 1359 399 1415 Atqui
415 1359 468 1402 nulla
484 1359 508 1400 ad
520 1358 539 1400 id
551 1359 650 1415 agendum
665 1359 786 1402 necessitate
803 1360 869 1402 coacti

82 1430 208 1485 damnatique
219 1436 274 1471 sunt.
305 1426 347 1472 Sed
360 1442 404 1470 cum
414 1427 537 1471 iustissimos
555 1428 606 1470 alios
621 1428 701 1470 labores
714 1437 734 1471 et
746 1429 868 1471 ecelesiasti-

83 1513 117 1541 cas
129 1498 271 1554 occupationes
288 1497 386 1550 habeant,
410 1504 430 1538 et
441 1511 478 1553 pro
494 1510 518 1538 co
533 1503 592 1555 atque
604 1510 688 1552 aequum
700 1504 732 1540 est
744 1498 770 1540 ali
781 1496 868 1540 indidem

82 1567 180 1618 debeant,
201 1566 323 1609 abundantia
339 1565 422 1621 quadam
438 1565 519 1607 virtutis
536 1573 557 1608 ct
567 1565 659 1622 prolixae
675 1566 784 1608 voluntatis
797 1567 817 1607 id
830 1567 868 1610 sibi

83 1636 151 1678 oneris
162 1636 274 1692 imponunt.
304 1633 384 1677 Etenim
401 1635 481 1676 divinus
491 1634 570 1676 illorum
581 1634 671 1687 animus,
692 1643 712 1677 et
723 1636 743 1677 in
755 1636 786 1677 dei
798 1635 869 1678 timore

84 1703 196 1756 stabilitus,
218 1704 324 1760 infusaque
336 1718 349 1745 a
359 1702 429 1759 spiritu
440 1710 509 1745 sancto
522 1703 606 1745 scientia
619 1703 731 1760 praeditus,
752 1704 868 1746 coelestium

84 1787 143 1829 opum
153 1786 202 1828 quae
215 1771 322 1815 iniustitia
333 1772 409 1828 positae
420 1779 467 1814 sunt
479 1771 579 1814 desiderio
589 1779 681 1824 tenetur,
697 1787 747 1829 quas
759 1788 803 1815 eum
811 1773 869 1816 laude

83 1847 104 1883 et
115 1841 194 1898 gloria,
216 1840 342 1897 egregiisque
356 1841 413 1882 lactis
424 1855 436 1882 e
447 1840 520 1882 divinis
533 1840 658 1897 dogmatibus
671 1855 694 1884 ac
707 1856 809 1885 sacrarum
826 1843 871 1885 lite·

83 1924 150 1952 rarum
167 1917 187 1951 et
200 1910 325 1952 oraculorum
340 1909 371 1951 dei
383 1908 524 1962 meditatione,
548 1917 606 1965 atque
621 1907 766 1952 cPsalmorum
782 1926 869 1953 concen-

84 1978 170 2020 tionibrrs
182 1985 203 2020 et
214 1978 357 2020 ecclesiasticis
374 1978 519 2030 conventibus,
542 1992 580 2020 nec
596 1993 636 2019 non
652 1986 673 2019 et
687 1980 763 2021 sanetis
779 1980 869 2033 ieiuniis,

85 2048 188 2099 castitate,
210 2046 361 2103 religiosissimo
376 2047 456 2089 vivendi
469 2046 575 2099 instituto,
598 2060 621 2088 ac
631 2054 701 2102 sponte
712 2048 749 2090 sibi
758 2048 833 2091 indicta
844 2050 870 2091 ob

84 2129 172 2158 amorem
187 2115 277 2158 institiae
293 2129 385 2157 manuum
404 2129 464 2171 opera
483 2122 640 2171 consequuntur.
672 2114 710 2157 Est
723 2124 744 2158 et
758 2118 795 2158 alia
809 2132 870 2173 quae·

84 2185 127 2226 dam
145 2184 226 2228 vivendi
243 2185 307 2227 foruna
320 2198 344 2225 ac
356 2183 474 2240 disciplina,
495 2198 533 2240 qua
549 2184 661 2226 istiusmodi
679 2187 787 2227 venerandi
805 2188 869 2229 nostri

84 2254 158 2296 iratres
174 2259 258 2295 utuntur
274 2253 306 2309 qui
320 2253 340 2294 iu
351 2245 499 2309 Mesopotamia
515 2253 535 2294 iu
553 2252 693 2307 monasteriis,
714 2269 763 2310 quas
775 2257 869 2297 Mandros

83 2323 193 2379 appellant,
211 2321 330 2363 domicilium
341 2322 437 2364 fixerunt.
469 2319 508 2376 eri
521 2329 540 2363 ct
551 2336 618 2364 comas
628 2321 744 2364 muliebrem
756 2323 777 2365 in
789 2317 869 2366 modum

84 2392 214 2447 promittunt,
231 2397 251 2433 et
263 2390 348 2433 cilicium
360 2391 461 2447 propalam
473 2391 575 2432 affectant.
607 2388 648 2432 Sed
661 2391 753 2433 nimirum
765 2394 870 2449 oportebat

83 2467 165 2503 sanctae
179 2459 276 2515 virginis,
297 2474 320 2500 ac
333 2466 414 2501 nostrae
431 2458 500 2501 matris
512 2459 610 2501 ecclesiae
627 2459 701 2502 liberos
712 2474 759 2503 esse
771 2462 870 2518 perbone-

84 2535 140 2582 stos,
163 2529 241 2570 domum
257 2534 374 2579 servantes,
397 2528 487 2583 deoque,
509 2529 542 2583 qui
560 2527 626 2569 abdita
643 2530 758 2585 occultaque
776 2531 832 2573 novit
846 2546 869 2573 ac
888 2538 947 2568 mata.

83 2597 146 2653 palam
158 2595 245 2652 praemia
259 2596 366 2652 persolvit,
383 2597 411 2638 uti
426 2596 576 2652 scriptumest,
591 2595 612 2637 iu
624 2596 691 2640 abdito
701 2598 823 2651 servientes,
839 2600 869 2642 id·
901 2575 916 2610 θ’
925 2575 938 2601 δ’

84 2679 122 2719 que
132 2666 217 2717 decore,
240 2671 320 2719 propter
334 2671 418 2707 exteros
431 2672 451 2706 et
464 2665 560 2717 honeste,
577 2664 627 2706 adeo
638 2673 660 2707 ut
671 2667 744 2709 nullam
755 2668 779 2709 ab
790 2668 870 2711 intuen-

84 2732 136 2775 tibus
153 2733 264 2775 mercedem
281 2739 314 2774 aut
330 2732 415 2787 gratiam
434 2740 583 2789 exspectarent.
615 2733 653 2776 Est
663 2736 715 2777 enim
732 2736 757 2777 ab
771 2737 869 2779 ecclesiae

84 2802 194 2844 catholicae
211 2808 231 2843 et
244 2801 378 2858 apostolorum
397 2802 488 2843 doctrina
503 2816 586 2858 prorsus
604 2803 691 2845 alienum
704 2804 789 2847 cilicium
805 2807 868 2861 palam

83 2872 242 2925 praeseferre,
264 2884 287 2911 ac
299 2883 375 2910 comam
388 2871 519 2911 summittere.
551 2874 654 2921 leaenam,
677 2873 741 2928 inquit
755 2874 865 2929 apostolus,
887 2884 901 2913 1.
910 2882 947 2912 cor.

84 2952 155 2979 comum
169 2942 246 2980 natrtbe
259 2953 297 2979 non
312 2939 376 2985 debet,
393 2953 436 2978 eum
450 2942 514 2992 inungo
528 2942 560 2980 dei
572 2942 600 2980 sit
613 2948 634 2980 et
644 2944 718 2993 glarea.
892 2919 947 2955 11‚1t·

83 3049 413 3096 darepuonduqttbroramestscriptura.
437 3052 465 3087 ἐκ·
487 3056 521 3087 rius
534 3055 586 3098 [vertit
601 3057 643 3088 enim
658 3066 706 3090 coma
719 3056 795 3100 extenta)
810 3061 871 3100 etpost

82 3097 170 3142 τειναμένη
184 3100 301 3133 rescribendum
314 3099 392 3132 iudicavit
405 3100 466 3135 conta·
488 3109 524 3134 cam
535 3102 616 3135 Petaetus.
