1988 3392
241 231 334 265 rinnau
345 231 388 264 cut
397 232 427 264 m.
439 231 517 271 roma.
528 230 597 264 unua.
605 228 687 262 cxxrr.
813 218 854 259 223

128 312 198 352 XLVl.
215 308 237 353 Si
254 311 356 367 ingenitus
373 318 393 353 et
404 311 453 353 deus
465 326 502 368 pro
513 326 553 353 nno
568 310 677 365 eodemque
689 315 804 360 sumantur,
825 307 856 349 in-

71 379 151 436 genitus
166 380 276 436 ingenitum
292 380 368 436 genuit.
401 378 436 422 Sin
454 381 554 422 diversum
572 379 662 436 quiddam
680 377 763 433 ingeniti
782 392 805 419 ac
824 376 855 418 dei

71 449 169 491 vocabula
184 449 298 500 declarant,
320 463 442 504 nequaquam
454 449 559 491 absurdum
573 456 604 491 est
620 448 677 506 derum
691 447 751 488 adeo
768 447 856 502 genitum

71 531 125 572 esse,
142 532 186 560 cum
198 525 282 574 uterque
295 517 319 558 ah
331 517 419 573 ingenita
431 518 541 560 substantia
551 518 647 573 originem
663 516 752 558 diruerit.

128 578 207 628 XLVll.
219 584 242 629 Si
254 593 300 628 ante
312 586 370 628 deum
383 585 523 628 nihilomnino
536 586 579 637 luit,
595 585 624 627 uti
636 599 708 627 revera
718 584 765 625 nihil
779 584 854 635 extitit,

71 655 152 697 denset
163 655 271 710 ingenitum
288 655 338 696 idem
349 655 405 711 plane
423 655 545 711 significant,
568 669 611 695 cum
625 655 692 709 genita
705 653 786 694 soboles
800 653 856 709 inge-

71 724 134 766 nitum
143 738 182 766 nou
194 717 291 766 admittat.
308 722 366 766 Unde
378 738 421 765 oum
434 725 472 765 deo
483 738 506 765 ac
517 731 573 779 patre
585 738 621 765 suo
633 723 692 765 simul
702 719 797 779 appellari
810 736 856 764 sese

71 807 111 834 non
127 793 207 850 patitur.

128 860 184 902 Deus
196 862 240 913 ille,
257 861 289 916 qui
300 875 312 901 a
325 861 378 902 nullo
391 860 430 901 alio
441 860 521 917 genitus
533 867 572 913 est,
589 860 660 915 quique
671 859 725 901 solus
737 874 796 902 verus
807 860 856 901 deus

71 929 96 971 ab
107 927 155 971 lesu
165 927 260 981 Christo,
284 929 316 984 qui
331 930 356 970 ab
372 943 396 970 eo
411 928 483 970 missus
496 935 551 981 erat,
573 928 682 984 appellatus
699 935 742 979 est,
765 927 855 980 Christo,

71 998 163 1053 inquam,
184 998 217 1053 qui
235 1011 308 1040 revera
324 1005 370 1038 aute
387 998 466 1039 saecula
477 997 542 1038 omnia
553 997 643 1047 extitit„
654 1004 723 1051 estque
738 996 781 1038 sine
797 998 856 1038 duliio

53 1087 54 1090 ¹
71 1067 139 1122 genita
156 1066 279 1117 substantia,
303 1080 363 1107 sanos
379 1079 416 1107 vos
434 1079 534 1121 sanasque
552 1072 573 1106 et
589 1064 700 1106 incolumes
717 1064 740 1105 ab
755 1066 856 1121 impietate

72 1135 171 1178 custodiat
181 1135 201 1176 in
210 1131 291 1177 Christo
301 1132 348 1176 lesu
359 1133 438 1175 domino
450 1141 528 1185 nostro,
544 1148 580 1190 per
590 1147 648 1189 quem
659 1132 723 1175 omnis
732 1133 795 1189 gloria
806 1134 857 1191 patri

73 1211 93 1245 et
107 1218 160 1245 nune
176 1211 196 1245 et
210 1218 290 1260 semper
305 1210 325 1243 et
341 1204 361 1244 in
377 1204 457 1245 saecula
473 1203 611 1253 saeculorum,
630 1202 702 1243 Amen.

287 1294 409 1329 HACTENUS
423 1295 483 1328 ΔΕΤΙΙ
495 1294 641 1327 OPUSCULUM.

130 1408 174 1450 Hoc
189 1408 250 1464 igitur
263 1408 476 1465 perniciosissimarum
489 1407 545 1449 Aonii
560 1408 715 1460 sententiarum,
736 1422 818 1464 quarum
832 1411 856 1451 ad

73 1491 110 1518 nos
127 1476 235 1533 particulae
256 1477 351 1532 quaedam
372 1483 518 1533 pervenerunt,
542 1476 659 1532 principium
679 1484 711 1517 est
731 1485 800 1519 nostra
819 1479 856 1520 hac
881 1473 883 1476 Α

72 1545 205 1601 disputatione
220 1544 359 1587 refellendum.
389 1542 467 1586 Ferunt
482 1543 535 1586 einim
553 1550 643 1585 trecenta
658 1544 729 1586 abillo
744 1547 858 1603 conscripta

72 1613 157 1668 capitula
172 1614 254 1655 istorum
268 1613 351 1665 similia,
373 1627 396 1654 ac
411 1612 536 1654 contumeliis
550 1613 637 1654 divinum
650 1613 671 1654 in
686 1627 759 1655 numen
773 1616 855 1655 referta.

72 1680 112 1722 Hic
124 1688 190 1723 autem
202 1682 283 1737 perinde
294 1695 318 1721 ac
329 1681 346 1723 si
359 1673 402 1737 quis
414 1681 498 1722 emortui
509 1680 610 1722 cuiusdam
624 1694 647 1721 ae
659 1682 764 1737 putrefacti
775 1697 857 1738 serpeu-

72 1749 99 1791 tis
110 1750 185 1805 peritus
196 1763 220 1790 ac
231 1749 332 1791 studiosus
343 1750 418 1791 artilex
429 1749 523 1804 reliquias
535 1756 594 1804 atque
606 1762 652 1790 ossa
663 1749 743 1805 legerit,
759 1751 787 1792 ita
797 1752 858 1807 pesti-

73 1818 128 1860 lerae
140 1818 193 1859 illius
209 1818 311 1860 doetrinae
324 1824 411 1872 partem,
434 1831 492 1873 quam
503 1817 527 1858 ad
540 1816 630 1859 homines
642 1817 769 1874 decipiendos
782 1818 857 1875 scripto

72 1886 107 1927 illo
119 1900 156 1928 suo
169 1887 192 1926 ad
204 1886 299 1941 quosdam
316 1885 362 1926 dato
379 1885 490 1936 commisit,
510 1898 534 1926 ao
546 1886 571 1926 de
584 1898 609 1926 eo
622 1893 714 1941 tanquam
727 1887 808 1943 egregio
821 1888 857 1929 ali-

73 1968 112 2010 quo
128 1968 188 2011 opere
204 1953 312 2009 gloriatur,
336 1953 406 2004 liuius,
427 1952 520 2008 inquam,
542 1960 618 2009 partem
637 1953 806 1998 lucubratiuncula
824 1956 858 1997 illa

73 2023 173 2074 continet,
195 2022 251 2063 cuius
264 2022 340 2063 initium
353 2021 502 2076 descripsimus.
534 2020 612 2076 Quibus
625 2022 649 2063 de
660 2023 737 2065 caussis
749 2032 769 2065 et
781 2038 818 2066 nos
830 2039 857 2066 ex

73 2090 177 2148 seripturis
192 2090 255 2133 sacris
268 2090 334 2132 divina
346 2090 441 2146 quaedam
453 2097 512 2145 atque
523 2090 658 2133 efficacissima
668 2091 756 2134 remedia
766 2093 790 2135 ab
800 2092 857 2135 initio

74 2160 171 2202 adfinem
185 2174 247 2216 usque
260 2158 388 2214 collegimus,
410 2172 436 2199 ex
452 2159 522 2215 quilius
528 2159 643 2225 'antidotum
656 2161 752 2216 quoddam
770 2162 857 2204 confeci-

73 2243 117 2271 mus
128 2229 149 2271 in
161 2243 230 2271 eorum
242 2228 326 2286 gratiam
337 2228 369 2285 qui
382 2227 407 2270 ali
418 2227 471 2270 illius
483 2242 562 2271 veneno
572 2244 595 2271 ac
606 2236 662 2285 peste
671 2230 736 2271 curari
747 2230 854 2274 voluerint.

74 2298 106 2340 Ac
118 2298 241 2354 singulorum
254 2299 394 2355 propemodum
410 2297 518 2340 verborum
530 2311 557 2341 ex
571 2298 700 2355 syllogisticis
713 2299 752 2341 illis
766 2300 856 2357 capitulis

74 2367 230 2409 conlutationem
246 2367 356 2409 istiusmodi
371 2366 500 2409 subiecimus.

303 2506 365 2539 AETll
377 2504 480 2537 ANOllIOEl
491 2503 622 2539 PRAEFATIO.

133 2572 231 2629 Quoniam
244 2573 388 2629 persecutionis
400 2573 453 2615 illius
464 2580 564 2630 tempore,
581 2588 638 2629 quam
652 2582 721 2617 contra
732 2589 769 2618 uos
782 2582 857 2635 tempo·

75 2642 121 2685 rarii
134 2643 211 2700 quidam
224 2642 313 2683 homines
324 2642 445 2695 excitarunt,
463 2643 551 2685 nornmlli
568 2657 594 2684 ex
605 2643 630 2684 iis
641 2658 691 2700 quos
707 2644 793 2688 diximus
804 2646 858 2688 inter

75 2711 113 2754 alia
125 2712 185 2754 multa
203 2712 317 2768 opusculum
335 2711 432 2766 quoddam
444 2711 535 2767 privatim
547 2727 559 2754 a
574 2712 631 2753 nobis
644 2713 779 2756 elucubratum
791 2716 815 2757 de
826 2717 856 2757 in-

75 2781 143 2837 genito
154 2781 191 2822 deo
203 2795 226 2823 ae
236 2780 304 2837 genito
314 2779 457 2835 surripientes,
473 2780 571 2837 plerisque
581 2780 652 2824 additis
663 2790 697 2824 aut
708 2783 810 2837 detractis,
826 2785 857 2826 in-

98 2940 125 2975 99.
138 2937 210 2986 diqudg
220 2944 263 2975 abest
274 2942 322 2984 infra.
502 2942 516 2976 1.
534 2955 572 2987 „pp
589 2940 682 2988 triadum«
699 2946 756 2986 tupiter
770 2948 788 2977 tn
802 2942 864 2988 πεπρ(

100 2987 136 3021 100.
150 2987 215 3031 σωτῆρι
225 2989 275 3030 infra.
459 3001 461 3003 ’
477 2990 514 3021 edit.
525 2990 580 3022 Peleu.

100 3032 137 3066 101.
149 3035 174 3077 τῷ
186 3033 222 3078 θεῷ
233 3033 263 3068 καὶ
273 3032 325 3076 πατρὶ
336 3035 383 3076 infra.
499 3035 516 3067 2.
529 3033 546 3068 o
557 3035 612 3080 καιρῷ
622 3034 652 3070 τοῦ
663 3034 782 3081 ἐπενεχθέντος
793 3039 857 3080 tepeba-

100 3078 137 3112 102,
150 3078 179 3113 καὶ
191 3075 219 3113 ἀεὶ
230 3082 273 3113 abest
284 3081 333 3122 infra.
475 3084 502 3114 tor
512 3090 566 3122 supro.
764 3085 766 3087 ’
