<?xml version="1.0" encoding="UTF-8"?>
<!DOCTYPE html PUBLIC "-//W3C//DTD XHTML 1.0 Transitional//EN"
    "http://www.w3.org/TR/xhtml1/DTD/xhtml1-transitional.dtd">
<html xmlns="http://www.w3.org/1999/xhtml" xml:lang="en" lang="en">
 <head>
  <title>
</title>
<meta http-equiv="Content-Type" content="text/html;charset=utf-8" />
  <meta name='ocr-system' content='tesseract 3.04.00' />
  <meta name='ocr-capabilities' content='ocr_page ocr_carea ocr_par ocr_line ocrx_word'/>
</head>
<body>
  <div class='ocr_page' id='page_1' title='image "./MN41650ucmf_1/MN41650ucmf_1_0155.png"; bbox 0 0 1988 3392; ppageno 0'>
   <div class='ocr_carea' id='block_1_1' title="bbox 236 221 855 266">
    <p class='ocr_par' dir='ltr' id='par_1_1' title="bbox 236 221 855 266">
     <span class='ocr_line' id='line_1_1' title="bbox 236 221 855 266; baseline -0.002 -2"><span class='ocrx_word' id='word_1_1' title='bbox 236 229 330 264; x_wconf 78' lang='lat' dir='ltr'><em>annnam</em></span> <span class='ocrx_word' id='word_1_2' title='bbox 342 230 385 264; x_wconf 81' lang='lat' dir='ltr'><em>nto.</em></span> <span class='ocrx_word' id='word_1_3' title='bbox 393 231 424 265; x_wconf 81' lang='lat' dir='ltr'><em>tu.</em></span> <span class='ocrx_word' id='word_1_4' title='bbox 435 231 492 266; x_wconf 79' lang='lat' dir='ltr'><em>rom.</em></span> <span class='ocrx_word' id='word_1_5' title='bbox 499 231 513 264; x_wconf 88' lang='lat'><em>1.</em></span> <span class='ocrx_word' id='word_1_6' title='bbox 526 230 595 265; x_wconf 78' lang='lat' dir='ltr'><em>auen.</em></span> <span class='ocrx_word' id='word_1_7' title='bbox 603 229 685 264; x_wconf 80' lang='lat' dir='ltr'><em>Lxxru.</em></span> <span class='ocrx_word' id='word_1_8' title='bbox 813 221 855 263; x_wconf 82' lang='lat'><em>133</em></span> 
     </span>
    </p>
   </div>
   <div class='ocr_carea' id='block_1_2' title="bbox 61 309 965 3047">
    <p class='ocr_par' dir='ltr' id='par_1_2' title="bbox 64 309 856 440">
     <span class='ocr_line' id='line_1_2' title="bbox 67 309 856 370; baseline -0.001 -17"><span class='ocrx_word' id='word_1_9' title='bbox 67 309 154 370; x_wconf 73' lang='lat' dir='ltr'><em>pientiae</em></span> <span class='ocrx_word' id='word_1_10' title='bbox 169 323 241 353; x_wconf 90' lang='lat' dir='ltr'><em>nomen</em></span> <span class='ocrx_word' id='word_1_11' title='bbox 254 310 318 368; x_wconf 87' lang='lat' dir='ltr'><em>ipsum</em></span> <span class='ocrx_word' id='word_1_12' title='bbox 334 311 359 353; x_wconf 90' lang='lat' dir='ltr'><em>ad</em></span> <span class='ocrx_word' id='word_1_13' title='bbox 374 325 452 354; x_wconf 90' lang='lat' dir='ltr'><em>omnem</em></span> <span class='ocrx_word' id='word_1_14' title='bbox 467 312 566 369; x_wconf 86' lang='lat' dir='ltr'><em>passionis</em></span> <span class='ocrx_word' id='word_1_15' title='bbox 581 310 725 354; x_wconf 74' lang='lat' dir='ltr'>excludendam</span> <span class='ocrx_word' id='word_1_16' title='bbox 741 309 856 368; x_wconf 80' lang='lat' dir='ltr'>opinionem</span> 
     </span>
     <span class='ocr_line' id='line_1_3' title="bbox 64 379 145 440; baseline -0.037 -17"><span class='ocrx_word' id='word_1_17' title='bbox 64 379 145 440; x_wconf 80' lang='lat' dir='ltr'><em>sufficit.</em></span> 
     </span>
    </p>

    <p class='ocr_par' dir='ltr' id='par_1_3' title="bbox 61 446 965 2976">
     <span class='ocr_line' id='line_1_4' title="bbox 124 446 931 506; baseline 0.002 -16"><span class='ocrx_word' id='word_1_18' title='bbox 124 446 201 491; x_wconf 88' lang='lat' dir='ltr'><em>Veram</em></span> <span class='ocrx_word' id='word_1_19' title='bbox 214 463 253 504; x_wconf 91' lang='lat' dir='ltr'><em>qno</em></span> <span class='ocrx_word' id='word_1_20' title='bbox 264 448 344 490; x_wconf 90' lang='lat' dir='ltr'><em>tandem</em></span> <span class='ocrx_word' id='word_1_21' title='bbox 358 448 446 504; x_wconf 79' lang='lat' dir='ltr'>rapimur</span> <span class='ocrx_word' id='word_1_22' title='bbox 457 448 501 491; x_wconf 88' lang='lat' dir='ltr'><em>eins</em></span> <span class='ocrx_word' id='word_1_23' title='bbox 513 450 547 506; x_wconf 90' lang='lat' dir='ltr'><em>qui</em></span> <span class='ocrx_word' id='word_1_24' title='bbox 559 450 586 491; x_wconf 90' lang='lat' dir='ltr'><em>ita</em></span> <span class='ocrx_word' id='word_1_25' title='bbox 598 447 679 505; x_wconf 76' lang='lat' dir='ltr'><strong>scripsit</strong></span> <span class='ocrx_word' id='word_1_26' title='bbox 692 448 762 500; x_wconf 86' lang='lat' dir='ltr'><em>obliti,</em></span> <span class='ocrx_word' id='word_1_27' title='bbox 783 450 855 489; x_wconf 82' lang='lat' dir='ltr'><em>Oeltz&#39;-</em></span> <span class='ocrx_word' id='word_1_28' title='bbox 889 448 931 492; x_wconf 74' lang='lat' dir='ltr'><em>Gap.</em></span> 
     </span>
     <span class='ocr_line' id='line_1_5' title="bbox 67 494 965 574; baseline -0.001 -17"><span class='ocrx_word' id='word_1_29' title='bbox 67 520 112 558; x_wconf 90' lang='lat' dir='ltr'><em>tudo</em></span> <span class='ocrx_word' id='word_1_30' title='bbox 126 519 247 566; x_wconf 84' lang='lat' dir='ltr'><em>diuitiarum,</em></span> <span class='ocrx_word' id='word_1_31' title='bbox 269 519 374 569; x_wconf 81' lang='lat' dir='ltr'><em>sapc&#39;eutu&#39;cae</em></span> <span class='ocrx_word' id='word_1_32' title='bbox 389 520 562 558; x_wconf 62' lang='lat' dir='ltr'><em>etsm&#39;cutiaedeiss·</em></span> <span class='ocrx_word' id='word_1_33' title='bbox 584 532 641 571; x_wconf 84' lang='lat' dir='ltr'><em>quam</em></span> <span class='ocrx_word' id='word_1_34' title='bbox 656 494 965 574; x_wconf 44' lang='lat' dir='ltr'><em>tacomprebensibilzaffi{5¹52‘</em></span> 
     </span>
     <span class='ocr_line' id='line_1_6' title="bbox 66 583 855 636; baseline -0.001 -12"><span class='ocrx_word' id='word_1_35' title='bbox 66 592 112 625; x_wconf 84' lang='lat' dir='ltr'><em>sunt</em></span> <span class='ocrx_word' id='word_1_36' title='bbox 127 587 198 625; x_wconf 75' lang='lat' dir='ltr'><em>iuduere</em></span> <span class='ocrx_word' id='word_1_37' title='bbox 214 587 266 633; x_wconf 86' lang='lat' dir='ltr'><em>eius,</em></span> <span class='ocrx_word' id='word_1_38' title='bbox 287 592 308 624; x_wconf 88' lang='lat' dir='ltr'><em>et</em></span> <span class='ocrx_word' id='word_1_39' title='bbox 324 586 466 636; x_wconf 69' lang='lat' dir='ltr'><em>iuvestigabiles</em></span> <span class='ocrx_word' id='word_1_40' title='bbox 482 587 524 625; x_wconf 80' lang='lat' dir='ltr'><em>urite</em></span> <span class='ocrx_word' id='word_1_41' title='bbox 540 588 597 625; x_wconf 86' lang='lat' dir='ltr'><em>eius?</em></span> <span class='ocrx_word' id='word_1_42' title='bbox 625 583 672 626; x_wconf 90' lang='lat' dir='ltr'><em>Nos</em></span> <span class='ocrx_word' id='word_1_43' title='bbox 684 584 737 625; x_wconf 85' lang='lat' dir='ltr'><em>enim</em></span> <span class='ocrx_word' id='word_1_44' title='bbox 753 583 855 624; x_wconf 81' lang='lat' dir='ltr'><em>doctorem</em></span> 
     </span>
     <span class='ocr_line' id='line_1_7' title="bbox 67 650 855 707; baseline -0.004 -14"><span class='ocrx_word' id='word_1_45' title='bbox 67 650 162 693; x_wconf 82' lang='lat' dir='ltr'><em>babemus</em></span> <span class='ocrx_word' id='word_1_46' title='bbox 184 651 274 693; x_wconf 85' lang='lat' dir='ltr'><em>ueritatis</em></span> <span class='ocrx_word' id='word_1_47' title='bbox 295 651 396 707; x_wconf 81' lang='lat' dir='ltr'><em>spiritnm3</em></span> <span class='ocrx_word' id='word_1_48' title='bbox 424 665 481 707; x_wconf 90' lang='lat' dir='ltr'><em>quem</em></span> <span class='ocrx_word' id='word_1_49' title='bbox 504 651 561 692; x_wconf 86' lang='lat' dir='ltr'><em>nobis</em></span> <span class='ocrx_word' id='word_1_50' title='bbox 583 658 713 707; x_wconf 70' lang='lat' dir='ltr'>posteaquam</span> <span class='ocrx_word' id='word_1_51' title='bbox 735 650 756 690; x_wconf 93' lang='lat' dir='ltr'><em>in</em></span> <span class='ocrx_word' id='word_1_52' title='bbox 777 651 855 691; x_wconf 89' lang='lat' dir='ltr'><em>coelom</em></span> 
     </span>
     <span class='ocr_line' id='line_1_8' title="bbox 66 718 959 775; baseline -0.002 -13"><span class='ocrx_word' id='word_1_53' title='bbox 66 718 157 762; x_wconf 88' lang='lat' dir='ltr'><em>ascendit</em></span> <span class='ocrx_word' id='word_1_54' title='bbox 172 719 255 775; x_wconf 80' lang='lat' dir='ltr'><em>largitus</em></span> <span class='ocrx_word' id='word_1_55' title='bbox 273 727 305 762; x_wconf 88' lang='lat' dir='ltr'><em>est</em></span> <span class='ocrx_word' id='word_1_56' title='bbox 320 720 423 762; x_wconf 87' lang='lat' dir='ltr'><em>dominus:</em></span> <span class='ocrx_word' id='word_1_57' title='bbox 447 722 472 761; x_wconf 81' lang='lat' dir='ltr'><em>tu</em></span> <span class='ocrx_word' id='word_1_58' title='bbox 487 722 583 760; x_wconf 77' lang='lat' dir='ltr'><em>ozdeurnus</em></span> <span class='ocrx_word' id='word_1_59' title='bbox 594 735 643 774; x_wconf 87' lang='lat' dir='ltr'><em>quae</em></span> <span class='ocrx_word' id='word_1_60' title='bbox 654 734 667 760; x_wconf 90' lang='lat' dir='ltr'><em>a</em></span> <span class='ocrx_word' id='word_1_61' title='bbox 678 721 713 760; x_wconf 85' lang='lat' dir='ltr'><em>deo</em></span> <span class='ocrx_word' id='word_1_62' title='bbox 725 721 797 759; x_wconf 82' lang='lat' dir='ltr'><em>donata</em></span> <span class='ocrx_word' id='word_1_63' title='bbox 808 726 959 767; x_wconf 57' lang='lat' dir='ltr'><em>canticoram</em></span> 
     </span>
     <span class='ocr_line' id='line_1_9' title="bbox 66 789 889 846; baseline -0.005 -13"><span class='ocrx_word' id='word_1_64' title='bbox 66 790 132 833; x_wconf 66' lang='lat' dir='ltr'><em>nubta:</em></span> <span class='ocrx_word' id='word_1_65' title='bbox 153 793 173 832; x_wconf 79' lang='lat' dir='ltr'><em>ia</em></span> <span class='ocrx_word' id='word_1_66' title='bbox 185 805 222 846; x_wconf 81' lang='lat' dir='ltr'><em>quae</em></span> <span class='ocrx_word' id='word_1_67' title='bbox 233 793 369 846; x_wconf 84' lang='lat' dir='ltr'><em>elloquimur,</em></span> <span class='ocrx_word' id='word_1_68' title='bbox 390 805 428 832; x_wconf 85' lang='lat' dir='ltr'><em>nou</em></span> <span class='ocrx_word' id='word_1_69' title='bbox 444 793 463 832; x_wconf 87' lang='lat' dir='ltr'><em>ia</em></span> <span class='ocrx_word' id='word_1_70' title='bbox 479 791 551 831; x_wconf 78' lang='lat' dir='ltr'><em>edoctis</em></span> <span class='ocrx_word' id='word_1_71' title='bbox 563 789 854 844; x_wconf 79' lang='lat' dir='ltr'><em>buamuauesapientiueuerbis,</em></span> <span class='ocrx_word' id='word_1_72' title='bbox 885 800 889 814; x_wconf 85' lang='lat'>¹</span> 
     </span>
     <span class='ocr_line' id='line_1_10' title="bbox 65 862 853 916; baseline -0.003 -13"><span class='ocrx_word' id='word_1_73' title='bbox 65 863 100 903; x_wconf 83' lang='lat' dir='ltr'><em>sed</em></span> <span class='ocrx_word' id='word_1_74' title='bbox 108 875 121 902; x_wconf 94' lang='lat' dir='ltr'><em>a</em></span> <span class='ocrx_word' id='word_1_75' title='bbox 132 863 234 916; x_wconf 79' lang='lat' dir='ltr'><em>dc&#39;seipliuu</em></span> <span class='ocrx_word' id='word_1_76' title='bbox 251 864 332 916; x_wconf 80' lang='lat' dir='ltr'><em>spiratus</em></span> <span class='ocrx_word' id='word_1_77' title='bbox 344 864 428 916; x_wconf 86' lang='lat' dir='ltr'><em>acceptis</em></span> <span class='ocrx_word' id='word_1_78' title='bbox 432 893 439 912; x_wconf 85' lang='lat'><em>,</em></span> <span class='ocrx_word' id='word_1_79' title='bbox 459 862 581 915; x_wconf 79' lang='lat' dir='ltr'><em>spiritalibus</em></span> <span class='ocrx_word' id='word_1_80' title='bbox 598 862 696 916; x_wconf 83' lang='lat' dir='ltr'><em>spiritalia</em></span> <span class='ocrx_word' id='word_1_81' title='bbox 712 868 853 915; x_wconf 81' lang='lat' dir='ltr'><em>comparantes,</em></span> 
     </span>
     <span class='ocr_line' id='line_1_11' title="bbox 66 929 856 985; baseline -0.001 -14"><span class='ocrx_word' id='word_1_82' title='bbox 66 934 86 972; x_wconf 84' lang='lat' dir='ltr'><em>in</em></span> <span class='ocrx_word' id='word_1_83' title='bbox 103 945 140 984; x_wconf 87' lang='lat' dir='ltr'><em>quo</em></span> <span class='ocrx_word' id='word_1_84' title='bbox 158 932 238 971; x_wconf 76' lang='lat' dir='ltr'><em>eotenus</em></span> <span class='ocrx_word' id='word_1_85' title='bbox 254 939 274 971; x_wconf 91' lang='lat' dir='ltr'><em>et</em></span> <span class='ocrx_word' id='word_1_86' title='bbox 284 933 398 980; x_wconf 49' lang='lat' dir='ltr'><em>odoramus-</em></span> <span class='ocrx_word' id='word_1_87' title='bbox 420 930 477 972; x_wconf 90' lang='lat' dir='ltr'><em>cnins</em></span> <span class='ocrx_word' id='word_1_88' title='bbox 490 930 553 984; x_wconf 81' lang='lat' dir='ltr'><em>gratia</em></span> <span class='ocrx_word' id='word_1_89' title='bbox 567 929 676 984; x_wconf 80' lang='lat' dir='ltr'><em>ignominia</em></span> <span class='ocrx_word' id='word_1_90' title='bbox 689 930 796 982; x_wconf 88' lang='lat' dir='ltr'><em>afficimur,</em></span> <span class='ocrx_word' id='word_1_91' title='bbox 820 942 856 985; x_wconf 90' lang='lat' dir='ltr'><em>per</em></span> 
     </span>
     <span class='ocr_line' id='line_1_12' title="bbox 66 997 856 1056; baseline -0.003 -15"><span class='ocrx_word' id='word_1_92' title='bbox 66 1013 124 1055; x_wconf 88' lang='lat' dir='ltr'><em>quem</em></span> <span class='ocrx_word' id='word_1_93' title='bbox 142 999 250 1056; x_wconf 83' lang='lat' dir='ltr'><em>prophetae</em></span> <span class='ocrx_word' id='word_1_94' title='bbox 265 999 367 1042; x_wconf 86' lang='lat' dir='ltr'><em>vaticinati</em></span> <span class='ocrx_word' id='word_1_95' title='bbox 383 1006 441 1050; x_wconf 88' lang='lat' dir='ltr'><em>sunt,</em></span> <span class='ocrx_word' id='word_1_96' title='bbox 465 1012 477 1039; x_wconf 91' lang='lat' dir='ltr'><em>a</em></span> <span class='ocrx_word' id='word_1_97' title='bbox 493 1012 533 1053; x_wconf 90' lang='lat' dir='ltr'><em>quo</em></span> <span class='ocrx_word' id='word_1_98' title='bbox 546 997 593 1039; x_wconf 90' lang='lat' dir='ltr'><em>iusti</em></span> <span class='ocrx_word' id='word_1_99' title='bbox 606 997 696 1038; x_wconf 82' lang='lat' dir='ltr'><em>honrines</em></span> <span class='ocrx_word' id='word_1_100' title='bbox 707 1012 743 1053; x_wconf 88' lang='lat' dir='ltr'><em>per</em></span> <span class='ocrx_word' id='word_1_101' title='bbox 756 998 807 1039; x_wconf 88' lang='lat' dir='ltr'><em>viam</em></span> <span class='ocrx_word' id='word_1_102' title='bbox 821 998 856 1039; x_wconf 92' lang='lat' dir='ltr'><em>de·</em></span> 
     </span>
     <span class='ocr_line' id='line_1_13' title="bbox 66 1064 855 1123; baseline -0.003 -14"><span class='ocrx_word' id='word_1_103' title='bbox 66 1067 187 1121; x_wconf 86' lang='lat' dir='ltr'><em>ductisunt,</em></span> <span class='ocrx_word' id='word_1_104' title='bbox 209 1080 244 1123; x_wconf 86' lang='lat' dir='ltr'><em>per</em></span> <span class='ocrx_word' id='word_1_105' title='bbox 259 1081 317 1123; x_wconf 88' lang='lat' dir='ltr'><em>quern</em></span> <span class='ocrx_word' id='word_1_106' title='bbox 330 1067 459 1109; x_wconf 82' lang='lat' dir='ltr'><em>ecnuciliamnr</em></span> <span class='ocrx_word' id='word_1_107' title='bbox 472 1065 520 1108; x_wconf 87' lang='lat' dir='ltr'><em>[ilio.</em></span> <span class='ocrx_word' id='word_1_108' title='bbox 552 1065 605 1121; x_wconf 81' lang='lat' dir='ltr'><em>Qunid</em></span> <span class='ocrx_word' id='word_1_109' title='bbox 615 1066 687 1107; x_wconf 89' lang='lat' dir='ltr'><em>attinet</em></span> <span class='ocrx_word' id='word_1_110' title='bbox 698 1066 759 1121; x_wconf 83' lang='lat' dir='ltr'><em>igitur</em></span> <span class='ocrx_word' id='word_1_111' title='bbox 769 1064 791 1106; x_wconf 92' lang='lat' dir='ltr'><em>in</em></span> <span class='ocrx_word' id='word_1_112' title='bbox 802 1066 855 1107; x_wconf 89' lang='lat' dir='ltr'><em>illius</em></span> 
     </span>
     <span class='ocr_line' id='line_1_14' title="bbox 66 1132 856 1191; baseline -0.001 -15"><span class='ocrx_word' id='word_1_113' title='bbox 66 1142 157 1177; x_wconf 88' lang='lat' dir='ltr'><em>naturam</em></span> <span class='ocrx_word' id='word_1_114' title='bbox 168 1135 283 1191; x_wconf 73' lang='lat' dir='ltr'><em>inquirere?</em></span> <span class='ocrx_word' id='word_1_115' title='bbox 313 1132 388 1177; x_wconf 87' lang='lat' dir='ltr'><em>Nonne</em></span> <span class='ocrx_word' id='word_1_116' title='bbox 400 1135 450 1190; x_wconf 92' lang='lat' dir='ltr'><em>apud</em></span> <span class='ocrx_word' id='word_1_117' title='bbox 462 1147 500 1176; x_wconf 91' lang='lat' dir='ltr'><em>vos</em></span> <span class='ocrx_word' id='word_1_118' title='bbox 511 1134 541 1176; x_wconf 88' lang='lat' dir='ltr'><em>sie</em></span> <span class='ocrx_word' id='word_1_119' title='bbox 559 1141 653 1188; x_wconf 91' lang='lat' dir='ltr'><em>tanquam</em></span> <span class='ocrx_word' id='word_1_120' title='bbox 666 1133 766 1189; x_wconf 88' lang='lat' dir='ltr'><em>spiritales</em></span> <span class='ocrx_word' id='word_1_121' title='bbox 779 1147 856 1175; x_wconf 88' lang='lat' dir='ltr'><em>sermo-</em></span> 
     </span>
     <span class='ocr_line' id='line_1_15' title="bbox 66 1201 960 1257; baseline -0.007 -13"><span class='ocrx_word' id='word_1_122' title='bbox 66 1217 112 1244; x_wconf 89' lang='lat' dir='ltr'><em>nem</em></span> <span class='ocrx_word' id='word_1_123' title='bbox 125 1202 261 1244; x_wconf 69' lang='lat' dir='ltr'><em>instituimus?</em></span> <span class='ocrx_word' id='word_1_124' title='bbox 289 1201 342 1244; x_wconf 88' lang='lat' dir='ltr'><em>Nam</em></span> <span class='ocrx_word' id='word_1_125' title='bbox 354 1203 378 1243; x_wconf 93' lang='lat' dir='ltr'><em>ad</em></span> <span class='ocrx_word' id='word_1_126' title='bbox 390 1203 440 1244; x_wconf 90' lang='lat' dir='ltr'><em>alios</em></span> <span class='ocrx_word' id='word_1_127' title='bbox 450 1203 488 1243; x_wconf 87' lang='lat' dir='ltr'><em>ista</em></span> <span class='ocrx_word' id='word_1_128' title='bbox 500 1202 613 1257; x_wconf 81' lang='lat' dir='ltr'><em>pertinent:</em></span> <span class='ocrx_word' id='word_1_129' title='bbox 636 1204 729 1253; x_wconf 80' lang='lat' dir='ltr'><em>Quoniam</em></span> <span class='ocrx_word' id='word_1_130' title='bbox 738 1216 777 1241; x_wconf 82' lang='lat' dir='ltr'><em>uon</em></span> <span class='ocrx_word' id='word_1_131' title='bbox 785 1208 914 1254; x_wconf 70' lang='lat' dir='ltr'><em>passu-acor.</em></span> <span class='ocrx_word' id='word_1_132' title='bbox 922 1209 937 1245; x_wconf 83' lang='lat' dir='ltr'><em>a,</em></span> <span class='ocrx_word' id='word_1_133' title='bbox 946 1208 960 1238; x_wconf 81' lang='grc' dir='ltr'><em>ι.</em></span> 
     </span>
     <span class='ocr_line' id='line_1_16' title="bbox 65 1267 856 1324; baseline 0 -14"><span class='ocrx_word' id='word_1_134' title='bbox 65 1284 107 1310; x_wconf 85' lang='lat' dir='ltr'><em>mus</em></span> <span class='ocrx_word' id='word_1_135' title='bbox 122 1271 175 1310; x_wconf 84' lang='lat' dir='ltr'><em>cabis</em></span> <span class='ocrx_word' id='word_1_136' title='bbox 191 1272 245 1324; x_wconf 88' lang='lat' dir='ltr'><em>loqui</em></span> <span class='ocrx_word' id='word_1_137' title='bbox 256 1278 345 1324; x_wconf 87' lang='lat' dir='ltr'><em>tauquam</em></span> <span class='ocrx_word' id='word_1_138' title='bbox 360 1271 492 1323; x_wconf 73' lang='lat' dir='ltr'><em>spiritalibus,</em></span> <span class='ocrx_word' id='word_1_139' title='bbox 516 1272 551 1309; x_wconf 87' lang='lat' dir='ltr'><em>sed</em></span> <span class='ocrx_word' id='word_1_140' title='bbox 564 1277 654 1322; x_wconf 85' lang='lat' dir='ltr'><em>tanquam</em></span> <span class='ocrx_word' id='word_1_141' title='bbox 666 1270 785 1309; x_wconf 83' lang='lat' dir='ltr'><em>carnalibus.</em></span> <span class='ocrx_word' id='word_1_142' title='bbox 817 1267 856 1310; x_wconf 83' lang='lat' dir='ltr'><em>Est</em></span> 
     </span>
     <span class='ocr_line' id='line_1_17' title="bbox 65 1337 855 1394; baseline -0.003 -14"><span class='ocrx_word' id='word_1_143' title='bbox 65 1338 112 1380; x_wconf 88' lang='lat' dir='ltr'><em>ittut</em></span> <span class='ocrx_word' id='word_1_144' title='bbox 130 1352 179 1380; x_wconf 85' lang='lat' dir='ltr'><em>vero</em></span> <span class='ocrx_word' id='word_1_145' title='bbox 195 1339 335 1391; x_wconf 88' lang='lat' dir='ltr'><em>metuendum,</em></span> <span class='ocrx_word' id='word_1_146' title='bbox 359 1352 384 1379; x_wconf 92' lang='lat' dir='ltr'><em>ne</em></span> <span class='ocrx_word' id='word_1_147' title='bbox 400 1351 428 1380; x_wconf 85' lang='lat' dir='ltr'><em>ex</em></span> <span class='ocrx_word' id='word_1_148' title='bbox 441 1352 509 1379; x_wconf 90' lang='lat' dir='ltr'><em>earnm</em></span> <span class='ocrx_word' id='word_1_149' title='bbox 524 1351 654 1393; x_wconf 89' lang='lat' dir='ltr'><em>rerumquae</em></span> <span class='ocrx_word' id='word_1_150' title='bbox 666 1337 808 1394; x_wconf 86' lang='lat' dir='ltr'><em>comprehendi</em></span> <span class='ocrx_word' id='word_1_151' title='bbox 820 1351 855 1378; x_wconf 90' lang='lat' dir='ltr'><em>ne-</em></span> 
     </span>
     <span class='ocr_line' id='line_1_18' title="bbox 65 1405 862 1466; baseline 0 -17"><span class='ocrx_word' id='word_1_152' title='bbox 65 1414 140 1466; x_wconf 90' lang='lat' dir='ltr'><em>queunt</em></span> <span class='ocrx_word' id='word_1_153' title='bbox 151 1407 257 1451; x_wconf 91' lang='lat' dir='ltr'><em>ambitioso</em></span> <span class='ocrx_word' id='word_1_154' title='bbox 268 1407 347 1462; x_wconf 87' lang='lat' dir='ltr'><em>studio,</em></span> <span class='ocrx_word' id='word_1_155' title='bbox 370 1415 470 1451; x_wconf 89' lang='lat' dir='ltr'><em>eteorum</em></span> <span class='ocrx_word' id='word_1_156' title='bbox 483 1421 534 1464; x_wconf 89' lang='lat' dir='ltr'><em>qnae</em></span> <span class='ocrx_word' id='word_1_157' title='bbox 546 1405 665 1464; x_wconf 82' lang='lat' dir='ltr'><em>investigari</em></span> <span class='ocrx_word' id='word_1_158' title='bbox 677 1421 717 1450; x_wconf 93' lang='lat' dir='ltr'><em>non</em></span> <span class='ocrx_word' id='word_1_159' title='bbox 727 1414 812 1465; x_wconf 89' lang='lat' dir='ltr'><em>possunt</em></span> <span class='ocrx_word' id='word_1_160' title='bbox 824 1406 862 1449; x_wconf 56' lang='lat' dir='ltr'><em>in?</em></span> 
     </span>
     <span class='ocr_line' id='line_1_19' title="bbox 61 1477 950 1536; baseline -0.002 -16"><span class='ocrx_word' id='word_1_161' title='bbox 61 1478 172 1536; x_wconf 68' lang='lat' dir='ltr'><em>&#39;quisitionc</em></span> <span class='ocrx_word' id='word_1_162' title='bbox 188 1479 208 1521; x_wconf 88' lang='lat' dir='ltr'><em>in</em></span> <span class='ocrx_word' id='word_1_163' title='bbox 225 1478 341 1521; x_wconf 87' lang='lat' dir='ltr'><em>altissimam</em></span> <span class='ocrx_word' id='word_1_164' title='bbox 355 1477 463 1536; x_wconf 89' lang='lat' dir='ltr'><em>impictatis</em></span> <span class='ocrx_word' id='word_1_165' title='bbox 480 1477 596 1534; x_wconf 84' lang='lat' dir='ltr'><em>voraginem</em></span> <span class='ocrx_word' id='word_1_166' title='bbox 613 1477 733 1521; x_wconf 89' lang='lat' dir='ltr'><em>incidamus.</em></span> <span class='ocrx_word' id='word_1_167' title='bbox 763 1481 791 1519; x_wconf 87' lang='lat' dir='ltr'><em>Et</em></span> <span class='ocrx_word' id='word_1_168' title='bbox 801 1481 851 1529; x_wconf 66' lang='lat' dir='ltr'><em>dumi,</em></span> <span class='ocrx_word' id='word_1_169' title='bbox 862 1485 950 1525; x_wconf 65' lang='lat' dir='ltr'><em>mestum.</em></span> 
     </span>
     <span class='ocr_line' id='line_1_20' title="bbox 65 1550 855 1603; baseline -0.001 -13"><span class='ocrx_word' id='word_1_170' title='bbox 65 1551 146 1602; x_wconf 78' lang='lat' dir='ltr'><em>Sapaeos</em></span> <span class='ocrx_word' id='word_1_171' title='bbox 156 1563 201 1598; x_wconf 86' lang='lat' dir='ltr'><em>ero,</em></span> <span class='ocrx_word' id='word_1_172' title='bbox 224 1557 244 1589; x_wconf 90' lang='lat' dir='ltr'><em>et</em></span> <span class='ocrx_word' id='word_1_173' title='bbox 259 1552 301 1603; x_wconf 69' lang='lat' dir='ltr'><em>insa</em></span> <span class='ocrx_word' id='word_1_174' title='bbox 318 1550 460 1602; x_wconf 84' lang='lat' dir='ltr'><em>lougiusame</em></span> <span class='ocrx_word' id='word_1_175' title='bbox 474 1551 555 1589; x_wconf 79' lang='lat' dir='ltr'><em>recessit</em></span> <span class='ocrx_word' id='word_1_176' title='bbox 565 1562 621 1602; x_wconf 82' lang='lat' dir='ltr'><em>quam</em></span> <span class='ocrx_word' id='word_1_177' title='bbox 633 1555 687 1597; x_wconf 88' lang='lat' dir='ltr'><em>erat‚·</em></span> <span class='ocrx_word' id='word_1_178' title='bbox 710 1550 855 1589; x_wconf 83' lang='lat' dir='ltr'><em>etaltissuiuum</em></span> 
     </span>
     <span class='ocr_line' id='line_1_21' title="bbox 65 1614 854 1672; baseline 0.001 -15"><span class='ocrx_word' id='word_1_179' title='bbox 65 1624 94 1657; x_wconf 84' lang='lat' dir='ltr'><em>est</em></span> <span class='ocrx_word' id='word_1_180' title='bbox 102 1618 233 1670; x_wconf 76' lang='lat' dir='ltr'><em>profundum.-</em></span> <span class='ocrx_word' id='word_1_181' title='bbox 249 1620 292 1671; x_wconf 78' lang='lat' dir='ltr'><em>qzct&#39;s</em></span> <span class='ocrx_word' id='word_1_182' title='bbox 301 1620 384 1657; x_wconf 72' lang='lat' dir='ltr'><em>recenter</em></span> <span class='ocrx_word' id='word_1_183' title='bbox 394 1618 450 1657; x_wconf 80' lang='lat' dir='ltr'><em>allud.</em></span> <span class='ocrx_word' id='word_1_184' title='bbox 482 1614 635 1658; x_wconf 88' lang='lat' dir='ltr'><em>Meminerimus</em></span> <span class='ocrx_word' id='word_1_185' title='bbox 649 1616 701 1658; x_wconf 88' lang='lat' dir='ltr'><em>enim</em></span> <span class='ocrx_word' id='word_1_186' title='bbox 714 1616 758 1659; x_wconf 92' lang='lat' dir='ltr'><em>eius</em></span> <span class='ocrx_word' id='word_1_187' title='bbox 769 1618 803 1672; x_wconf 90' lang='lat' dir='ltr'><em>qui</em></span> <span class='ocrx_word' id='word_1_188' title='bbox 815 1618 854 1658; x_wconf 89' lang='lat' dir='ltr'><em>ista</em></span> 
     </span>
     <span class='ocr_line' id='line_1_22' title="bbox 66 1684 959 1738; baseline 0 -12"><span class='ocrx_word' id='word_1_189' title='bbox 66 1684 128 1726; x_wconf 82' lang='lat' dir='ltr'><em>dixit:</em></span> <span class='ocrx_word' id='word_1_190' title='bbox 149 1688 248 1737; x_wconf 73' lang='lat' dir='ltr'><em>Euporie</em></span> <span class='ocrx_word' id='word_1_191' title='bbox 258 1688 400 1738; x_wconf 77' lang='lat' dir='ltr'><em>cognoscimus,</em></span> <span class='ocrx_word' id='word_1_192' title='bbox 422 1693 443 1724; x_wconf 90' lang='lat' dir='ltr'><em>et</em></span> <span class='ocrx_word' id='word_1_193' title='bbox 451 1700 477 1724; x_wconf 79' lang='lat' dir='ltr'><em>ea</em></span> <span class='ocrx_word' id='word_1_194' title='bbox 485 1692 544 1738; x_wconf 79' lang='lat' dir='ltr'><em>purte</em></span> <span class='ocrx_word' id='word_1_195' title='bbox 557 1687 701 1738; x_wconf 78' lang='lat' dir='ltr'><em>prophetamus.</em></span> <span class='ocrx_word' id='word_1_196' title='bbox 734 1687 959 1729; x_wconf 74' lang='lat' dir='ltr'><em>aumuutemlcnaao.</em></span> 
     </span>
     <span class='ocr_line' id='line_1_23' title="bbox 65 1728 958 1806; baseline 0 -12"><span class='ocrx_word' id='word_1_197' title='bbox 65 1755 140 1794; x_wconf 85' lang='lat' dir='ltr'><em>venerit</em></span> <span class='ocrx_word' id='word_1_198' title='bbox 151 1755 203 1806; x_wconf 86' lang='lat' dir='ltr'><em>quod</em></span> <span class='ocrx_word' id='word_1_199' title='bbox 213 1755 320 1806; x_wconf 78' lang='lat' dir='ltr'><em>perfeetum</em></span> <span class='ocrx_word' id='word_1_200' title='bbox 332 1761 372 1802; x_wconf 86' lang='lat' dir='ltr'><em>est,</em></span> <span class='ocrx_word' id='word_1_201' title='bbox 388 1754 513 1793; x_wconf 74' lang='lat' dir='ltr'><em>evacuabitur</em></span> <span class='ocrx_word' id='word_1_202' title='bbox 522 1755 573 1806; x_wconf 85' lang='lat' dir='ltr'><em>quod</em></span> <span class='ocrx_word' id='word_1_203' title='bbox 584 1768 610 1792; x_wconf 79' lang='lat' dir='ltr'><em>ee</em></span> <span class='ocrx_word' id='word_1_204' title='bbox 615 1760 674 1806; x_wconf 83' lang='lat' dir='ltr'><em>parte</em></span> <span class='ocrx_word' id='word_1_205' title='bbox 684 1761 725 1793; x_wconf 85' lang='lat' dir='ltr'><em>est:</em></span> <span class='ocrx_word' id='word_1_206' title='bbox 745 1756 766 1793; x_wconf 81' lang='lat' dir='ltr'><em>si</em></span> <span class='ocrx_word' id='word_1_207' title='bbox 773 1757 817 1806; x_wconf 86' lang='lat' dir='ltr'><em>quis</em></span> <span class='ocrx_word' id='word_1_208' title='bbox 826 1728 914 1794; x_wconf 43' lang='lat' dir='ltr'><em>roi-¹¹⁰⁰*</em></span> <span class='ocrx_word' id='word_1_209' title='bbox 922 1729 936 1765; x_wconf 53' lang='grc' dir='ltr'><em>θ’</em></span> <span class='ocrx_word' id='word_1_210' title='bbox 944 1729 958 1758; x_wconf 61' lang='lat'>²</span> 
     </span>
     <span class='ocr_line' id='line_1_24' title="bbox 65 1819 854 1875; baseline 0.001 -14"><span class='ocrx_word' id='word_1_211' title='bbox 65 1824 122 1862; x_wconf 86' lang='lat' dir='ltr'><em>detur</em></span> <span class='ocrx_word' id='word_1_212' title='bbox 130 1824 193 1869; x_wconf 73' lang='lat' dir='ltr'><em>acere,</em></span> <span class='ocrx_word' id='word_1_213' title='bbox 209 1823 292 1861; x_wconf 87' lang='lat' dir='ltr'><em>noudum</em></span> <span class='ocrx_word' id='word_1_214' title='bbox 301 1824 354 1861; x_wconf 87' lang='lat' dir='ltr'><em>uouit</em></span> <span class='ocrx_word' id='word_1_215' title='bbox 363 1823 518 1874; x_wconf 74' lang='lat' dir='ltr'><em>quaemadmodum</em></span> <span class='ocrx_word' id='word_1_216' title='bbox 529 1828 618 1873; x_wconf 84' lang='lat' dir='ltr'><em>oporteat</em></span> <span class='ocrx_word' id='word_1_217' title='bbox 627 1823 685 1860; x_wconf 76' lang='lat' dir='ltr'><em>serre.</em></span> <span class='ocrx_word' id='word_1_218' title='bbox 717 1819 854 1875; x_wconf 78' lang='lat' dir='ltr'><em>Quamobrem</em></span> 
     </span>
     <span class='ocr_line' id='line_1_25' title="bbox 65 1887 853 1944; baseline -0.003 -13"><span class='ocrx_word' id='word_1_219' title='bbox 65 1888 176 1931; x_wconf 88' lang='lat' dir='ltr'><em>verendum</em></span> <span class='ocrx_word' id='word_1_220' title='bbox 191 1887 249 1930; x_wconf 85' lang='lat' dir='ltr'><em>nobis</em></span> <span class='ocrx_word' id='word_1_221' title='bbox 267 1895 298 1930; x_wconf 91' lang='lat' dir='ltr'><em>est</em></span> <span class='ocrx_word' id='word_1_222' title='bbox 315 1902 352 1940; x_wconf 87' lang='lat' dir='ltr'><em>ne,</em></span> <span class='ocrx_word' id='word_1_223' title='bbox 375 1888 421 1929; x_wconf 92' lang='lat' dir='ltr'><em>dum</em></span> <span class='ocrx_word' id='word_1_224' title='bbox 438 1888 463 1929; x_wconf 92' lang='lat' dir='ltr'><em>de</em></span> <span class='ocrx_word' id='word_1_225' title='bbox 481 1887 512 1929; x_wconf 83' lang='lat' dir='ltr'><em>his</em></span> <span class='ocrx_word' id='word_1_226' title='bbox 529 1901 580 1943; x_wconf 90' lang='lat' dir='ltr'><em>quae</em></span> <span class='ocrx_word' id='word_1_227' title='bbox 591 1889 671 1944; x_wconf 86' lang='lat' dir='ltr'><em>assequi</em></span> <span class='ocrx_word' id='word_1_228' title='bbox 685 1903 725 1931; x_wconf 94' lang='lat' dir='ltr'><em>non</em></span> <span class='ocrx_word' id='word_1_229' title='bbox 739 1896 853 1944; x_wconf 90' lang='lat' dir='ltr'><em>possumus,</em></span> 
     </span>
     <span class='ocr_line' id='line_1_26' title="bbox 66 1956 855 2015; baseline 0 -16"><span class='ocrx_word' id='word_1_230' title='bbox 66 1972 105 2015; x_wconf 90' lang='lat' dir='ltr'><em>quo</em></span> <span class='ocrx_word' id='word_1_231' title='bbox 120 1956 164 1999; x_wconf 89' lang='lat' dir='ltr'><em>iure</em></span> <span class='ocrx_word' id='word_1_232' title='bbox 181 1970 258 2013; x_wconf 91' lang='lat' dir='ltr'><em>quaque</em></span> <span class='ocrx_word' id='word_1_233' title='bbox 274 1956 348 2000; x_wconf 89' lang='lat' dir='ltr'><em>iniuria</em></span> <span class='ocrx_word' id='word_1_234' title='bbox 358 1956 459 2013; x_wconf 89' lang='lat' dir='ltr'><em>disputare</em></span> <span class='ocrx_word' id='word_1_235' title='bbox 472 1956 576 2008; x_wconf 89' lang='lat' dir='ltr'><em>volumus,</em></span> <span class='ocrx_word' id='word_1_236' title='bbox 598 1970 623 1999; x_wconf 93' lang='lat' dir='ltr'><em>ne</em></span> <span class='ocrx_word' id='word_1_237' title='bbox 635 1957 659 1999; x_wconf 88' lang='lat' dir='ltr'><em>de</em></span> <span class='ocrx_word' id='word_1_238' title='bbox 671 1957 702 1999; x_wconf 87' lang='lat' dir='ltr'><em>his</em></span> <span class='ocrx_word' id='word_1_239' title='bbox 715 1957 793 2014; x_wconf 90' lang='lat' dir='ltr'><em>quidem</em></span> <span class='ocrx_word' id='word_1_240' title='bbox 804 1970 855 2014; x_wconf 91' lang='lat' dir='ltr'><em>quae</em></span> 
     </span>
     <span class='ocr_line' id='line_1_27' title="bbox 66 2025 854 2085; baseline -0.003 -14"><span class='ocrx_word' id='word_1_241' title='bbox 66 2027 165 2084; x_wconf 86' lang='lat' dir='ltr'><em>attingere</em></span> <span class='ocrx_word' id='word_1_242' title='bbox 182 2040 288 2085; x_wconf 88' lang='lat' dir='ltr'><em>possumus</em></span> <span class='ocrx_word' id='word_1_243' title='bbox 310 2026 420 2085; x_wconf 88' lang='lat' dir='ltr'><em>disputandi</em></span> <span class='ocrx_word' id='word_1_244' title='bbox 438 2025 521 2069; x_wconf 83' lang='lat' dir='ltr'><em>facultas</em></span> <span class='ocrx_word' id='word_1_245' title='bbox 539 2026 671 2083; x_wconf 90' lang='lat' dir='ltr'><em>relinquatur.</em></span> <span class='ocrx_word' id='word_1_246' title='bbox 705 2026 759 2070; x_wconf 89' lang='lat' dir='ltr'><em>Nam</em></span> <span class='ocrx_word' id='word_1_247' title='bbox 776 2041 804 2070; x_wconf 85' lang='lat' dir='ltr'><em>ex</em></span> <span class='ocrx_word' id='word_1_248' title='bbox 816 2026 854 2069; x_wconf 83' lang='lat' dir='ltr'><em>fide</em></span> 
     </span>
     <span class='ocr_line' id='line_1_28' title="bbox 66 2096 855 2155; baseline -0.001 -14"><span class='ocrx_word' id='word_1_249' title='bbox 66 2098 133 2155; x_wconf 88' lang='lat' dir='ltr'><em>loqui,</em></span> <span class='ocrx_word' id='word_1_250' title='bbox 149 2113 189 2140; x_wconf 94' lang='lat' dir='ltr'><em>non</em></span> <span class='ocrx_word' id='word_1_251' title='bbox 202 2111 230 2140; x_wconf 84' lang='lat' dir='ltr'><em>ex</em></span> <span class='ocrx_word' id='word_1_252' title='bbox 244 2097 274 2140; x_wconf 89' lang='lat' dir='ltr'><em>his</em></span> <span class='ocrx_word' id='word_1_253' title='bbox 287 2111 338 2153; x_wconf 91' lang='lat' dir='ltr'><em>qnae</em></span> <span class='ocrx_word' id='word_1_254' title='bbox 351 2096 447 2154; x_wconf 87' lang='lat' dir='ltr'><em>quispiam</em></span> <span class='ocrx_word' id='word_1_255' title='bbox 467 2096 566 2152; x_wconf 91' lang='lat' dir='ltr'><em>loquitur,</em></span> <span class='ocrx_word' id='word_1_256' title='bbox 589 2097 646 2139; x_wconf 81' lang='lat' dir='ltr'><em>iidem</em></span> <span class='ocrx_word' id='word_1_257' title='bbox 665 2096 759 2140; x_wconf 85' lang='lat' dir='ltr'><em>adhibere</em></span> <span class='ocrx_word' id='word_1_258' title='bbox 780 2112 855 2140; x_wconf 88' lang='lat' dir='ltr'><em>conve-</em></span> 
     </span>
     <span class='ocr_line' id='line_1_29' title="bbox 66 2165 932 2222; baseline -0.007 -12"><span class='ocrx_word' id='word_1_259' title='bbox 66 2168 108 2210; x_wconf 88' lang='lat' dir='ltr'><em>nit:</em></span> <span class='ocrx_word' id='word_1_260' title='bbox 126 2170 277 2216; x_wconf 81' lang='lat' dir='ltr'><em>Credzllieniut,</em></span> <span class='ocrx_word' id='word_1_261' title='bbox 293 2166 369 2222; x_wconf 89' lang='lat' dir='ltr'><em>inquit,</em></span> <span class='ocrx_word' id='word_1_262' title='bbox 389 2174 470 2220; x_wconf 86' lang='lat' dir='ltr'><em>propter</em></span> <span class='ocrx_word' id='word_1_263' title='bbox 481 2169 532 2220; x_wconf 85' lang='lat' dir='ltr'><em>quod</em></span> <span class='ocrx_word' id='word_1_264' title='bbox 542 2174 562 2206; x_wconf 89' lang='lat' dir='ltr'><em>et</em></span> <span class='ocrx_word' id='word_1_265' title='bbox 573 2168 649 2207; x_wconf 82' lang='lat' dir='ltr'><em>loeutus</em></span> <span class='ocrx_word' id='word_1_266' title='bbox 658 2182 707 2207; x_wconf 88' lang='lat' dir='ltr'><em>sum.</em></span> <span class='ocrx_word' id='word_1_267' title='bbox 739 2165 852 2222; x_wconf 78' lang='lat' dir='ltr'><em>erarequi</em></span> <span class='ocrx_word' id='word_1_268' title='bbox 874 2177 932 2220; x_wconf 63' lang='lat' dir='ltr'><em>egatus.</em></span> 
     </span>
     <span class='ocr_line' id='line_1_30' title="bbox 67 2211 934 2292; baseline -0.001 -15"><span class='ocrx_word' id='word_1_269' title='bbox 67 2237 91 2278; x_wconf 91' lang='lat' dir='ltr'><em>de</em></span> <span class='ocrx_word' id='word_1_270' title='bbox 101 2236 181 2292; x_wconf 90' lang='lat' dir='ltr'><em>propria</em></span> <span class='ocrx_word' id='word_1_271' title='bbox 194 2234 325 2290; x_wconf 79' lang='lat' dir='ltr'><em>generatione</em></span> <span class='ocrx_word' id='word_1_272' title='bbox 338 2233 388 2276; x_wconf 90' lang='lat' dir='ltr'><em>eerti</em></span> <span class='ocrx_word' id='word_1_273' title='bbox 399 2235 447 2276; x_wconf 88' lang='lat' dir='ltr'><em>nihil</em></span> <span class='ocrx_word' id='word_1_274' title='bbox 458 2235 555 2284; x_wconf 85' lang='lat' dir='ltr'><em>affirmare</em></span> <span class='ocrx_word' id='word_1_275' title='bbox 568 2248 681 2290; x_wconf 89' lang='lat' dir='ltr'><em>possumus,</em></span> <span class='ocrx_word' id='word_1_276' title='bbox 691 2249 734 2277; x_wconf 90' lang='lat' dir='ltr'><em>cnm</em></span> <span class='ocrx_word' id='word_1_277' title='bbox 747 2224 780 2276; x_wconf 68' lang='lat' dir='ltr'><em>dei</em></span> <span class='ocrx_word' id='word_1_278' title='bbox 792 2249 853 2290; x_wconf 88' lang='lat' dir='ltr'><em>gene·</em></span> <span class='ocrx_word' id='word_1_279' title='bbox 870 2211 902 2249; x_wconf 50' lang='grc' dir='ltr'><em>ω’</em></span> <span class='ocrx_word' id='word_1_280' title='bbox 912 2213 934 2241; x_wconf 67' lang='lat'><em>¹⁰⁴</em></span> 
     </span>
     <span class='ocr_line' id='line_1_31' title="bbox 65 2302 855 2358; baseline -0.001 -13"><span class='ocrx_word' id='word_1_281' title='bbox 65 2303 163 2346; x_wconf 87' lang='lat' dir='ltr'><em>rationem</em></span> <span class='ocrx_word' id='word_1_282' title='bbox 174 2303 253 2344; x_wconf 87' lang='lat' dir='ltr'><em>curiose</em></span> <span class='ocrx_word' id='word_1_283' title='bbox 269 2309 428 2357; x_wconf 85' lang='lat' dir='ltr'><em>perscrutamur,</em></span> <span class='ocrx_word' id='word_1_284' title='bbox 451 2309 471 2344; x_wconf 89' lang='lat' dir='ltr'><em>et</em></span> <span class='ocrx_word' id='word_1_285' title='bbox 484 2302 589 2343; x_wconf 84' lang='lat' dir='ltr'><em>ambitiose</em></span> <span class='ocrx_word' id='word_1_286' title='bbox 601 2303 703 2358; x_wconf 78' lang='lat' dir='ltr'><em>explicare</em></span> <span class='ocrx_word' id='word_1_287' title='bbox 715 2303 748 2344; x_wconf 94' lang='lat' dir='ltr'><em>illa</em></span> <span class='ocrx_word' id='word_1_288' title='bbox 762 2303 855 2358; x_wconf 81' lang='lat' dir='ltr'><em>aggredi-</em></span> 
     </span>
     <span class='ocr_line' id='line_1_32' title="bbox 66 2369 853 2426; baseline -0.003 -12"><span class='ocrx_word' id='word_1_289' title='bbox 66 2385 118 2423; x_wconf 86' lang='lat' dir='ltr'><em>mur,</em></span> <span class='ocrx_word' id='word_1_290' title='bbox 135 2384 202 2412; x_wconf 91' lang='lat' dir='ltr'><em>nonne</em></span> <span class='ocrx_word' id='word_1_291' title='bbox 214 2370 321 2412; x_wconf 87' lang='lat' dir='ltr'><em>timendum</em></span> <span class='ocrx_word' id='word_1_292' title='bbox 334 2377 365 2412; x_wconf 91' lang='lat' dir='ltr'><em>est</em></span> <span class='ocrx_word' id='word_1_293' title='bbox 375 2384 400 2410; x_wconf 91' lang='lat' dir='ltr'><em>ne</em></span> <span class='ocrx_word' id='word_1_294' title='bbox 410 2369 450 2422; x_wconf 84' lang='lat' dir='ltr'><em>his,</em></span> <span class='ocrx_word' id='word_1_295' title='bbox 467 2369 500 2425; x_wconf 90' lang='lat' dir='ltr'><em>qui</em></span> <span class='ocrx_word' id='word_1_296' title='bbox 510 2384 550 2411; x_wconf 92' lang='lat' dir='ltr'><em>non</em></span> <span class='ocrx_word' id='word_1_297' title='bbox 560 2370 675 2426; x_wconf 88' lang='lat' dir='ltr'><em>disciplinae</em></span> <span class='ocrx_word' id='word_1_298' title='bbox 689 2372 747 2412; x_wconf 89' lang='lat' dir='ltr'><em>modo</em></span> <span class='ocrx_word' id='word_1_299' title='bbox 756 2370 853 2426; x_wconf 84' lang='lat' dir='ltr'><em>linguam,</em></span> 
     </span>
     <span class='ocr_line' id='line_1_33' title="bbox 67 2437 855 2495; baseline -0.001 -14"><span class='ocrx_word' id='word_1_300' title='bbox 67 2439 103 2482; x_wconf 90' lang='lat' dir='ltr'><em>sed</em></span> <span class='ocrx_word' id='word_1_301' title='bbox 113 2444 133 2480; x_wconf 91' lang='lat' dir='ltr'><em>et</em></span> <span class='ocrx_word' id='word_1_302' title='bbox 144 2437 297 2495; x_wconf 87' lang='lat' dir='ltr'><em>opportunitatis</em></span> <span class='ocrx_word' id='word_1_303' title='bbox 308 2437 333 2479; x_wconf 88' lang='lat' dir='ltr'><em>ad</em></span> <span class='ocrx_word' id='word_1_304' title='bbox 351 2437 455 2480; x_wconf 88' lang='lat' dir='ltr'><em>dicendum</em></span> <span class='ocrx_word' id='word_1_305' title='bbox 472 2437 576 2480; x_wconf 89' lang='lat' dir='ltr'><em>scientiam</em></span> <span class='ocrx_word' id='word_1_306' title='bbox 593 2439 683 2490; x_wconf 79' lang='lat' dir='ltr'><em>confert,</em></span> <span class='ocrx_word' id='word_1_307' title='bbox 699 2446 787 2480; x_wconf 89' lang='lat' dir='ltr'><em>nostram</em></span> <span class='ocrx_word' id='word_1_308' title='bbox 801 2440 855 2481; x_wconf 84' lang='lat' dir='ltr'><em>illam</em></span> 
     </span>
     <span class='ocr_line' id='line_1_34' title="bbox 67 2506 929 2563; baseline -0.002 -13"><span class='ocrx_word' id='word_1_309' title='bbox 67 2508 92 2550; x_wconf 90' lang='lat' dir='ltr'><em>ad</em></span> <span class='ocrx_word' id='word_1_310' title='bbox 109 2506 212 2549; x_wconf 89' lang='lat' dir='ltr'><em>dicendum</em></span> <span class='ocrx_word' id='word_1_311' title='bbox 229 2506 357 2563; x_wconf 88' lang='lat' dir='ltr'><em>praecipitem</em></span> <span class='ocrx_word' id='word_1_312' title='bbox 374 2506 477 2549; x_wconf 88' lang='lat' dir='ltr'><em>andaciam</em></span> <span class='ocrx_word' id='word_1_313' title='bbox 492 2506 573 2548; x_wconf 92' lang='lat' dir='ltr'><em>silentio</em></span> <span class='ocrx_word' id='word_1_314' title='bbox 589 2506 682 2548; x_wconf 86' lang='lat' dir='ltr'><em>damnet?</em></span> <span class='ocrx_word' id='word_1_315' title='bbox 716 2506 775 2562; x_wconf 79' lang='lat' dir='ltr'><em>Quod</em></span> <span class='ocrx_word' id='word_1_316' title='bbox 792 2508 852 2549; x_wconf 87' lang='lat' dir='ltr'><em>beato</em></span> <span class='ocrx_word' id='word_1_317' title='bbox 869 2517 907 2548; x_wconf 74' lang='lat' dir='ltr'><em>hue</em></span> <span class='ocrx_word' id='word_1_318' title='bbox 915 2519 929 2549; x_wconf 90' lang='lat'><em>1.</em></span> 
     </span>
     <span class='ocr_line' id='line_1_35' title="bbox 67 2574 854 2634; baseline -0.001 -13"><span class='ocrx_word' id='word_1_319' title='bbox 67 2577 95 2621; x_wconf 91' lang='lat' dir='ltr'><em>illi</em></span> <span class='ocrx_word' id='word_1_320' title='bbox 112 2575 222 2620; x_wconf 86' lang='lat' dir='ltr'><em>Zachariae</em></span> <span class='ocrx_word' id='word_1_321' title='bbox 239 2575 331 2633; x_wconf 84' lang='lat' dir='ltr'><em>contigit.</em></span> <span class='ocrx_word' id='word_1_322' title='bbox 361 2574 402 2633; x_wconf 78' lang='lat' dir='ltr'><em>Qui</em></span> <span class='ocrx_word' id='word_1_323' title='bbox 416 2576 495 2634; x_wconf 88' lang='lat' dir='ltr'><em>quidem</em></span> <span class='ocrx_word' id='word_1_324' title='bbox 512 2575 547 2619; x_wconf 87' lang='lat' dir='ltr'><em>lilii</em></span> <span class='ocrx_word' id='word_1_325' title='bbox 563 2575 687 2619; x_wconf 84' lang='lat' dir='ltr'><em>nativitatem</em></span> <span class='ocrx_word' id='word_1_326' title='bbox 702 2577 801 2620; x_wconf 87' lang='lat' dir='ltr'><em>nuntianti</em></span> <span class='ocrx_word' id='word_1_327' title='bbox 816 2577 854 2620; x_wconf 89' lang='lat' dir='ltr'><em>sibi</em></span> 
     </span>
     <span class='ocr_line' id='line_1_36' title="bbox 68 2646 854 2705; baseline 0 -14"><span class='ocrx_word' id='word_1_328' title='bbox 68 2647 140 2705; x_wconf 83' lang='lat' dir='ltr'><em>angelo</em></span> <span class='ocrx_word' id='word_1_329' title='bbox 152 2646 232 2690; x_wconf 92' lang='lat' dir='ltr'><em>minime</em></span> <span class='ocrx_word' id='word_1_330' title='bbox 244 2647 337 2700; x_wconf 85' lang='lat' dir='ltr'><em>credens,</em></span> <span class='ocrx_word' id='word_1_331' title='bbox 353 2661 377 2689; x_wconf 92' lang='lat' dir='ltr'><em>ac</em></span> <span class='ocrx_word' id='word_1_332' title='bbox 388 2647 515 2704; x_wconf 79' lang='lat' dir='ltr'><em>deigratiam</em></span> <span class='ocrx_word' id='word_1_333' title='bbox 526 2654 547 2690; x_wconf 93' lang='lat' dir='ltr'><em>et</em></span> <span class='ocrx_word' id='word_1_334' title='bbox 556 2647 650 2690; x_wconf 87' lang='lat' dir='ltr'><em>virtutem</em></span> <span class='ocrx_word' id='word_1_335' title='bbox 660 2647 758 2692; x_wconf 87' lang='lat' dir='ltr'><em>hnmanae</em></span> <span class='ocrx_word' id='word_1_336' title='bbox 770 2648 854 2691; x_wconf 88' lang='lat' dir='ltr'><em>rationis</em></span> 
     </span>
     <span class='ocr_line' id='line_1_37' title="bbox 68 2716 854 2775; baseline 0 -14"><span class='ocrx_word' id='word_1_337' title='bbox 68 2718 174 2761; x_wconf 90' lang='lat' dir='ltr'><em>momentis</em></span> <span class='ocrx_word' id='word_1_338' title='bbox 186 2731 209 2759; x_wconf 88' lang='lat' dir='ltr'><em>ac</em></span> <span class='ocrx_word' id='word_1_339' title='bbox 220 2716 340 2774; x_wconf 85' lang='lat' dir='ltr'><em>ponderibus</em></span> <span class='ocrx_word' id='word_1_340' title='bbox 351 2716 472 2769; x_wconf 91' lang='lat' dir='ltr'><em>aestimans,</em></span> <span class='ocrx_word' id='word_1_341' title='bbox 489 2731 595 2773; x_wconf 86' lang='lat' dir='ltr'><em>secumque</em></span> <span class='ocrx_word' id='word_1_342' title='bbox 608 2718 650 2774; x_wconf 89' lang='lat' dir='ltr'><em>ipse</em></span> <span class='ocrx_word' id='word_1_343' title='bbox 662 2717 766 2771; x_wconf 87' lang='lat' dir='ltr'><em>dubitans,</em></span> <span class='ocrx_word' id='word_1_344' title='bbox 783 2719 854 2775; x_wconf 88' lang='lat' dir='ltr'><em>ecquid</em></span> 
     </span>
     <span class='ocr_line' id='line_1_38' title="bbox 68 2786 854 2843; baseline -0.001 -14"><span class='ocrx_word' id='word_1_345' title='bbox 68 2794 139 2830; x_wconf 80' lang='lat' dir='ltr'><em>tratura</em></span> <span class='ocrx_word' id='word_1_346' title='bbox 150 2793 259 2843; x_wconf 85' lang='lat' dir='ltr'><em>pateretur,</em></span> <span class='ocrx_word' id='word_1_347' title='bbox 275 2792 297 2828; x_wconf 89' lang='lat' dir='ltr'><em>ut</em></span> <span class='ocrx_word' id='word_1_348' title='bbox 308 2786 366 2827; x_wconf 90' lang='lat' dir='ltr'><em>senio</em></span> <span class='ocrx_word' id='word_1_349' title='bbox 379 2788 483 2828; x_wconf 87' lang='lat' dir='ltr'><em>conlectus</em></span> <span class='ocrx_word' id='word_1_350' title='bbox 495 2800 522 2829; x_wconf 80' lang='lat' dir='ltr'><em>ex</em></span> <span class='ocrx_word' id='word_1_351' title='bbox 534 2801 574 2829; x_wconf 89' lang='lat' dir='ltr'><em>ann</em></span> <span class='ocrx_word' id='word_1_352' title='bbox 586 2786 660 2829; x_wconf 85' lang='lat' dir='ltr'><em>liberos</em></span> <span class='ocrx_word' id='word_1_353' title='bbox 672 2788 791 2843; x_wconf 87' lang='lat' dir='ltr'><em>susciperet,</em></span> <span class='ocrx_word' id='word_1_354' title='bbox 808 2788 854 2843; x_wconf 91' lang='lat' dir='ltr'><em>qnid</em></span> 
     </span>
     <span class='ocr_line' id='line_1_39' title="bbox 69 2853 853 2910; baseline -0.001 -13"><span class='ocrx_word' id='word_1_355' title='bbox 69 2855 147 2897; x_wconf 88' lang='lat' dir='ltr'><em>demum</em></span> <span class='ocrx_word' id='word_1_356' title='bbox 158 2853 270 2909; x_wconf 73' lang='lat' dir='ltr'><em>eloquitur?</em></span> <span class='ocrx_word' id='word_1_357' title='bbox 300 2856 403 2905; x_wconf 80' lang='lat' dir='ltr'><em>Quomodo,</em></span> <span class='ocrx_word' id='word_1_358' title='bbox 420 2855 496 2910; x_wconf 87' lang='lat' dir='ltr'><em>inquit,</em></span> <span class='ocrx_word' id='word_1_359' title='bbox 506 2857 554 2909; x_wconf 88' lang='lat' dir='ltr'><em>sore</em></span> <span class='ocrx_word' id='word_1_360' title='bbox 565 2858 602 2895; x_wconf 88' lang='lat' dir='ltr'><em>ista</em></span> <span class='ocrx_word' id='word_1_361' title='bbox 614 2861 743 2908; x_wconf 79' lang='lat' dir='ltr'><em>cognoscam?</em></span> <span class='ocrx_word' id='word_1_362' title='bbox 757 2859 853 2908; x_wconf 79' lang='lat' dir='ltr'><em>egoenim</em></span> 
     </span>
     <span class='ocr_line' id='line_1_40' title="bbox 68 2922 852 2976; baseline 0 -12"><span class='ocrx_word' id='word_1_363' title='bbox 68 2938 110 2964; x_wconf 85' lang='lat' dir='ltr'><em>sum</em></span> <span class='ocrx_word' id='word_1_364' title='bbox 119 2938 186 2972; x_wconf 78' lang='lat' dir='ltr'><em>senem,</em></span> <span class='ocrx_word' id='word_1_365' title='bbox 202 2930 223 2962; x_wconf 91' lang='lat' dir='ltr'><em>et</em></span> <span class='ocrx_word' id='word_1_366' title='bbox 231 2937 282 2963; x_wconf 76' lang='lat' dir='ltr'><em>uuor</em></span> <span class='ocrx_word' id='word_1_367' title='bbox 291 2936 332 2962; x_wconf 85' lang='lat' dir='ltr'><em>meu</em></span> <span class='ocrx_word' id='word_1_368' title='bbox 340 2926 437 2975; x_wconf 84' lang='lat' dir='ltr'><em>processit</em></span> <span class='ocrx_word' id='word_1_369' title='bbox 446 2926 466 2964; x_wconf 86' lang='lat' dir='ltr'><em>iu</em></span> <span class='ocrx_word' id='word_1_370' title='bbox 477 2925 544 2964; x_wconf 71' lang='lat' dir='ltr'><em>deabus</em></span> <span class='ocrx_word' id='word_1_371' title='bbox 554 2926 602 2963; x_wconf 72' lang='lat' dir='ltr'><em>sats.</em></span> <span class='ocrx_word' id='word_1_372' title='bbox 633 2922 691 2966; x_wconf 86' lang='lat' dir='ltr'><em>Unde</em></span> <span class='ocrx_word' id='word_1_373' title='bbox 703 2924 769 2965; x_wconf 87' lang='lat' dir='ltr'><em>statim</em></span> <span class='ocrx_word' id='word_1_374' title='bbox 782 2923 852 2976; x_wconf 86' lang='lat' dir='ltr'><em>audiit,</em></span> 
     </span>
    </p>

    <p class='ocr_par' dir='ltr' id='par_1_4' title="bbox 68 2989 854 3047">
     <span class='ocr_line' id='line_1_41' title="bbox 68 2989 854 3047; baseline 0.004 -15"><span class='ocrx_word' id='word_1_375' title='bbox 68 2995 120 3032; x_wconf 85' lang='lat' dir='ltr'><em>Eece</em></span> <span class='ocrx_word' id='word_1_376' title='bbox 130 2994 168 3031; x_wconf 86' lang='lat' dir='ltr'><em>eris</em></span> <span class='ocrx_word' id='word_1_377' title='bbox 179 2998 244 3032; x_wconf 81' lang='lat' dir='ltr'><em>tereus</em></span> <span class='ocrx_word' id='word_1_378' title='bbox 254 2999 274 3031; x_wconf 91' lang='lat' dir='ltr'><em>et</em></span> <span class='ocrx_word' id='word_1_379' title='bbox 285 3005 322 3031; x_wconf 86' lang='lat' dir='ltr'><em>nou</em></span> <span class='ocrx_word' id='word_1_380' title='bbox 330 2993 404 3045; x_wconf 85' lang='lat' dir='ltr'><em>poteris</em></span> <span class='ocrx_word' id='word_1_381' title='bbox 416 2993 475 3045; x_wconf 84' lang='lat' dir='ltr'><em>loqui.</em></span> <span class='ocrx_word' id='word_1_382' title='bbox 506 2989 534 3032; x_wconf 85' lang='lat' dir='ltr'><em>Et</em></span> <span class='ocrx_word' id='word_1_383' title='bbox 549 3005 588 3031; x_wconf 92' lang='lat' dir='ltr'><em>non</em></span> <span class='ocrx_word' id='word_1_384' title='bbox 605 2998 683 3047; x_wconf 89' lang='lat' dir='ltr'><em>poterat</em></span> <span class='ocrx_word' id='word_1_385' title='bbox 699 2991 752 3047; x_wconf 87' lang='lat' dir='ltr'><em>loqui</em></span> <span class='ocrx_word' id='word_1_386' title='bbox 766 3005 811 3034; x_wconf 88' lang='lat' dir='ltr'><em>cum</em></span> <span class='ocrx_word' id='word_1_387' title='bbox 821 3006 854 3035; x_wconf 83' lang='lat' dir='ltr'><em>es-</em></span> 
     </span>
    </p>
   </div>
   <div class='ocr_carea' id='block_1_3' title="bbox 69 3065 218 3113">
    <p class='ocr_par' dir='ltr' id='par_1_5' title="bbox 69 3065 218 3113">
     <span class='ocr_line' id='line_1_42' title="bbox 69 3065 218 3113; baseline -0.007 -12"><span class='ocrx_word' id='word_1_388' title='bbox 69 3065 101 3101; x_wconf 88' lang='lat' dir='ltr'><em>sct</em></span> <span class='ocrx_word' id='word_1_389' title='bbox 116 3072 218 3113; x_wconf 80' lang='lat' dir='ltr'><em>egressus.</em></span> 
     </span>
    </p>
   </div>
   <div class='ocr_carea' id='block_1_4' title="bbox 0 0 999 3392">
    <p class='ocr_par' dir='ltr' id='par_1_6' title="bbox 0 0 999 3392">
     <span class='ocr_line' id='line_1_43' title="bbox 0 0 999 3392; baseline 0 0"><span class='ocrx_word' id='word_1_390' title='bbox 0 0 999 3392; x_wconf 95' lang='lat' dir='ltr'><em> </em></span> 
     </span>
    </p>
   </div>
  </div>
 </body>
</html>
