1988 3392
146 197 188 240 298
435 208 517 242 εκαουι
528 208 645 242 mmmm

146 284 195 327 οὐδὲ
206 283 229 327 τό
241 289 332 340 πνεῦμα,
347 284 415 340 ἐπειδὴ
428 287 450 329 ἐκ
461 285 539 342 πατρός
550 286 684 343 ἐκπορεύεται.
717 284 769 331 Οῦτε
778 286 816 345 γὰρ
830 286 927 346 όπατῆρ,

146 351 215 407 ἐπειδὴ
225 354 318 410 ἐγέννησε
327 356 361 398 καί
372 356 393 405 ἐξ
403 355 493 398 ὗὲαντοῦ
503 353 591 412 ἐξήγαγε,
606 354 631 398 τά
641 353 659 398 δ’
670 354 717 398 ἀλλα
729 354 811 398 7πάντα
823 355 871 411 μεταλ
881 357 928 402 υἱόν

63 441 99 470 pag.
108 433 138 464 οτι.
147 422 182 464 καὶ
195 427 274 478 πνεῦμα
287 425 371 474 ἔκτισεν,
390 420 431 466 ῦπό
445 421 514 474 πάθος
529 425 593 474 αἰτίας
608 421 723 480 εὑρίσκεται.
753 427 795 467 Καί
808 427 839 468 τοί
852 441 875 482 γε
887 431 928 470 τῶν

146 487 209 533 ἀλλων
220 492 301 535 πάντων
314 493 336 535 ἐν
350 495 378 549 τῷ
388 494 459 544 κτίζειν
469 490 483 547 ῆ
493 497 565 548 γεννᾶν
580 492 644 536 πόθει
661 493 800 548 συνεχομένων.
826 491 928 546 Ἀναίτιος

146 563 196 614 γοῦν
211 558 308 616 όπατῆρ,
329 561 364 603 καλ
377 557 455 612 όνὶός,
477 562 511 603 καὶ
528 559 550 603 τό
566 560 623 617 ἀγιον
638 566 726 615 πνεῦμα·
745 562 798 604 αιίία
813 561 836 605 δέ
847 561 928 618 ἐστινῆ

146 625 203 683 τριολς
212 633 252 671 τοῖν
263 626 363 681 ἀπόντων,
378 631 508 684 σογκτίζουσα
516 629 552 671 καλ
562 631 758 687 σννδημιονργοῦσα,
773 630 836 685 μηδὲν
846 631 868 674 ἒν
877 629 928 691 αῦτῆ

147 695 227 740 κτιστόν
241 695 255 752 ῆ
270 696 464 753 δεδημιουργημένων
478 695 609 754 γινόσκονσα.

202 832 279 877 Ἀετίου
289 833 358 887 κεφάλ.
367 833 404 888 κη’.
434 836 464 877 Εἰ
474 838 515 878 πᾶν
525 833 547 878 τό
558 832 640 891 γεγονός
650 832 687 887 ἀφ’
698 836 767 891 ἑτέρον
776 835 868 892 γέγονεν,
883 833 898 891 ἡ
907 837 929 880 δὲ

147 900 255 958 ἀγέννητος
263 900 373 953 ἀπόστασις
381 900 427 946 οότε
435 901 471 957 ἀφ’
480 904 559 958 ἑαυτῆς,
574 902 621 947 οῦτε
631 901 666 956 ὑφ’
676 904 743 959 ἒτὲρας
751 905 837 961 γε’γονεν,
852 901 929 962 ἀνάγκη

147 969 217 1014 οῦσίαν
231 973 305 1025 δηλοῦν
319 970 341 1016 τό
357 970 470 1029 ἀγέννητον.

203 1037 279 1096 Ἀνατρ.
310 1041 351 1083 Καὶ
361 1044 421 1084 τοῦτο
432 1039 493 1083 πόλιν
502 1038 576 1091 ’Λὲτιος
585 1039 629 1096 ῆκει
640 1040 708 1096 φέρων
718 1037 776 1096 ἡμῖν,
791 1038 819 1091 οἷς
829 1039 901 1084 καινόν
910 1059 930 1085 τι

147 1110 181 1152 καλ
198 1107 317 1166 πρόσφατον
328 1106 479 1165 ἀφηγούμενος,
499 1111 534 1151 λ’να
549 1113 604 1168 φανῆ
620 1111 742 1164 διαλεκτικῆς
757 1107 865 1166 ἕφενρετῆς
879 1107 930 1153 εἶναι

148 1180 291 1234 σολλογιστίας,
311 1178 333 1221 ἐκ
344 1182 441 1233 περισσοῦ
455 1175 532 1231 1μόνον
540 1175 589 1220 αὐτό
600 1182 659 1221 τοῦτο
670 1180 736 1232 δηλῶν
748 1176 798 1234 ὅπερ
809 1175 857 1221 οῦδὲ
868 1176 929 1234 ἀμφι·

147 1245 248 1301 βάλλεται,
270 1243 316 1288 οῦυε
327 1245 378 1289 κατά
389 1251 425 1301 τῆς
435 1244 532 1301 ἀληθείας
546 1244 568 1288 τό
583 1245 613 1287 ἀεὶ
626 1246 707 1304 ἳὲουτῷ
717 1248 739 1290 ἐν
748 1252 774 1306 τῆ
785 1251 886 1305 καθολικῆ
899 1248 931 1291 ἐν·

148 1317 220 1372 κλησίμ
236 1312 395 1370 ὁμολογούμενον
411 1313 523 1371 ἐνυπάρχει.
554 1317 602 1357 Πᾶν
619 1313 656 1371 γάρ
673 1312 696 1357 τό
711 1313 794 1372 γεγονός
808 1312 844 1368 ἀφ’
861 1315 930 1372 ἕτερον

147 1385 227 1440 γίνεται.
256 1381 313 1426 Ἡδὲ
322 1381 429 1440 ἀγέννητος
438 1381 548 1433 ὑπόστασις
557 1380 603 1426 οῦτε
613 1381 648 1436 ἀφ’
658 1384 741 1438 ἑαυτῆς,
761 1382 807 1427 οῦτε
819 1381 855 1438 ἀφ’
863 1384 931 1440 ἑτέρας

147 1452 236 1508 γέγονεν·
258 1453 277 1494 εί
290 1453 323 1494 καὶ
336 1451 415 1509 ἀνάγκη
430 1450 501 1494 οὐσίαν
511 1453 585 1505 δηλοῦν
596 1450 619 1494 τό
632 1449 746 1508 ἀγέννητον.
776 1453 817 1495 Καὶ
829 1454 847 1494 τί
856 1450 931 1495 τοῦτον

148 1519 304 1577 ἀναγκαιότερον
309 1539 316 1573 ,-
339 1519 404 1577 Ὅπερ
421 1518 459 1578 γάρ
478 1519 509 1562 ἀεὶ
527 1518 574 1575 παρ’
589 1518 657 1570 αὐτοῖς
672 1526 715 1572 τοῖς
729 1537 750 1563 τε
763 1520 878 1576 Ἀνομοίοις
895 1521 931 1564 καὶ

146 1587 258 1645 Ἀρειανοῐς
274 1588 296 1632 τό
312 1594 353 1644 τῆς.
364 1587 434 1638 οῦσίας
448 1587 513 1644 όνομα
523 1587 651 1643 παλιμβόλοις
664 1587 780 1644 δέξελάβετο
792 1587 878 1642 Ἆέτιος,
897 1581 937 1633 σαζ

148 1662 194 1710 φῶς
210 1657 369 1714 ἀναγκαζόμενος
383 1655 424 1700 ῦπό
439 1662 474 1711 τῆς
490 1656 587 1711 ἀληθείας
602 1655 736 1714 οἱμολόγησεν.
772 1655 848 1708 Οόσίας
863 1660 932 1702 τοίνυν

148 1724 210 1781 οάσης
220 1731 255 1781 τῆς
267 1726 395 1783 ἀγεννησίας,
416 1727 436 1776 ἐξ
448 1723 512 1779 αῦτῆς
522 1725 555 1777 δὲ,
575 1726 610 1768 καὶ
622 1726 661 1768 οῦκ
675 1727 696 1777 ἐξ
706 1725 745 1769 οῦκ
755 1724 819 1769 όντων
830 1723 932 1783 ἀχράντοις

148 1796 183 1838 καὶ
198 1793 286 1845 ἀπαθοῦς
301 1793 424 1851 γεννησάσης
441 1792 476 1837 τόν
492 1798 601 1849 μονογενῆ,
624 1792 715 1850 ἀγρότας
729 1795 764 1838 καλ
775 1792 876 1852 ἀνάρχας,
897 1796 933 1838 καλ

148 1865 169 1914 ἐξ
179 1862 241 1918 αάτῆς
251 1864 386 1920 ἑξαγαγοῦσης
396 1860 418 1905 τό
429 1861 487 1919 ἀγιον
496 1866 585 1917 πνεῦμα,
600 1863 634 1905 καὶ
644 1860 683 1906 οῦκ
693 1864 714 1915 ἐξ
723 1861 761 1907 οῦκ
772 1861 846 1916 όντων,
861 1867 932 1916 σαφοῦς

149 1933 170 1975 ἓν
182 1937 208 1991 τῆ
218 1930 266 1990 ἀγίμ
276 1936 377 1990 καθολικῆ
388 1933 482 1989 ε’κκλησίμ
496 1928 613 1986 όρθοδόξως
627 1929 737 1986 όμοοῦσιος
748 1929 828 1987 ῆτριιλς
839 1929 933 1988 κηρύττε-

148 2019 187 2049 ται,
203 1998 289 2055 μηδενός
299 2004 338 2043 τῶν
347 2001 480 2055 κεκτισμὲνων
490 2000 603 2054 δυναμένου
612 2004 641 2058 τῷ
650 1998 734 2053 ἀνόματι
743 1998 807 2060 τούτῳ
817 2005 932 2053 καλεῖσθαι,

149 2069 183 2112 διά
195 2068 217 2112 τό
234 2069 301 2123 4μηδὲ
313 2067 364 2112 κατά
379 2068 441 2121 φῦσιν
457 2066 507 2111 εἶναί
517 2085 537 2110 τι
549 2066 620 2122 όμοιον
629 2072 657 2126 τῷ
668 2074 778 2126 μονογενεῖ,
798 2069 871 2127 καὶτῷ
882 2065 932 2128 ἇγίῳ

149 2138 255 2193 πνεύματι,
270 2137 320 2193 μήτε
328 2136 379 2181 κατά
390 2136 412 2180 τό
423 2139 488 2192 σέβας.
521 2135 550 2178 To}
559 2136 595 2191 μὲν
605 2136 643 2194 γάρ
655 2139 708 2180 ε’στιν
718 2139 739 2188 ἐξ
748 2136 786 2180 οῦκ
794 2135 859 2181 όντων
867 2153 931 2181 κεντε-

148 2208 222 2262 σμένα,
237 2205 306 2250 καλοῦ
316 2205 455 2262 προςκυνητά,
470 2203 484 2259 ῆ
496 2204 518 2247 δὲ
529 2204 585 2260 τριάς
594 2203 626 2248 ἀεὶ
637 2207 701 2258 ἔστιν,
718 2204 729 2249 0‘
739 2205 812 2262 πατῆρ,
827 2204 892 2262 πατὴρ
903 2206 933 2249 τὲ-

148 2282 210 2328 λειος,
231 2273 352 2327 καὶόυὶός,
373 2274 418 2324 υἱός
429 2274 501 2322 τέλειος
513 2274 536 2316 ἔκ
547 2272 623 2329 πατρός
634 2276 750 2330 γεννηθεὶς,
770 2275 805 2317 καλ
819 2273 842 2317 τό
853 2279 933 2330 πνεῦμα

149 2343 172 2387 τό
186 2343 254 2401 ἀγιον,
269 2349 347 2397 πνεῦμα
358 2344 431 2385 τέλειον
443 2343 465 2385 ἔτι
476 2340 552 2398 πατρός
562 2340 664 2399 προελθδν
674 2344 708 2385 καὶ
719 2347 755 2386 τοῦ
765 2344 811 2387 νίοῦ
822 2342 932 2398 λαμβάνον.

150 2414 192 2457 Καὶ
207 2412 273 2457 πάντα
287 2410 335 2468 ῆμῖν
349 2410 437 2466 φωτεινά
453 2409 477 2453 τά
489 2415 525 2465 τῆς
538 2414 597 2461 θείας
612 2415 692 2468 γραφῆς
702 2413 737 2454 καὶ
746 2411 771 2454 τά
782 2417 818 2467 τῆς
830 2410 888 2470 δγίας
899 2414 932 2455 πί-

150 2498 223 2535 στεως,
239 2484 274 2525 καλ
289 2480 348 2525 οῦδὲν
362 2479 443 2523 σκολιόν
458 2479 472 2534 ἢ
486 2481 576 2523 ἐναντίον
590 2479 604 2534 ἢ
619 2483 779 2537 στραγγαλιιῦδες.

63 2714 136 2751 ὶπιῖιέ,γῆς
205 2688 284 2731 Ἀετίου
293 2685 413 2741 κεφάλ.κθ’.
444 2687 473 2729 Εἰ
480 2690 505 2745 τῇ
514 2690 550 2729 τοῦ
560 2687 681 2743 γεννήματος
692 2687 751 2746 οῦσίμ
767 2689 933 2742 1σννεμφαίνεται

171 2828 189 2863 6.
200 2825 253 2863 αὐτοῦ
265 2829 300 2861 σου.
312 2828 378 2868 Βλεσίς.
554 2822 573 2860 οῦ
584 2823 639 2870 μόνον.
656 2828 732 2861 Voculam
743 2822 762 2862 οῦ
772 2827 857 2860 delendam
866 2836 899 2860 τεει
908 2828 934 2860 υἱ-

114 2902 119 2913 .
172 2874 188 2909 7.
199 2873 261 2913 πάντα,
273 2875 316 2915 quod
325 2874 368 2905 abest
379 2875 459 2915 obeditis,
470 2874 532 2905 restitui
553 2873 610 2905 demut
622 2874 655 2905 iam
668 2873 900 2913 σοηιανίυετιηαεΡελανλυε.

149 2921 269 2954 modam.
294 2920 532 2959 Ετγνεαυιοιοίίαΰονκαεὶὶ
577 2913 873 2961 λλῑονὶυαιμολαοικλέναῦτῷ,
891 2917 933 2959 quod

149 2967 219 3000 versione
231 2966 295 2998 Latina.
553 2965 619 2997 correxi.
635 2965 703 2997 Dativus
719 2961 775 3009 ἑαυτῷ
785 2965 832 3006 iunge
845 2974 882 2997 cum
892 2961 933 3007 ὁμο-

174 3013 189 3045 1.
203 3013 253 3053 λ’νῐμο
262 3014 338 3052 scriptum
349 3013 405 3052 Ιιςὶλκν
415 3008 531 3053 συλλογιστλας
554 3007 658 3054 λογούμειον.
671 3010 759 3043 Carnarius
767 3012 789 3042 ιλιι
799 3012 845 3042 vertit
853 3020 886 3054 quo
896 3008 933 3042 dia-

151 3056 171 3096 ἐκ
179 3057 260 3103 περισσοῦ
269 3056 347 3102 (περιττοῦ
358 3058 403 3090 codd.
408 3067 445 3091 mss.
452 3055 531 3099 uterque),
553 3054 651 3088 lecticam
659 3055 742 3101 superfluo
749 3054 865 3088 ratiocinantis
871 3056 933 3092 inven-
