1988 3392
249 233 716 270 Panaenum,rrr.rom.n.naua.uxxvn.
745 230 747 232 ’
786 276 788 279 ,
831 225 873 268 345

88 333 112 362 ae
129 323 222 371 tauquam
238 314 334 357 haeretici
351 314 443 371 dogmata
458 316 496 358 ista
511 317 596 358 iactate:
619 323 653 358 aut
664 316 680 358 si
693 323 770 372 patrum
782 329 828 358 esse
839 315 874 357 lilii

88 385 160 433 vultis,
184 383 232 425 nibil
248 390 328 440 praeter
344 384 388 435 illa,
410 385 606 441 quaeseripserunt‚
629 385 666 441 ipsi
678 385 803 426 sentiendum
817 391 874 441 pota·

89 462 138 498 tote.
169 450 249 494 Etenim
267 465 325 508 quam
341 451 389 494 illud
406 453 512 495 absurdum
527 453 564 506 sit,
586 453 619 495 vel
630 453 676 495 bine
690 452 807 495 existimare
818 460 874 510 pote-

88 523 132 566 stis.
164 518 252 563 sienim
262 520 345 564 verbum
358 522 449 578 corpori,
468 522 526 564 ¹ouius
536 529 611 565 natura
625 523 649 564 de
661 529 715 565 terra
731 521 816 564 delibata
833 530 873 573 est,

89 590 258 636 consubstantiale
274 590 312 643 sit,
337 606 380 633 eum
399 605 426 633 ex
443 598 519 647 patrum
536 592 662 640 confessione
680 591 763 648 perinde
779 591 805 632 sit
822 591 873 648 patri

89 659 259 704 consubstantiale
270 660 364 712 verbum,
386 669 442 717 pater
452 661 495 717 ipse
506 669 588 703 terreno
604 661 683 718 corpori
697 660 874 703 consubstantialis

90 730 135 773 erit.
167 727 212 785 Quo
224 729 302 785 quidem
315 730 436 784 constituto,
452 730 498 787 quid
510 731 603 787 estquod
617 731 704 773 Arianos
714 730 824 782 incusetis,
842 729 875 786 qui

89 801 149 843 tilium
160 806 272 841 ereaturam
284 813 330 841 esse
341 800 463 851 detentum,
480 815 523 841 eum
534 815 572 842 vos
583 801 620 857 ipsi
631 808 707 856 patrem
718 800 816 842 creaturis
827 814 876 841 cou-

89 868 239 912 substantialem
252 882 298 910 esse
313 868 395 921 clientis,
418 870 472 911 etad
486 870 538 911 aliud
550 870 657 926 impietatis
667 884 730 925 genus
742 868 873 920 declinantes,

89 940 109 981 iu
121 952 213 990 carnem,
230 951 288 989 ossa,
312 938 374 995 pilos,
396 952 481 990 nervos,
498 944 560 980 totum
575 938 660 994 denique
671 953 743 994 corpus
754 952 874 980 conversum

90 1021 136 1050 esse
148 1007 243 1058 verbum,
265 1013 285 1048 et
298 1021 309 1048 a
321 1015 391 1049 natura
403 1021 439 1048 sua
452 1006 561 1049 descivisse
575 1021 691 1063 persuasum
704 1007 807 1049 babeatis?
836 1005 876 1049 Su-

90 1082 158 1133 perest
168 1077 234 1130 itaque
248 1085 269 1117 ut
280 1089 291 1116 e
302 1083 356 1117 terra
370 1076 486 1131 productum
499 1090 545 1118 esse
558 1075 640 1117 verbum
652 1075 696 1118 sine
708 1075 875 1130 tergiversatione

90 1144 169 1187 dicatis.
199 1142 252 1185 Nam
265 1158 276 1185 e
288 1151 343 1186 terra
355 1144 429 1186 ossium
440 1144 642 1201 totiusquecorporis
654 1151 724 1186 natura
735 1144 874 1200 proficiscitur.

91 1211 195 1269 Quaenam
212 1220 244 1254 est
257 1212 307 1255 baec
323 1220 377 1255 tauta
397 1213 496 1255 dementia
512 1220 533 1255 ut
544 1213 647 1254 vobiscum
664 1213 702 1269 ipsi
717 1213 823 1269 pugnetis?
852 1210 876 1254 Si

91 1281 169 1339 quidem
186 1296 230 1323 cum
249 1281 331 1324 verbum
349 1283 429 1338 corpori
445 1282 614 1324 corisubstautiale
629 1296 675 1324 esse
693 1281 770 1333 diuitis,
792 1282 877 1323 alterum

91 1365 135 1394 cum
152 1351 215 1392 altero
232 1351 287 1393 velut
303 1351 404 1393 diversum
422 1352 532 1408 comparari
551 1350 674 1407 significatis.
707 1348 758 1393 Cum
773 1358 839 1392 autem
855 1350 876 1391 iu

91 1434 171 1462 caruem
183 1433 229 1461 esse
245 1434 365 1461 conversum
382 1421 485 1471 asseritis,
508 1420 571 1461 eidem
587 1420 648 1463 verbo
659 1419 789 1461 mutationem
801 1419 877 1474 affingi-

91 1489 125 1531 tis.
156 1486 208 1543 Quis
223 1488 285 1543 igitur
302 1488 395 1544 deinceps
411 1488 460 1530 baec
478 1503 489 1530 a
503 1489 560 1531 vobis
576 1489 609 1531 vel
620 1503 670 1530 voce
683 1495 741 1530 tenus
752 1488 876 1544 pronuntiari

91 1557 204 1600 sustineat?
235 1556 277 1600 Vos
289 1558 341 1598 enim
354 1557 453 1599 baeresim
465 1572 543 1600 onlnem
555 1557 655 1614 impietate
669 1556 786 1613 superastis.
818 1556 876 1613 Quod

92 1626 110 1668 si
121 1626 202 1668 verbum
213 1626 291 1682 corpori
305 1626 474 1668 consubstantiale
486 1628 523 1677 sit,
545 1640 694 1683 supervacanea
706 1634 738 1668 est
747 1624 825 1668 Mariae
836 1639 878 1666 me·

92 1695 156 1738 moria
169 1696 234 1737 omnis
243 1710 266 1738 ao
277 1695 365 1746 lainedo,
388 1710 431 1736 cum
444 1703 490 1737 ante
505 1696 557 1736 illam
575 1695 634 1737 etiam
651 1696 793 1750 sempiternum
804 1709 877 1750 eorpus

92 1779 138 1806 esse
157 1765 254 1821 potuerit,
277 1764 439 1819 quemadmodum
457 1771 477 1805 et
495 1764 577 1806 verbum
593 1764 669 1820 ipsum,
691 1765 719 1816 si,
741 1771 764 1806 ut
776 1764 875 1815 asseritis,

93 1834 171 1889 corpori
185 1833 354 1875 consubstantiale
371 1833 404 1873 sit.
437 1830 489 1887 Quid
504 1840 570 1874 autem
586 1833 668 1875 verboru
685 1833 723 1874 bue
735 1832 830 1874 adventino
842 1846 877 1873 ne-

93 1916 150 1944 cesse
162 1903 210 1953 tuit,
226 1910 249 1943 ut
259 1902 292 1943 vel
301 1902 320 1943 id
332 1902 383 1958 quod
395 1901 433 1942 iam
444 1901 614 1944 consubstantiale
625 1901 662 1943 sibi
674 1909 718 1942 erat
727 1902 827 1952 indueret,
844 1900 877 1942 vel

93 1977 163 2012 natura
178 1984 213 2012 sua
231 1977 338 2021 mutatum,
360 1985 432 2026 eorpus
450 1970 575 2012 efficeretur?
610 1969 658 2011 Nou
678 1971 730 2011 euim
749 1971 877 2026 semetipsam

93 2039 186 2082 divinitas
204 2040 299 2088 assumit,
322 2046 343 2081 ut
357 2039 408 2094 quod
426 2038 463 2080 sibi
479 2038 649 2080 consubstantiale
666 2046 696 2080 est
709 2039 790 2089 induat,
813 2052 877 2093 neque

93 2108 189 2160 verbum,
212 2109 264 2163 quod
275 2108 340 2149 aliena
355 2115 435 2164 peecata
449 2107 527 2163 expiat,
550 2114 651 2163 peccatum
664 2107 724 2149 ullum
737 2107 816 2148 admisit
826 2114 847 2148 ut
858 2107 878 2147 in

93 2192 165 2233 eorpus
177 2191 296 2219 conversum
308 2177 395 2233 seipsum
406 2190 442 2232 pro
452 2190 474 2217 se
485 2175 579 2218 sacrificii
588 2177 652 2218 instar
662 2176 752 2227 offerret,
769 2189 793 2217 ac
803 2182 878 2216 seruet-

93 2247 157 2302 ipsum
174 2246 289 2288 redimeret.

153 2312 222 2369 Quiane
239 2315 298 2370 longe
311 2314 370 2355 aliter
386 2328 432 2355 sese
444 2327 477 2354 res
489 2313 555 2354 habet.
586 2312 614 2355 Et
624 2316 722 2354 Abrorma'
730 2328 792 2354 remeo
810 2328 878 2367 opprc-
891 2323 932 2364 cap.
943 2322 983 2354 vlt.

93 2385 170 2432 tendit,
186 2390 208 2425 ut
219 2383 307 2439 loquitur
317 2382 427 2439 apostolus.
457 2380 515 2424 Unde
521 2384 610 2436 fratrum
620 2397 697 2423 suerrum
710 2385 779 2423 sz'milts
788 2385 807 2423 in
818 2385 878 2423 omni·
886 2366 982 2402 H²b¹'²'¹⁶'

95 2453 129 2492 bna
141 2466 182 2492 esse
199 2452 277 2502 debuit,
298 2465 335 2492 nec
353 2451 453 2492 diversum
469 2450 548 2491 anobis
564 2465 635 2506 corpus
651 2465 761 2493 assumere.
792 2449 879 2492 Proinde

95 2514 115 2562 el
127 2518 193 2561 Maria
205 2520 282 2574 reipsa‚
299 2534 336 2561 nec
348 2519 439 2561 simulate
452 2519 565 2574 profertur,
582 2533 608 2560 ex
621 2534 659 2573 qua
673 2534 745 2574 eorpus
756 2518 803 2560 illud
813 2533 880 2560 sume·

95 2596 139 2640 ret,
155 2603 179 2630 ac
191 2596 283 2643 tanquam
295 2589 395 2644 peculiare
407 2595 427 2629 et
439 2588 538 2643 proprium
552 2602 587 2643 pro
598 2587 655 2630 uobis
667 2588 757 2630 offerret.
789 2587 879 2629 Eandem

93 2657 147 2699 illam
158 2671 218 2714 porro
230 2655 302 2698 Esaias
314 2656 410 2698 eiusmodi
422 2656 517 2697 vaticinio
529 2656 689 2699 demonstrabat:
705 2660 757 2697 Ecce
768 2660 823 2710 uirgo
833 2671 877 2697 eon·
886 2663 973 2701 manate

94 2729 161 2780 capiet,
181 2733 202 2766 et
210 2729 282 2779 puroet.
315 2724 369 2767 Tum
387 2723 471 2766 Gabriel
487 2725 512 2766 ad
528 2739 572 2765 eam
587 2724 684 2777 mittitur,
707 2740 746 2767 nou
763 2724 879 2782 simpliciter

118 2863 146 2896 11.
157 2865 230 2896 Fortusse
241 2862 273 2909 τῷ.
523 2862 548 2897 15,
560 2860 650 2907 γεγένηται
661 2863 686 2895 ed.
697 2864 749 2903 priua.

119 2907 146 2941 12.
165 2908 195 2943 τοῦ
212 2911 265 2942 omiss.
281 2910 299 2942 in
315 2909 341 2941 ed.
353 2909 408 2941 Percu,
423 2909 476 2941 Coton.
524 2910 550 2946 16.
562 2905 605 2949 αὐτὴ
618 2909 662 2941 abest
673 2918 684 2940 o
695 2910 714 2941 B.

95 2956 142 2995 repet.
524 2954 550 2988 17.
562 2952 625 2994 ἑαυτῆς
635 2955 654 2985 Β.

119 2998 145 3032 13.
162 2995 211 3043 dunin
222 3001 242 3032 B.
263 2997 315 3043 ἡμῶν
331 3001 397 3040 autentu
411 3003 433 3032 est
449 3009 476 3041 cp.
526 3000 550 3033 td.
562 2996 595 3043 γὰρ
607 3000 650 3031 obest
662 3000 702 3032 uB.

94 3045 152 3086 uptun.
163 3047 249 3086 scripture.
524 3045 564 3077 Car.
578 3045 616 3076 Vll.
629 3063 650 3068 —
682 3045 698 3077 1.
716 3047 767 3078 Verte
784 3044 802 3080 ἐι
819 3043 881 3090 γαστρὶ

120 3087 146 3126 tt.
167 3086 210 3124 eirca
226 3090 256 3126 nat
267 3088 299 3135 πρὸ
311 3089 381 3137 Μαρίας
392 3090 446 3130 eteros
457 3092 476 3126 Β.
501 3090 546 3133 ἕξει,
557 3088 587 3126 καὶ
598 3087 665 3131 τέξεται
677 3091 788 3126 desiderentur
799 3093 816 3126 in
827 3092 846 3125 B.
