1988 3392
251 225 345 260 rauaau
357 225 400 259 ern.
411 226 441 260 ιιι.
452 225 507 260 rou.
520 227 540 260 ιιΙ
553 226 619 260 uana.
628 225 717 260 Lxxru
799 268 801 270 v
834 217 874 260 act

93 311 117 353 ad
127 308 197 350 inanes
208 320 232 348 ac
244 305 364 364 pertinaciae
376 320 423 348 suae
435 314 580 349 consentaneas
591 320 637 349 sese
653 306 728 348 fabulas
743 306 875 348 transierunt.

93 376 146 421 Nam
159 389 235 431 ungues
244 375 298 417 illum
311 381 331 416 et
343 388 421 417 caruem
433 389 457 417 ae
469 375 558 431 capillos,
575 382 681 431 ceteraque
694 374 760 417 omnia
772 390 811 417 non
824 375 877 417 eius·

93 443 147 489 modi
162 443 227 499 qualia
244 444 265 485 iu
282 443 339 485 nubis
358 444 438 496 insunt,
459 443 552 486 babuisse
568 444 695 501 praedicant,
719 444 754 485 sed
771 457 848 499 ungues
865 458 878 485 a

94 513 168 569 nostris
180 511 283 564 diversos,
304 512 411 568 itidemque
428 526 507 553 carnem
521 526 543 553 ae
555 513 629 569 reliqua
644 513 664 554 id
677 525 741 568 genus
754 527 793 553 non
805 511 878 555 similia

94 588 221 632 nostrorum,
242 580 319 622 sedab
336 580 360 622 iis
375 581 434 635 longe
450 580 590 637 discrepantia.
620 580 721 624 Nimirum
737 589 759 622 ut
774 579 878 623 Valentini

94 666 117 694 ae
133 657 244 692 ceterarum
259 663 308 705 quas
326 657 385 692 antea
401 649 600 692 commemoravimus
616 649 727 692 haereseon
743 663 799 691 more
817 650 878 691 cavil-

95 719 164 762 latoria
179 719 262 774 quadam
279 718 355 772 argutia
368 715 450 760 Christo
462 718 569 773 gratificari
585 718 698 761 videantur.
728 718 786 762 Unde
799 734 843 761 cum
854 733 878 760 ea

95 787 160 831 omnia
170 801 219 843 quae
228 786 295 828 insunt
305 785 326 828 in
337 783 419 829 Christo
429 787 517 844 perlecta
528 787 657 844 absoluteque
669 787 804 845 profiteamur,
817 788 878 830 uudta

94 858 121 900 illi
134 857 159 898 de
170 857 240 898 eodem
249 856 334 897 absurde
344 870 367 897 ao
379 856 458 898 curiose
469 857 570 911 disputare
581 857 654 899 solent.
685 855 717 898 De
728 872 767 912 quo
778 856 878 898 bominum

94 939 182 982 genere,
209 924 302 980 quicum
321 924 426 966 multarum
444 938 510 966 rerum
529 931 633 979 satagant,
657 925 705 966 nibil
723 932 788 967 tanuen
808 932 877 981 agrum,

94 994 193 1051 scriptura
204 993 301 1035 meminit.
332 992 411 1035 Etenim
423 1008 461 1049 quo
471 992 574 1035 radiorum
585 994 661 1036 animos
672 994 756 1050 quodam
767 995 821 1037 velut
833 995 878 1037 bor-

94 1077 141 1105 rore
153 1063 283 1119 perfundant,
305 1062 353 1104 haec
364 1063 471 1105 identidem
488 1062 595 1103 obiiciunt:
618 1061 673 1119 Ergo
686 1062 798 1111 istiusmodi
808 1078 879 1120 corpo-

95 1132 123 1175 ris
140 1131 304 1185 necessitatibus,
328 1146 378 1188 quae
396 1131 414 1173 ei
426 1131 533 1174 familiares
545 1138 602 1183 sunt,
625 1132 791 1182 obstrictusfuit,
815 1131 878 1188 qualis

95 1202 171 1258 egestio
188 1207 219 1243 est
233 1215 256 1243 ac
272 1202 380 1244 secessus?
408 1201 490 1243 Addunt
502 1208 522 1242 et
534 1201 572 1243 alia
584 1201 690 1257 pleraque,
712 1216 762 1258 quae
773 1202 844 1244 callida
855 1216 878 1244 ac

95 1271 174 1314 subtilia
190 1270 294 1322 videntur,
318 1271 353 1313 sed
370 1270 469 1312 horrenda
485 1270 594 1312 otiosorum
611 1270 712 1312 bominum
731 1272 807 1313 ludicra
823 1278 877 1312 sunl.

94 1330 160 1392 Nam,
179 1339 357 1396 utaitpropbeta,
378 1343 421 1394 qtu's
438 1341 603 1380 boeeemum'bus
618 1343 687 1380 uestris
699 1344 814 1395 requisivit?
843 1338 875 1382 De
884 1353 928 1384 usar.
936 1355 951 1389 1.
961 1355 982 1384 aa

95 1423 181 1466 quonam
194 1423 243 1451 vero
253 1423 280 1451 ex
291 1409 382 1451 onmibus
394 1408 477 1461 sacroue,
493 1410 572 1450 tametsi
584 1409 674 1451 liouunes
684 1416 752 1451 essent
762 1409 878 1465 prophetae,

95 1493 134 1519 nou
146 1478 185 1530 dii,
206 1484 228 1519 ut
246 1484 266 1519 et
281 1478 416 1533 evangelistae
435 1477 549 1533 ceterique,
570 1477 880 1533 quiexanimaetearnecou-

95 1546 186 1599 stabant,
208 1560 232 1588 ac
243 1546 286 1588 sine
299 1547 338 1588 ulla
351 1546 472 1589 dubitatione
486 1547 549 1588 nostri
563 1546 638 1589 siurilcs
651 1554 720 1598 erant,
743 1548 786 1603 quis
800 1547 878 1599 borum,

95 1616 183 1672 inquam,
200 1616 268 1657 extitit
278 1616 301 1658 de
312 1631 350 1672 quo
360 1616 457 1658 eiusmodi
469 1617 564 1672 quaedam
577 1616 688 1672 conscripta
700 1616 785 1657 luerint?
804 1614 879 1658 Nonne

95 1685 161 1742 potius
173 1684 312 1727 honestissima
322 1699 411 1741 quaeque
424 1685 448 1727 de
460 1685 547 1736 sanctis,
569 1686 640 1727 uedum
657 1686 681 1727 de
692 1682 774 1728 Christo
791 1686 878 1737 domiuo,

96 1753 194 1810 scriptura
210 1754 310 1796 testatur?
383 1775 394 1791 a

154 1822 227 1864 Dicant
240 1823 298 1864 uobis
313 1822 328 1864 ii
342 1822 374 1878 qui
390 1830 410 1864 et
428 1837 476 1865 ores
491 1823 615 1876 absterrent,
639 1831 658 1865 et
673 1823 772 1865 columbas
787 1823 876 1878 abigunt,
911 1836 952 1879 Cap.

96 1902 117 1937 ct
129 1892 205 1936 Christi
223 1907 286 1948 agnos
303 1906 326 1933 ac
340 1906 413 1948 pecora
430 1893 510 1947 iugarat,
531 1892 610 1934 ubinam
622 1890 706 1949 Moyses
720 1893 766 1934 totis
781 1889 820 1934 illis
831 1906 879 1948 qua·
907 1882 955 1916 XVI·

96 1964 185 2019 draginta
197 1962 266 2003 diebus
279 1969 369 2003 ventrem
382 1961 537 2002 excaecaverit?
557 1975 641 2016 quonam
659 1963 683 2002 ad
694 1976 795 2004 secessum
809 1962 881 2003 abierit

53 2030 55 2033 ’
96 2031 151 2074 Elias
163 2032 187 2072 ad
197 2037 306 2073 torrentem
319 2026 407 2082 Charra,
425 2044 468 2071 cum
481 2030 572 2071 mamiato
583 2030 626 2082 dei,
648 2030 880 2086 quaeacorvisall'erc-

96 2101 168 2143 bantur
179 2098 265 2150 cibaria,
282 2099 319 2140 ltoc
330 2106 360 2140 est
371 2105 464 2147 motecti'ao
477 2107 559 2152 tempore
566 2113 641 2152 panem,
658 2114 735 2153 vespere
746 2115 814 2140 earnes
827 2115 878 2140 eom·
899 2112 912 2140 ι.
922 2111 962 2155 aeg.

96 2174 166 2212 ederet.
207 2168 308 2210 Nimirum
331 2168 410 2209 stultum
436 2174 480 2209 erat
498 2167 547 2209 baec
566 2183 578 2210 a
596 2168 694 2224 scriptura
717 2168 877 2220 commemorari,
906 2147 952 2184 ω’

97 2238 260 2295 quemadmodum
271 2245 291 2278 et
299 2236 345 2278 illos
357 2238 414 2278 modo
427 2237 546 2291 perscrutari
558 2237 638 2279 stultum
651 2244 689 2279 est.
721 2236 777 2292 Quae
790 2238 842 2279 euim
853 2252 880 2280 ex

96 2309 121 2351 iis
134 2307 210 2350 utilitas
226 2306 300 2363 percipi
315 2307 394 2362 potest?
413 2306 457 2361 quis
470 2305 531 2347 animi
543 2307 631 2348 lructus?
651 2320 701 2362 quae
714 2321 738 2348 eo
750 2314 825 2348 tantum
836 2320 881 2363 spe-

97 2384 137 2418 ctat
148 2383 170 2419 ut
183 2377 206 2417 ad
220 2382 357 2432 praesumptae
371 2374 471 2416 cuiusdam
484 2374 582 2430 opinionis
594 2375 730 2417 infidelitatem
741 2376 881 2418 adstruendam

97 2445 224 2488 inanissimas
236 2444 353 2486 occasiones
364 2443 440 2500 frigidis
450 2442 488 2485 illis
500 2443 557 2499 caragis
568 2450 586 2486 et
598 2444 621 2485 ad
632 2444 742 2486 animorum
754 2445 879 2486 eversionem

97 2514 174 2556 idoneis
191 2512 310 2570 suppeditet.
342 2512 408 2555 Velim
423 2520 441 2554 et
455 2512 491 2554 boc
506 2527 566 2569 porro
579 2512 636 2553 nobis
652 2514 774 2566 edisserant,
798 2528 881 2570 quianam

97 2584 175 2625 ratione
193 2584 255 2634 deus,
277 2596 321 2623 ιιιιιι
335 2583 409 2633 voluit,
432 2582 450 2623 id
467 2582 531 2637 egerit
547 2589 568 2623 ut
581 2579 716 2624 lsrae'litarum
730 2589 782 2623 totos
798 2584 881 2638 quadra·

97 2652 152 2707 ginta
169 2665 233 2694 anuos
249 2664 313 2706 neque
329 2651 361 2707 pili
377 2658 505 2702 crescerent,
527 2665 564 2693 nec
576 2650 713 2693 inveurarent
726 2650 800 2704 calcei,
817 2665 881 2708 neque

97 2728 166 2762 vestes
177 2727 319 2771 attererentur,
336 2726 370 2761 aut
380 2720 472 2761 sordibus
482 2719 645 2762 obsolescerent?
675 2720 711 2761 Au
719 2727 739 2761 et
748 2718 781 2761 isti
790 2720 814 2762 de
824 2720 881 2762 coelo

98 2789 256 2831 descenderant?
275 2795 307 2834 aut
319 2787 345 2829 dii
356 2787 433 2829 scilieet
446 2795 504 2831 erant
516 2787 589 2843 aliqui?
618 2787 681 2844 Atqui
696 2802 721 2829 ne
735 2787 840 2830 laudantur
852 2789 882 2830 illi

98 2856 189 2913 quidem,
211 2858 246 2899 sed
264 2856 352 2899 divinum
370 2871 442 2899 numen
458 2857 478 2899 in
496 2856 595 2913 plerisque
611 2862 753 2913 provocarunt.
788 2857 822 2900 An
840 2872 881 2900 non

100 2994 230 3028 Consternautes
240 2995 284 3028 enirn
299 3001 373 3028 mentem
386 2993 481 3039 simplicio·
503 2998 535 3028 lou.
549 2996 602 3028 Coton.
614 2999 662 3036 repet.

97 3052 135 3073 rum
147 3040 205 3074 statim
217 3041 275 3074 dicunt
287 3045 321 3074 cett.
525 3042 542 3074 2.
554 3036 631 3086 eoadem
641 3042 667 3073 ecl.
679 3043 734 3076 Peleu.

122 3085 161 3121 Gan.
171 3086 218 3120 XVI.
231 3106 253 3112 —
278 3089 292 3122 t.
304 3086 334 3123 καὶ
343 3097 373 3121 om.
384 3088 402 3121 in
411 3088 436 3120 ed.
447 3088 478 3122 Pe·
523 3086 539 3123 3.
552 3086 692 3131 decemminas.
