1988 3392
256 231 350 266 PANARH
360 231 403 267 LlB.
411 234 441 267 Ill.
452 233 507 268 TOM.
516 234 538 268 Il.
550 233 618 267 HAER.
627 233 703 266 LXXX.
830 225 873 267 469

89 313 113 356 alr
131 311 156 354 iis
171 324 295 369 nequaquam
312 312 420 354 abliorrere
437 314 469 355 vel
487 328 555 356 eornm
572 313 695 356 consuetudo
713 314 819 369 persuadet
834 328 873 370 qna

88 380 199 441 promiscue
208 381 246 424 viri
258 396 301 424 cnm
312 381 427 424 mulieribus
441 382 521 426 cubant.
553 381 649 427 Ceterum
662 382 782 425 Antiochiae
793 396 872 440 quoqne

88 450 145 494 sedes
161 449 246 503 trahent,
263 465 302 507 quo
317 464 329 492 e
344 448 491 508 Mesopotamia
506 466 551 495 sese
566 453 702 495 contulerunt.

144 586 189 631 Hoc
202 602 250 631 vero
263 589 322 646 longe
334 589 524 647 perniciosissimum
540 591 610 646 dogma
627 606 654 634 ex
667 590 727 633 nimia
742 590 872 646 quorumdam
882 597 923 643 Gap.
936 598 965 632 tv.

87 661 168 701 fratrum
182 657 279 714 imperitia
290 659 385 701 manavit.
417 659 456 715 Qui
472 674 516 702 cum
528 667 583 701 recte
594 659 666 716 alioqui
679 660 703 702 de
714 660 752 701 lide
764 659 871 712 sentirent,
901 698 903 701 ,

86 727 138 769 vitae
153 740 180 769 ex
192 725 266 770 Christi
282 728 356 770 domini
370 729 493 785 praescripto
509 728 642 772 instituendae
656 730 734 771 modum
748 742 872 784 nequaquam

41 843 42 846 Ἴ
85 796 240 849 intellexerunt,
260 804 358 852 quatenus
370 798 486 840 renuntiare
500 799 573 840 munclo
585 813 608 840 ae
619 798 677 839 bonis
688 811 710 839 se
723 798 797 839 suiset
810 797 873 838 lacul-

86 864 158 907 tatihns
176 864 280 917 abdicare,
305 866 394 908 fortunas
415 881 462 908 suas
482 867 570 909 vendere
591 881 615 908 ao
632 866 752 923 pauperibus
774 865 871 921 dilargiri,

86 947 164 976 cracem
181 933 234 974 ferre
249 947 273 975 ae
291 933 345 976 serio
360 935 416 990 sequi
432 948 455 976 se
471 935 583 988 mandavit,
606 949 646 977 nnn
662 942 684 977 ut
696 935 751 976 iners
764 942 784 976 et
795 935 872 976 otiosus

85 1001 181 1059 quispiam
192 1009 257 1055 esset,
274 1010 308 1045 aut
319 1003 459 1060 intempestive
470 1003 604 1056 helluaretnr,
621 1018 645 1045 ac
658 1005 749 1046 fucorum
760 1003 813 1045 inter
823 1017 871 1059 apes

85 1070 155 1114 similis
166 1071 230 1123 toret,
247 1071 335 1127 quinimo
345 1072 387 1114 snis
397 1079 420 1114 ut
431 1072 522 1115 manibus
535 1086 584 1128 opus
597 1073 685 1125 laceret,
702 1087 726 1114 ao
737 1072 817 1114 beatum
828 1072 871 1113 imi-

85 1147 162 1183 taretur
176 1140 299 1195 apostolam,
320 1142 352 1196 qui
365 1142 458 1184 mundum
475 1141 543 1185 valere
559 1141 631 1184 iubens
646 1155 719 1198 praeco
731 1142 823 1183 veritatis
836 1155 872 1183 ex·

85 1209 135 1252 titit:
158 1212 217 1251 Cuius
231 1224 298 1252 manus
314 1225 352 1252 non
367 1213 406 1265 apsi
416 1213 488 1261 soleam,
511 1213 546 1251 sed
555 1218 575 1251 et
585 1214 610 1252 iis
622 1213 657 1265 qui
670 1225 712 1251 enm
725 1213 759 1251 illo
770 1218 827 1251 eram
837 1225 870 1251 ne·
879 1229 912 1257 net.
921 1228 945 1265 20,
953 1228 975 1257 qq

85 1281 170 1320 ceccano
181 1280 340 1333 suppeditatum,-
357 1293 401 1321 cnm
414 1286 434 1321 et
446 1279 484 1336 ipsi
501 1278 581 1321 interim
599 1279 679 1321 minime
696 1286 813 1331 cessarent,
835 1279 871 1321 sed

85 1360 158 1403 operae
169 1347 275 1404 participes
287 1355 367 1398 essent,
383 1354 405 1390 ut
415 1349 499 1404 quodam
512 1348 555 1405 ipse
568 1348 612 1390 loco
624 1348 734 1404 gloriatur,
756 1362 779 1389 ac
790 1347 871 1389 disertis

84 1415 131 1458 illud
146 1416 214 1458 verbis
228 1416 335 1473 praecipit:
360 1419 399 1469 Qui
409 1425 561 1471 nonoperutur,
584 1432 622 1458 non
636 1419 743 1458 manducet.
776 1414 817 1459 Sed
830 1416 868 1468 illi,
882 1429 957 1460 artiess.

84 1498 133 1541 quos
148 1485 201 1537 dixi,
223 1485 294 1527 fratres
306 1485 370 1528 nostri
383 1486 433 1529 haud
444 1485 487 1528 seio
501 1483 636 1538 anaMane,
658 1483 870 1541 quiillucePerside
899 1465 945 1502 Μ’

84 1555 185 1611 protectus
199 1561 242 1607 est,
264 1554 303 1596 ista
316 1554 433 1606 didicerint,
456 1568 507 1611 quae
519 1554 543 1596 ab
554 1553 607 1596 omni
620 1554 697 1596 ratione
712 1568 795 1611 prorsus
806 1554 871 1595 aliena

85 1630 139 1665 sunt.
171 1619 222 1665 Cum
235 1637 246 1664 e
259 1624 360 1665 contrario
375 1623 535 1665 animadvertere
546 1622 592 1665 illos
604 1623 671 1666 divina
684 1623 783 1680 scriptura
794 1622 870 1675 inheat,

85 1691 117 1748 qui
127 1690 176 1733 nihil
187 1690 253 1748 operis
264 1691 346 1734 laciunt.
377 1690 453 1734 Verum
472 1692 610 1734 nonnullorum
623 1692 722 1735 mentibus
735 1693 808 1734 dietum
821 1692 870 1734 illud

84 1760 194 1803 servatoris
209 1760 315 1818 imposuit:
337 1764 448 1815 Opercmc'ni
459 1775 497 1802 oon
510 1762 584 1810 cibum,
607 1765 642 1816 qm'
650 1764 713 1815 perit,
735 1764 868 1815 sedqm'per-
896 1774 950 1818 mann.

83 1838 147 1871 monet
158 1833 178 1871 io
188 1833 245 1871 ortam
255 1838 359 1871 oeternum.
391 1829 420 1872 Ac
430 1830 458 1872 illi
471 1837 587 1886 pereuntem
599 1831 653 1873 illum
664 1830 729 1872 cibum
740 1831 764 1872 ad
777 1830 868 1887 praeela-
901 1811 915 1847 θ’
922 1811 944 1839 ²³¹

83 1913 125 1941 ram
136 1898 190 1941 illam
202 1912 282 1955 operam
298 1898 425 1955 laboremque
440 1899 542 1952 relernnt,
564 1913 622 1955 quem
634 1899 655 1940 in
668 1900 802 1941 eonseetanda
812 1898 869 1941 iusti-

84 1968 110 2010 tia
121 1968 250 2010 sustinemus.
282 1966 340 2022 erae
352 1968 429 2024 quidem
441 1980 502 2024 opera
517 1968 538 2009 in
552 1969 653 2010 Abraamo
669 1975 709 2009 tum
725 1968 800 2019 eluxit,
823 1982 868 2009 cum
886 1982 954 2012 aenae.

83 2036 100 2078 is
111 2036 193 2079 vitulum
204 2044 319 2093 appararet;
341 2050 378 2078 nec
390 2050 430 2077 non
441 2044 462 2078 et
472 2036 493 2077 in
504 2037 575 2088 vidua,
593 2051 647 2092 quae
661 2036 718 2079 Eliae
730 2050 801 2079 caussa
813 2035 868 2078 labo·
877 2053 891 2083 3,
900 2053 940 2089 neg.
949 2053 971 2083 ῃ,

83 2105 148 2157 ravit,
165 2112 185 2147 et
195 2105 215 2146 in
228 2103 276 2146 toto
288 2104 385 2160 denique,
403 2106 435 2161 qui
448 2105 467 2146 in
479 2105 547 2147 liberis
559 2105 611 2147 idem
622 2105 664 2147 suis
675 2105 800 2161 fortunisque
810 2119 868 2161 prae·

83 2175 140 2217 stitit.
171 2172 281 2216 Praeterea
297 2173 362 2215 nullus
380 2181 412 2215 est
423 2174 455 2215 dei
468 2174 552 2216 famulus
564 2173 597 2230 qui
611 2189 651 2215 non
665 2174 688 2215 ad
700 2173 827 2215 obtinendam
837 2173 868 2215 iu-

83 2243 156 2286 stitiam
170 2242 261 2285 manibus
277 2243 318 2284 suis
335 2256 384 2299 opus
398 2250 506 2294 exerceat,
528 2257 567 2298 quc
580 2242 600 2284 in
611 2250 694 2298 egentes
707 2243 809 2284 beneficus
821 2256 868 2284 esse

83 2313 154 2369 possit.
185 2311 244 2369 Quod
260 2313 279 2354 in
295 2324 414 2367 unoquoque
430 2311 564 2364 monasterio,
587 2319 626 2353 tant
638 2311 658 2352 in
670 2310 765 2368 Aegypto
777 2325 835 2366 qnam
846 2311 867 2352 in

83 2381 127 2423 aliis
139 2381 258 2437 provinciis,
281 2380 324 2422 lieri
339 2380 452 2432 cernimus,
475 2380 507 2421 ubi
524 2379 611 2423 institiae
623 2381 687 2436 gratia
698 2381 727 2422 sic
739 2381 762 2422 ad
776 2394 826 2436 opus
837 2380 869 2422 in-

83 2450 178 2492 cumbunt
186 2464 268 2500 omnes,
286 2457 377 2505 tanquam
390 2462 437 2505 apes
449 2448 556 2504 quaedam,
573 2463 625 2505 qnae
635 2463 701 2491 cerain
713 2449 808 2506 pedibus,
825 2448 869 2490 stil-

83 2517 113 2561 las
123 2518 188 2561 mellis
200 2532 236 2560 ore
247 2524 408 2574 comportantes,
432 2531 556 2559 communem
568 2518 708 2560 universorum
720 2518 820 2560 dominnm
831 2532 868 2573 pro

83 2600 145 2629 sensu
156 2602 193 2629 suo
205 2593 264 2643 atque
280 2594 351 2643 captu,
375 2587 458 2642 quodam
475 2586 530 2628 velut
541 2586 598 2628 vocis
609 2594 669 2629 cantu
684 2601 708 2628 ac
719 2586 868 2643 praedieatione

84 2655 197 2709 celebrant,
220 2663 277 2712 prout
292 2662 378 2696 testatur
392 2653 500 2697 Salomon:
521 2658 651 2708 Sapientiam,
673 2656 749 2712 inquit,
770 2659 962 2706 honoramentae,

26 2762 28 2765 .
80 2732 219 2777 procoetoect.
250 2722 296 2766 Nec
312 2723 371 2765 aliter
381 2723 436 2765 servi
446 2723 475 2765 illi
486 2723 517 2765 dei
528 2724 548 2765 in
561 2723 625 2765 solida
636 2725 728 2766 veritatis
741 2732 811 2781 petra,
832 2738 868 2765 ve-

84 2791 112 2833 lut
124 2794 263 2844 fundamento,
285 2791 378 2844 stabiliti,
399 2806 423 2833 ac
439 2794 517 2834 domum
531 2806 585 2834 snam
602 2792 678 2834 lirmam
691 2800 749 2848 atque
761 2792 868 2834 inconeus-

84 2874 126 2902 sam
139 2867 280 2913 exstruentes,
302 2874 338 2916 pro
348 2873 372 2901 ea
384 2875 442 2916 quam
455 2861 572 2917 profitentur
582 2868 637 2914 arte,
653 2861 796 2903 minutissimas
808 2874 868 2916 quas-

84 2942 122 2984 que
137 2943 209 2986 operas
224 2929 296 2984 singuli
314 2928 405 2970 manilrns
420 2929 463 2971 suis
476 2936 580 2973 exercent.
613 2928 675 2972 lidem
691 2944 741 2971 vern
752 2930 866 2971 universam

106 3043 122 3076 2.
135 3038 155 3082 te
165 3055 198 3079 aaa
209 3045 246 3078 edit.
257 3045 311 3078 Potor.
325 3045 378 3078 Coton.
388 3047 437 3085 repet.
510 3041 527 3078 t.
538 3041 569 3088 τὴν
580 3054 610 3078 om.
621 3047 639 3078 iu
648 3046 685 3078 edit.
695 3046 745 3078 Petco
758 3046 867 3087 Geronteon.

106 3087 122 3122 3.
135 3099 154 3123 τε
165 3091 211 3124 codd.
222 3100 259 3124 mss.
271 3094 339 3133 uterque.
363 3088 383 3125 δὲ
394 3091 437 3123 editt.
511 3090 527 3125 ὂ,
540 3087 557 3124 ἐν
568 3100 598 3123 cm.
611 3092 629 3124 tn
640 3092 677 3125 odit,
688 3092 743 3123 Petcu.
756 3093 808 3125 coron.
819 3095 867 3134 repet.
