1988 3392
181 238 275 272 ruuanu
286 238 368 272 Lthltt.
384 239 440 272 TOM.
453 240 474 272 tl.
492 239 570 272 EXPOS.
582 237 628 271 Fun.
641 237 738 270 GATHOL.
813 226 856 269 495

72 319 102 363 vis
113 325 134 361 et
145 318 250 361 efficacitas
266 319 396 370 ostendatur,
420 319 471 375 quod
482 326 575 376 tanquam
587 316 649 360 vitale
662 331 732 360 munus
745 316 856 359 infidelibus

71 397 92 434 et
104 389 129 432 ad
140 388 242 431 nationum
254 389 341 431 omniurn
355 389 508 432 conversionem
519 397 578 446 atque
591 389 615 432 ad
627 387 749 444 agnitionem
765 387 856 430 veritatis

71 467 103 503 est
118 458 212 501 oblatum.
245 457 308 514 Igitur
320 457 430 501 Chetturae
447 459 515 501 liberis
531 460 601 501 collata
616 459 651 501 illa
664 471 746 499 munera
761 457 856 513 pecuniae

72 535 140 578 erant,
162 525 230 569 aurum
243 527 347 578 videlicet,
370 528 591 583 argentumetvestis,
613 527 857 584 etqnaenousinemy-

71 597 133 640 sterio
147 597 258 638 Abraamus
269 589 289 637 in
302 595 381 638 illorum
397 598 451 652 peris
462 596 555 647 inclusit,
577 597 633 648 thus,
651 596 731 651 nrprrha
743 602 764 637 et
774 610 856 646 aurmn3

72 678 121 720 quae
136 664 160 704 ab
178 656 311 705 Sodomorum
329 671 349 705 et
363 663 487 706 Gomorrhae
503 663 585 718 regibus
599 664 687 719 aceepit,
710 679 750 718 qno
768 671 856 717 tempore

73 731 242 786 Chodollogoruor
250 739 270 771 et
280 729 352 782 Barsa,
369 732 471 786 ceterique
480 744 539 786 reges
550 729 664 771 Sodomitas
674 738 695 771 et
706 730 858 771 Gomorrhaeos

73 800 161 856 captivos
174 798 301 840 abduxerunt
312 812 336 840 ac
349 799 437 854 praedati
449 806 504 849 sunt,
520 805 560 839 tam
576 811 637 853 equos
650 812 708 852 qnam
722 798 821 848 homiues,
838 805 859 839 et

73 867 228 923 uniuscuiusque
244 866 333 908 fortunas
349 866 481 924 diripuerunt.
514 863 571 922 Quae
589 881 633 908 cum
652 866 766 909 Abraamus
781 881 808 910 ex
824 866 858 909 illa

73 953 142 995 regum
161 937 314 995 depraedatione
335 945 484 995 recuperasset,
510 951 613 994 neoquae
630 938 669 980 iam
687 938 724 979 deo
740 946 857 981 consecrata

73 1011 151 1052 lucrant
161 1008 245 1050 auderet
254 1015 359 1059 avertere,
376 1008 429 1049 inter
444 1008 481 1049 alia
496 1007 547 1048 dona
559 1007 628 1048 liberis
643 1007 697 1058 suis,
713 1021 763 1062 quos
774 1022 785 1049 e
796 1006 857 1050 Chet-

73 1086 117 1121 tura
129 1084 256 1134 susceperat,
272 1076 325 1119 ultro
339 1078 450 1129 concessit,
466 1084 488 1118 ut
499 1076 518 1117 iu
529 1074 667 1118 Hebraeorum
679 1075 817 1119 traditionibus
830 1077 858 1118 le-

73 1146 146 1202 gimus.

131 1280 265 1336 Posteaquam
281 1295 330 1322 vero
342 1279 435 1323 Christus
452 1283 472 1322 in
489 1283 541 1323 huuc
559 1283 652 1323 mundum
668 1282 735 1333 venit,
756 1280 815 1323 iidem
831 1282 963 1331 illiCap.V111.

74 1348 170 1390 Abraami
187 1355 207 1388 et
221 1345 331 1389 Chetturae
348 1348 394 1399 tilii,
417 1350 450 1403 qui
462 1364 473 1389 a
484 1356 539 1403 patre
557 1349 626 1389 reiecti
641 1349 661 1389 in
678 1348 784 1403 Magodia,
809 1363 859 1404 quae

75 1416 163 1458 Arabiae
175 1416 230 1471 regio
243 1423 286 1467 est,
305 1415 450 1465 habitaverant,
468 1417 505 1457 hoc
515 1424 546 1457 est
558 1414 612 1471 Magi
624 1416 714 1458 err-illius
725 1418 806 1471 generis
814 1431 860 1458 snc-

75 1485 167 1529 cessione
179 1485 290 1545 propagati,
307 1485 375 1528 eadem
388 1485 420 1528 illa
433 1486 484 1529 dona
493 1485 583 1529 eiusdem
594 1486 618 1529 ad
629 1486 787 1530 communionem
798 1487 860 1544 signi·
869 1491 926 1523 Mutat.
934 1493 947 1522 1·

76 1557 171 1600 beandam
184 1554 266 1600 Christo
277 1555 387 1600 Bethleemi
400 1557 526 1610 obtuleruut,
547 1572 591 1599 cum
603 1558 627 1599 ad
638 1566 739 1614 aspectu·
752 1557 824 1601 sideris
836 1573 861 1601 eo

76 1627 158 1683 profecti
171 1627 263 1669 fuissent.
295 1624 411 1669 Cuiusmodi
423 1629 474 1669 dona
483 1628 557 1675 diserte
568 1627 663 1683 propheta
675 1628 763 1669 declarat
775 1628 805 1670 bis
816 1642 861 1669 ver-

76 1696 115 1748 bis,
132 1698 224 1747 Qrcom'cm
235 1704 335 1750 antequam
345 1699 395 1736 serat
401 1710 452 1748 pcer
463 1698 560 1749 appellare
568 1704 643 1749 putrem
653 1704 690 1736 oet
697 1704 784 1745 matrem,
800 1701 863 1750 captet
871 1702 912 1731 Esar.
922 1703 956 1739 But·

73 1767 179 1818 potentiam
189 1767 281 1805 Doruoser'
288 1772 307 1804 et
316 1766 377 1817 spatae
387 1767 494 1814 Samariae,
511 1779 575 1805 corum
585 1780 632 1817 rege
642 1768 777 1817 Assymorma.
809 1764 861 1807 Nam

76 1832 203 1874 haecomnia
216 1832 312 1873 Abraami
330 1832 451 1888 temporibus
465 1847 477 1873 e
488 1832 589 1874 Damasco
606 1840 625 1873 et
639 1832 730 1874 Samaria
742 1847 753 1873 a
765 1846 862 1888 superve-

76 1898 176 1941 nientibus
188 1899 227 1940 illis
238 1899 318 1953 regibus
331 1907 395 1954 capta,
413 1907 434 1939 ut
445 1908 491 1940 ante
502 1900 552 1950 dixi,
569 1901 657 1941 fueraut.
688 1899 747 1954 erod
759 1908 790 1940 est
801 1900 863 1954 igitur

77 1973 154 2023 tempus
168 1967 230 2017 illud,
252 1981 291 2021 quo
306 1974 410 2021 antequam
425 1975 512 2021 patrem,
533 1974 568 2008 ant
583 1974 665 2008 matrem
679 1967 779 2022 appellare
791 1967 861 2019 sciret,

77 2035 128 2076 dona
139 2034 173 2076 illa
182 2035 244 2091 cepit,
262 2033 301 2075 nisi
313 2035 392 2075 eumad
404 2034 467 2090 ipsum
478 2035 598 2077 accedentes
610 2033 666 2090 Magi
678 2049 737 2092 peras
748 2050 809 2088 suas,
829 2036 862 2077 vel

77 2103 196 2159 thesauros,
214 2112 235 2148 ut
245 2104 340 2162 quaedam
353 2104 476 2163 exenrplaria
488 2119 535 2163 prae
546 2119 569 2148 se
580 2106 659 2159 l'crunt,
676 2114 809 2163 aperuerunt,
827 2106 862 2149 ob-

77 2177 204 2234 tuleruutque
216 2176 325 2233 myrrham,
337 2176 382 2219 thus
394 2183 415 2218 et
425 2177 510 2218 aurum?
531 2174 593 2219 Vides
605 2191 662 2233 quam
671 2184 716 2233 apte
726 2176 818 2219 veritatis
828 2192 861 2220 se·

77 2260 121 2289 oum
137 2261 204 2289 sermo
219 2245 323 2301 seriesque
336 2247 461 2288 consentiat?
482 2254 542 2302 utque
559 2246 653 2288 haereses
668 2246 723 2302 ipsae
739 2247 861 2290 concubinae

78 2315 130 2368 sint,
153 2330 235 2371 quarum
250 2316 318 2358 liberis
328 2329 409 2371 aspersa
422 2330 504 2357 munera
519 2316 572 2357 siut?
602 2314 660 2370 Quae
673 2315 750 2370 quidem
766 2315 862 2359 haereses

78 2385 142 2426 solnm
159 2398 232 2426 nomen
249 2383 374 2436 obtinentes,
399 2383 418 2424 id
431 2391 462 2425 est
477 2383 520 2425 sola
532 2381 608 2425 Christi
625 2383 756 2439 appellatione
773 2386 863 2428 censitae

79 2466 152 2506 paucas
165 2467 176 2493 e
187 2451 250 2492 sacris
265 2450 329 2492 literis
346 2451 457 2492 sententias
469 2451 581 2506 accipiunt,
603 2465 638 2506 per
649 2466 698 2505 quas
710 2452 828 2503 veritatem,
845 2453 863 2495 si

79 2520 153 2569 velint,
170 2519 281 2572 intelligere
291 2519 376 2572 possint.
408 2517 444 2560 Sin
457 2519 521 2559 minus
533 2518 606 2568 velint,
624 2526 644 2559 et
654 2519 679 2559 ad
690 2517 791 2560 Herodem
805 2521 863 2562 rede-

68 2627 69 2631 ,
80 2593 114 2626 ant
123 2586 248 2639 (mandatnm
256 2591 321 2625 autem
331 2585 371 2626 illis
381 2593 420 2636 est,
433 2599 459 2626 ne
468 2587 492 2626 ad
502 2584 603 2626 Herodem
614 2586 705 2636 redeant,
717 2586 752 2626 sed
761 2600 797 2642 per
805 2588 863 2629 aliam

80 2654 132 2696 viam
149 2660 277 2696 revertantur
292 2652 312 2693 iu
329 2654 412 2711 patriam
430 2657 509 2709 suam):
532 2654 567 2695 sed
579 2655 596 2695 si
607 2653 705 2711 imperata
719 2655 787 2697 facere
798 2656 864 2700 detre-

81 2730 146 2781 ctent,
162 2724 228 2768 inania
240 2730 260 2766 et
270 2723 393 2768 infructuosa
405 2724 453 2768 haec
465 2725 504 2768 illis
518 2725 569 2768 dona
582 2725 668 2779 luerint,
690 2723 772 2784 perinde
784 2742 807 2770 ac
817 2725 863 2770 Ma-

81 2795 112 2850 gis
123 2796 231 2854 profectio,
252 2795 270 2837 si
280 2795 305 2837 ad
319 2795 421 2838 Herodem
435 2796 578 2848 revertissent,
600 2797 652 2851 qnod
664 2797 756 2840 similiter
769 2797 863 2841 haereses

81 2863 136 2921 ipsae
151 2880 253 2909 sacrarum
268 2866 370 2908 literarum
385 2865 477 2922 dogmata
492 2865 621 2908 adulterando
637 2874 773 2924 corrumpant.

81 3004 158 3056 uesttpt'r's)
171 3008 186 3038 et
201 3007 244 3038 editt.
267 3002 362 3047 a'ue‘rpsdaer
374 3005 408 3037 cod.
422 3006 462 3038 aaa·
484 3008 532 3057 repet.

82 3048 121 3127 alli.
133 3090 176 3129 alilah
186 3097 262 3129 omissum
273 3098 290 3128 ia
299 3096 397 3128 editPetov.
406 3096 461 3128 Coton.
509 3050 675 3127 Habulllbmsscml.
682 3050 790 3135 Rpppdppm
801 3094 843 3141 ἔχει.
