1988 3392
245 237 339 272 rnnnan
351 238 394 274 ιιι,
402 239 432 273 ιιι.
443 239 499 274 rom.
509 240 522 273 r.
534 238 601 273 naun.
611 238 694 272 Lxxrn.
834 230 861 272 77

77 330 97 367 et
112 328 204 365 creatura
222 322 334 380 segregatis
350 322 432 380 reliquis
449 322 527 366 unicam
545 322 599 366 illam
621 323 722 365 notionem
743 321 861 379 deligamus,

77 407 115 451 qna
128 407 139 434 a
153 393 251 450 passionis
263 401 347 450 experte
359 395 487 450 perlectoque
501 410 524 437 ac
536 393 601 437 stabili
614 402 718 444 creatore,
735 400 755 434 et
766 391 862 435 eiusmodi

77 462 174 518 denique,
195 463 305 505 cuiusmodi
316 470 427 505 creaturam
438 476 483 504 esse
494 464 568 516 volant,
591 463 701 504 derivatam
710 462 763 504 illam
775 461 862 518 concipi·

76 544 133 582 mus,
149 538 305 573 consentaneum
315 539 347 572 est
357 538 379 573 ut
389 545 415 573 ex
426 530 488 586 patris
500 532 574 587 liliique
587 532 682 582 vecibus,
704 530 863 585 qnandoquidem

76 598 97 639 in
110 604 185 652 patrem
200 612 223 639 ac
240 598 301 639 lilium
314 599 397 639 credere
409 599 513 653 praecipue
529 599 649 649 dedicimus,
671 599 767 649 eandem,
789 605 810 638 ut
820 597 863 652 pies

77 678 101 707 ae
115 664 222 720 religiosos
237 665 306 717 decet,
323 665 412 707 notitiam
428 665 549 709 hauriamus.

72 787 74 790 Ι
134 731 269 792 Quamobrem
281 734 298 778 si
311 734 331 778 in
344 749 366 778 re
376 736 476 795 proposita
486 735 506 779 in
518 743 574 795 patre
586 735 724 779 discernamus
734 734 754 778 id
765 733 816 793 quod
829 733 863 777 ad·
873 739 913 787 cap.
925 740 954 777 tv.

77 805 161 850 haerere
176 807 239 861 solet,
261 814 283 849 ut
295 822 338 850 cum
355 807 438 864 quadam
449 807 553 851 affectione
566 808 703 865 prulluvioque
715 807 750 850 lilii
764 814 822 865 pater
833 806 863 848 in-

78 876 189 932 telligatur,
211 885 232 919 el
248 877 309 918 lilium
325 878 379 918 nulle
394 877 471 919 sentiae
488 885 617 934 propagatum
635 877 770 934 coracipiamus
786 876 861 928 alcime,

77 959 143 1002 neque
158 945 267 999 eiusmodi,
288 952 313 987 ιι
326 945 430 1002 corporeis
446 953 530 988 naturae
546 945 623 987 viribus
633 947 745 998 adulescat,
767 954 787 988 et
797 947 820 987 ad
832 946 863 987 in-

77 1021 199 1056 crementum
217 1014 405 1069 corruptionemque
420 1013 508 1063 vicissim
525 1021 629 1065 transeat,
650 1029 700 1069 quae
713 1021 758 1055 sunt
771 1014 862 1069 propriae

77 1095 144 1122 rernm
163 1095 304 1136 corporearum
323 1089 395 1122 nolaez
417 1081 459 1131 bis,
482 1081 574 1135 inquam,
598 1080 754 1136 circurrrscriptis
771 1081 862 1122 errrnibus

77 1147 126 1190 nillil
142 1156 221 1205 praeter
236 1147 306 1190 similis
320 1147 422 1190 notionem
439 1147 550 1190 habebitur.
581 1146 609 1190 Ut
622 1150 673 1189 enim
690 1162 734 1190 cum
746 1162 758 1190 a
770 1154 863 1190 ereatura

77 1218 134 1273 (nam
154 1217 173 1260 id
194 1218 259 1261 denuo
279 1218 408 1276 repetendum
429 1219 471 1274 est)
491 1216 614 1261 exclusimus
632 1217 710 1271 onmia,
735 1232 795 1260 ιιιιιιι
815 1216 862 1260 illud

77 1288 210 1347 sumpsimus,
232 1289 252 1333 in
265 1297 357 1333 creatore
373 1290 451 1347 quidem
471 1297 543 1333 statum
560 1290 657 1347 quendam
675 1290 774 1348 passionis
789 1304 863 1348 exper-

78 1368 129 1412 tem,
146 1361 166 1403 in
178 1363 271 1403 creatura
281 1375 330 1402 vero
343 1363 449 1417 perlectam
462 1368 482 1402 et
492 1361 569 1416 qualem
584 1361 676 1402 conditor
688 1360 763 1413 voluit,
779 1374 803 1402 ac
815 1360 863 1402 soli·

78 1429 121 1471 dam
140 1437 222 1471 naturae
239 1429 366 1485 qualitatem,
391 1429 421 1471 sic
435 1428 455 1469 in
475 1437 550 1485 patrem
569 1436 589 1470 et
607 1429 668 1470 lilium
683 1429 785 1485 corporeis
799 1428 863 1470 omni-

78 1497 115 1539 bus
131 1497 236 1553 amputatis
253 1498 312 1538 unica
327 1497 397 1539 similis
413 1497 465 1551 qnod
477 1499 499 1538 ad
517 1497 624 1538 essentiam
637 1497 708 1538 attinet
719 1498 810 1540 animalis
828 1512 863 1554 ge-

78 1564 156 1605 neratio
175 1566 304 1605 transfertur.
340 1563 402 1605 Pater
420 1564 473 1604 enim
491 1565 522 1605 sui
544 1564 614 1604 similis
635 1565 758 1605 substantiae
777 1572 833 1619 pater
852 1578 863 1604 a

78 1629 136 1672 nobis
153 1629 279 1687 intelligitur.
317 1628 376 1686 Quod
393 1630 409 1673 si
426 1645 465 1672 una
479 1645 523 1673 curn
541 1631 615 1673 ceteris
628 1631 720 1673 omnibus
740 1631 862 1684 ncticnibas,

78 1713 129 1759 qnae
140 1713 167 1743 ex
182 1699 243 1758 patris
255 1706 276 1741 et
287 1699 322 1742 lilii
334 1700 597 1758 nominibuscorporearum
611 1715 677 1743 rernm
689 1700 775 1760 propriis
789 1701 864 1758 eogita-

78 1772 133 1815 linne
148 1771 299 1830 praeciduntur,
324 1780 407 1816 catanae
423 1787 500 1829 qunque
516 1771 607 1815 animalis
623 1788 667 1815 cnm
684 1780 740 1831 patre
755 1773 863 1816 similitudo

77 1842 170 1894 tollatur,
191 1856 251 1898 equa
267 1842 391 1899 intelligendi
408 1843 505 1884 rationem
517 1856 595 1885 enarrem
609 1844 712 1895 ducimus,
733 1850 809 1899 patrem
822 1858 864 1885 am-

78 1909 129 1968 plius
141 1911 227 1963 ιιιιΙΙιιιι,
249 1917 284 1953 am
297 1911 357 1954 lilium
370 1925 416 1954 esse
428 1912 545 1964 credemus,
561 1912 596 1953 sed
610 1920 731 1962 creatorem,
749 1927 772 1953 ac
786 1920 864 1954 creatu·

78 1993 131 2030 rana,
152 1987 173 2020 et
182 1993 330 2034 supervacanea
341 1980 436 2035 quaedam
448 1980 539 2032 nomina,
561 1994 612 2034 quae
628 1980 677 2022 nttnt
692 1994 727 2036 per
737 1981 803 2036 seipsa
815 1995 863 2021 enrr-

79 2047 162 2100 teratu„
183 2044 211 2087 lta
229 2047 264 2087 liet
277 2053 297 2087 ut
313 2048 361 2088 dens
374 2054 453 2088 creatur
462 2047 500 2097 sit,
522 2060 560 2087 nec
572 2048 609 2087 ulla
624 2055 689 2089 tamen
702 2047 780 2088 ratione
792 2047 819 2088 sit
830 2062 864 2103 pa·

79 2120 117 2154 ter.
149 2110 207 2166 Quod
225 2112 277 2153 enim
291 2120 346 2168 pater
362 2128 401 2154 ncn
414 2113 476 2167 ipsius
489 2113 586 2164 actionis,
608 2114 642 2153 sed
661 2121 744 2154 natiuae
761 2115 863 2154 cuiusdam

79 2180 161 2233 similis,
177 2195 228 2237 qnae
243 2194 278 2239 per
290 2180 342 2223 illam
355 2181 453 2223 acticnem
465 2181 546 2234 existit,
561 2188 616 2237 pater
628 2182 744 2239 appelletur,
755 2182 863 2224 naturales

79 2251 133 2312 ipsae
149 2251 237 2296 rationes
256 2251 360 2297 evidenter
375 2253 490 2296 ostendunt.
520 2251 573 2296 Nam
591 2267 634 2296 cnm
654 2253 714 2296 multa
731 2267 792 2311 penes
808 2255 863 2296 desem

79 2323 179 2366 actinnurn
195 2337 271 2380 genera
288 2324 339 2376 sint,
360 2324 399 2367 alia
414 2331 445 2367 est
458 2324 522 2377 actio,
544 2339 582 2380 qua
599 2331 710 2367 creatorem
726 2324 862 2380 intelligimus,

80 2400 177 2450 quatenns
188 2393 239 2435 coeli
250 2400 366 2449 terraeque,
384 2400 404 2436 et
414 2407 463 2449 qnae
476 2394 506 2437 tns
518 2394 645 2436 continentur
657 2393 757 2445 οιιιιιίιιιι,
774 2408 811 2436 nec
824 2408 864 2436 ιιιιι

80 2468 179 2504 eteorum
196 2476 247 2517 quac
262 2461 326 2503 videri
345 2469 447 2518 nequeunt
464 2470 544 2505 creatur
559 2470 598 2504 cst.
636 2461 726 2504 Eraridem
745 2476 793 2504 veru
812 2463 865 2504 unici

80 2528 117 2571 lilii
134 2537 235 2585 parentem
250 2545 289 2572 non
304 2537 396 2585 tanquam
414 2538 537 2582 createrem,
564 2530 598 2571 sed
614 2537 706 2585 tanquam
720 2537 808 2585 patrem,
831 2531 864 2586 qni

81 2597 162 2652 gerrrrit,
183 2611 229 2638 esse
246 2599 393 2651 cognoscimus.
425 2596 500 2638 Verum
513 2597 530 2638 si
542 2605 623 2652 propter
634 2598 699 2648 illam,
721 2612 779 2651 quam
798 2607 864 2639 rnerne

81 2663 216 2718 curteipimus,
237 2665 339 2719 corporeis
356 2665 375 2705 in
386 2664 475 2720 patribus
491 2678 515 2705 ac
528 2664 574 2704 liliis
591 2664 725 2704 cerrditicnem
739 2665 864 2719 passionibus

81 2730 201 2786 obnoxiam,
224 2739 317 2775 vereatur
333 2732 416 2790 aliquis,
437 2747 463 2775 ne
479 2734 495 2775 si
512 2732 601 2790 eorporis
618 2747 692 2792 expers
705 2734 753 2775 deus
765 2747 864 2790 generare

82 2802 171 2857 dicatur,
193 2803 287 2862 quaedam
306 2804 323 2847 ei
336 2803 434 2847 tribuatur
446 2805 539 2858 all'ectic,
555 2810 589 2847 aut
602 2803 622 2847 id
637 2804 700 2862 ipsum
714 2806 765 2862 quad
776 2805 865 2863 gignitur

81 2874 217 2930 imperfectum
235 2881 352 2925 censeatur,
383 2880 406 2916 ac
423 2882 490 2917 cetera
506 2875 524 2917 id
543 2888 606 2931 genus
626 2890 675 2931 qnae
698 2890 795 2932 ccrpnreu
814 2875 864 2931 patri

83 2942 163 2999 liliaque
180 2944 313 2995 conveniunt,
334 2943 351 2985 si
368 2944 386 2985 id
402 2942 480 2999 inquam
494 2952 585 2986 metuens
595 2958 710 2998 gerrnanam
724 2944 818 2999 patrisne
830 2944 865 2986 lilii

83 3010 184 3054 unctionem
202 3013 291 3063 auderat,
314 3026 339 3053 eo
354 3011 431 3053 demum
448 3012 559 3063 relabetur,
581 3012 640 3053 talem
657 3020 678 3053 nt
697 3012 758 3052 liliam
778 3019 863 3063 asserat,

84 3080 148 3135 qualia
160 3087 206 3122 sunt
217 3080 296 3136 opificia
306 3080 393 3135 reliqua,
414 3094 452 3121 nec
462 3081 516 3121 illum
527 3079 607 3121 ιιιιιὶιο
619 3080 681 3121 tilium
693 3079 786 3135 appellet.
816 3079 866 3121 Ete-
