1988 3392
248 226 340 263 ransart
352 227 395 262 tre.
407 229 438 262 nt.
450 229 505 263 rom.
516 229 529 262 r.
542 228 610 262 nunu.
620 227 678 263 Lxx.
827 218 855 260 25

70 324 94 353 eo
114 306 173 350 modo
194 321 233 364 quo
248 308 301 350 inest
315 308 335 350 iu
350 322 375 350 eo
391 309 496 365 splendore
511 310 544 366 qui
560 308 758 366 comprehensionem
774 308 856 352 excedit

71 391 157 421 onmem.
190 375 245 418 llaec
261 391 297 419 nos
314 392 350 433 pro
367 377 443 420 viribus
460 379 535 420 nostris
548 378 572 419 ad
584 378 615 419 dei
629 378 724 425 bonorem
739 386 759 420 et
770 378 854 433 gloriam

71 449 154 490 bumana
167 445 234 501 lingua
245 446 396 502 disputavimus.
426 445 474 488 Nou
492 448 543 489 enim
558 447 596 489 alta
608 460 658 489 voce
673 454 708 488 aut
722 461 816 489 sermone
827 446 855 488 uti

70 528 183 572 possumus,
200 514 232 570 qui
244 513 271 555 sit
281 527 305 554 eo
319 513 453 570 praestantior
463 529 520 571 quem
532 515 590 557 nubis
601 516 659 556 modo
670 516 754 570 quodam
766 530 789 557 ac
800 531 856 558 merr-

70 597 116 625 sura
129 581 288 633 deusattribui13
306 582 382 622 tametsi
393 584 526 638 praestantius
537 584 611 637 aliquid
623 592 689 623 mente
702 583 725 623 de
737 584 775 624 deo
787 584 854 625 eonci-

70 651 155 707 piamus.
185 648 262 689 Verum
273 656 365 703 quantum
379 657 447 690 mistro
459 664 515 691 niens
526 651 591 705 eupit,
613 657 689 690 tautum
702 663 725 690 os
737 650 802 703 eloqui
815 664 854 690 non
875 699 877 701 ‚

71 724 148 773 potest,
172 716 222 770 quod
240 722 259 755 et
275 729 367 756 mensura
384 717 415 757 illa
428 726 543 768 coercetur,
565 725 585 757 et
601 717 704 771 corporeis
717 717 854 757 instrumentis

71 785 148 827 affixum
170 789 257 824 tenetur.
296 781 396 837 Quocirca
418 784 547 826 imbecillitati
569 792 651 827 nostrae
672 785 720 825 deus
740 784 854 837 indulgens,

70 866 127 908 qnam
141 852 165 892 de
175 851 218 908 ipso
230 851 318 892 notitiam
332 851 459 906 adipiscimur
469 867 491 894 ac
502 852 585 907 gloriam
598 852 713 904 deserimus,
730 849 856 909 aequiboni-

70 936 108 979 que
118 921 212 973 consulit,
229 920 272 962 dum
283 920 336 962 illam
346 921 405 962 ctiam
416 936 477 978 supra
486 921 558 963 virium
570 929 682 963 nostrarum
694 930 771 979 raptum
783 931 856 964 enten-

71 993 146 1045 dimus3
171 1006 210 1033 nen
223 998 243 1033 ut
256 991 294 1033 ullo
306 991 325 1033 in
338 1005 360 1033 re
374 992 412 1033 deo
424 992 569 1045 gratificcmur,
592 993 626 1034 sed
637 998 660 1034 ut
671 993 736 1044 illum,
753 994 816 1049 quoad
828 993 855 1035 si·

70 1070 110 1104 tum
128 1061 149 1103 iu
165 1061 223 1115 uobis
239 1068 281 1112 est,
303 1060 361 1103 laude
374 1062 510 1114 celebremus3
530 1069 553 1103 ut
567 1069 587 1103 et
597 1063 621 1103 de
631 1062 665 1103 illo
676 1062 770 1116 religiose
782 1062 856 1103 sentia-

70 1145 126 1181 mus,
143 1137 163 1172 et
171 1131 195 1172 ab
206 1129 250 1172 eius
262 1130 327 1185 gratia
339 1137 359 1171 et
372 1131 455 1171 veritate
467 1145 506 1171 nou
519 1131 643 1174 excidamus.
675 1131 741 1186 Atque
759 1131 808 1172 bare
821 1132 855 1173 ad-

71 1213 141 1241 versus
153 1198 239 1240 Andium
253 1199 396 1253 Audiuuosqne
411 1198 535 1254 disputantes
551 1198 629 1240 illorum
645 1200 737 1253 dogmata
751 1199 856 1254 proposui-

70 1282 125 1320 mus3
136 1282 186 1324 quae
197 1266 312 1323 simpliciori
324 1267 406 1323 quadam
416 1267 493 1308 ratione
502 1281 526 1308 ao
537 1266 633 1324 pertinaci
645 1267 778 1309 contentionis
789 1267 855 1309 studio

70 1337 155 1393 turpiter
169 1343 295 1378 asseverant.
710 1363 713 1380 ,

127 1404 207 1445 Habent
226 1417 276 1444 vero
294 1410 314 1444 et
330 1404 367 1445 alla
387 1404 500 1459 complura,
524 1404 595 1459 quibus
612 1404 734 1459 potissimum
756 1405 852 1454 nituntur,
867 1419 948 1463 eaptx.

70 1486 131 1527 seque
149 1472 173 1511 ab
191 1471 290 1512 ecclesiae
305 1472 445 1512 coniunctione
460 1478 604 1525 segregarunt,
626 1471 696 1524 quibus
715 1479 733 1512 et
750 1472 800 1512 alios
815 1472 856 1526 ple-

70 1552 152 1593 rumque
169 1538 297 1578 conturbatos
315 1538 339 1577 ab
357 1539 425 1578 eadem
440 1538 525 1578 ecclesio
541 1538 649 1586 divellunt,
672 1538 774 1592 utriusque
794 1551 856 1578 sexus
906 1593 908 1596 v

72 1605 171 1646 bomines.
200 1603 255 1645 Nam
266 1618 310 1644 cum
326 1603 404 1645 ludaeis
415 1602 493 1645 Pascha
509 1605 611 1645 celebrare
623 1604 704 1655 volunt,
725 1605 762 1645 boc
775 1612 855 1660 estque
889 1600 894 1604 i

72 1680 161 1729 tempore
174 1670 241 1714 ludaei
255 1671 333 1727 Azpma
347 1686 382 1714 sua
396 1680 504 1727 peragunt,
527 1680 574 1714 tuno
593 1671 620 1714 illi
633 1670 738 1714 Pusebatis
752 1672 856 1714 celebrita-

70 1748 109 1783 tem
125 1741 210 1794 obeunt,
231 1747 253 1782 ut
270 1740 295 1782 ab
312 1740 398 1782 ecelesia
416 1740 521 1782 dissentire
539 1741 652 1783 videantur.
689 1739 748 1797 Quod
763 1741 857 1784 videlieet

71 1811 116 1853 olim
131 1811 179 1854 baec
190 1811 210 1853 iu
220 1809 304 1853 ecclesia
317 1811 440 1852 consuetudo
453 1817 533 1867 recepta
547 1810 612 1853 luerit.
645 1809 768 1868 Quamquam
786 1811 857 1854 uouui-

71 1882 96 1924 ltil
110 1882 146 1924 bac
157 1881 177 1922 iu
190 1888 246 1938 parte
256 1881 412 1932 calumniantur,
430 1887 449 1922 et
459 1881 603 1936 ecclesiasticis
615 1881 683 1923 lalsam
694 1882 792 1924 rationem
807 1881 856 1924 obii-

18 1951 20 1954 ’
71 1950 132 1992 ciunt.
164 1949 334 2001 exconsulum,
351 1949 453 2005 inquiunt,
472 1958 571 2006 tempore,
588 1958 609 1992 ut
620 1951 746 2006 imperatoris
759 1951 855 1993 rationem

72 2019 171 2061 haberetis
181 2026 282 2075 paternam
294 2019 314 2059 iu
325 2019 444 2060 celebrando
455 2019 548 2073 paschate
561 2020 724 2061 cousuetudinem
738 2021 855 2075 reliquistis,

71 2089 162 2143 diemque
173 2086 317 2136 commutastis,
335 2094 355 2127 ut
367 2100 403 2127 ros
415 2087 438 2127 ad
451 2087 577 2142 imperatoris
589 2095 657 2129 nutum
669 2089 855 2130 accerrimodaretis.

72 2154 157 2210 Quidam
175 2154 376 2211 etiampervicaeius
394 2154 499 2204 deliciunt,
523 2162 555 2206 et,
579 2152 629 2196 Cum
649 2155 732 2206 natalis,
754 2157 854 2210 inquiunt,

72 2222 199 2265 Constantini
218 2223 365 2272 celebraretur,
389 2221 492 2264 Pascbatis
508 2223 604 2264 rationem
621 2222 748 2264 immutastis.
780 2222 855 2265 Verum

72 2292 88 2332 si
100 2293 168 2333 endem
180 2291 286 2346 quotannis
299 2290 330 2330 die
343 2288 420 2330 Pascha
432 2298 631 2345 repraesentaretur,
647 2291 667 2330 iu
681 2304 743 2344 eaque
753 2290 856 2331 celebrau-

72 2358 118 2399 dum
133 2372 179 2399 esse
194 2358 298 2399 statuisset
316 2358 349 2397 illa
361 2358 449 2412 synodus
465 2371 475 2396 a
489 2355 621 2398 Constantino
636 2358 732 2407 collecta,
749 2358 857 2412 probabilis

66 2426 154 2467 'istorum
166 2431 220 2466 esset
230 2424 303 2465 oratio.
335 2423 395 2464 Nunc
410 2438 455 2463 carm
468 2425 525 2464 aunis
538 2424 621 2477 singulis
639 2439 677 2465 nou
697 2425 773 2465 eadem*
782 2432 857 2480 tempo-

72 2506 115 2533 rum
128 2492 192 2534 series
209 2492 323 2548 putatioqne
336 2492 466 2545 respondeat,
488 2491 553 2531 inanis
566 2498 597 2531 est
609 2492 646 2531 ista
656 2494 715 2532 ratio.
746 2491 793 2532 Non
805 2493 857 2533 euim

73 2560 97 2602 ob
110 2560 196 2602 natalem
210 2574 279 2612 sunm,
296 2560 330 2600 sed
343 2559 366 2601 ad
379 2559 484 2600 ecelesiam
495 2558 638 2600 conciliandam
652 2560 669 2601 ei
682 2559 711 2601 rei
723 2561 809 2602 studium
822 2562 857 2602 im·
877 2612 879 2614 q

73 2638 154 2686 perator
165 2628 261 2671 adlribuit.
292 2626 347 2670 sam
359 2627 406 2669 illud
418 2628 516 2669 latendum
528 2627 585 2669 uobis
597 2634 639 2679 est,
657 2629 695 2670 duo
707 2630 803 2684 quaedam
817 2644 858 2671 ma-

73 2698 126 2742 xima
145 2713 181 2756 per
198 2697 369 2754 religiosissimum
387 2712 411 2739 ae
431 2696 558 2752 beatissimae
579 2698 687 2740 nromoriae
704 2695 857 2741 Constantinum

73 2783 84 2809 a
98 2770 135 2811 deo
147 2783 193 2810 esse
210 2769 312 2826 praestita.
344 2765 434 2821 Quorum
447 2769 530 2823 primum
541 2767 577 2809 fuit
589 2776 610 2808 nt
625 2769 753 2809 oecumenica
769 2771 858 2825 synodus

74 2838 213 2895 colligeretur,
235 2851 257 2878 ac
278 2836 323 2878 fidei
343 2850 419 2878 sumnia
434 2835 524 2878 Nicaeae
543 2836 643 2893 explicata
658 2844 815 2894 proponeretur,
838 2845 858 2879 et

53 2751 62 2768 0

96 3019 113 3053 3.
125 3017 159 3055 dard
171 3022 233 3053 nolebat
244 3021 323 3053 Percotes.
474 3019 579 3064 tractarem)
591 3022 628 3054 edit.
640 3022 696 3054 Peter.
708 3018 810 3056 emmenum
821 3023 859 3056 rett-

97 3062 113 3098 lt.
126 3064 264 3109 cereamque.
275 3067 328 3100 Gelon.
337 3068 385 3115 repet.
396 3067 451 3098 otttoee
474 3068 502 3111 qut
514 3067 555 3100 tibrz'.
