1988 3392
152 198 193 240 120
441 205 524 242 εκαατι
535 204 652 240 σοινεεινιι

152 303 201 341 ομεν
214 287 242 337 είς
252 287 287 330 ἕνα
298 284 359 339 θεόν,
381 286 456 343 πατέρα
467 282 631 341 παντοκρότορα,
651 285 687 329 τόν
701 284 788 341 ποιητήν
802 284 893 343 οὐρανοῦ
904 289 938 331 καὶ

151 360 199 411 γῆς,
215 353 294 413 δρατοῖν
302 373 323 398 τε
332 356 367 398 καὶ
378 353 476 410 ἀοράτων.
507 351 632 408 Πιστεόομεν
641 355 663 398 δὲ
673 356 707 399 καί
716 357 745 405 είς
753 352 789 397 τόν
798 353 869 410 κόριον
880 353 939 410 ἡμῶν

149 422 228 479 Ἰησοῦν
241 422 330 482 Χριστόν
341 422 376 466 τόν
385 421 431 465 υίόν
439 426 475 464 τοῦ
486 426 549 474 θεοῦ,
564 421 600 466 τόν
610 424 630 475 ἐξ
642 423 707 468 αὐτοῦ
719 424 840 481 γεννηθέντα
851 422 940 476 ἀπαθῶς

152 491 192 549 πρδ
209 492 293 537 πάντων
310 491 398 543 αίοίνων,
418 488 469 533 θεόν
483 489 554 547 λόγον,
573 491 626 535 θεδν
640 494 662 536 ἐκ
672 497 736 545 θεοῦ,
758 496 867 549 μονογενῆ,
887 498 939 546 φοῖς,

152 559 216 616 ζαην,
231 561 339 617 ἀλήθειαν,
355 563 439 613 σοφίαν,
460 557 557 614 δύναμιν,
578 558 604 604 δι’
614 555 640 603 οδ
651 559 675 603 τοί
687 561 753 605 ποίντα
764 563 865 618 ἐγένοντο,
884 561 941 606 τοίέν

152 636 196 681 τοῖς
207 629 302 688 οὐρανοῖς
312 630 345 673 καί
356 626 380 672 τοί
392 629 425 671 ἐπὶ
436 632 473 683 τῆς
483 632 530 685 γῆς,
552 630 590 671 εἴτε
604 626 678 684 ὁραταί,
699 632 738 673 εἴτε
751 628 833 687 ἀόρατα.
847 650 849 652 ·
865 634 942 674 Τοῦτον

153 698 272 754 πιστεύομεν
283 699 316 743 ἐπὶ
328 699 426 756 συντελείᾳ
440 700 480 740 τοῖν
492 694 573 740 αι’σίνανν
583 698 612 747 εἰς
623 697 721 752 ἀθέτησιν
732 697 862 755 ὗάμαρτιιῖν,
877 697 942 756 σόρκα

154 767 280 823 ἀνειληφέναι
289 768 311 809 ἐκ
322 770 358 820 τῆς
371 763 448 822 ὓᾶγίας
456 766 573 822 παρθένου,
588 766 622 808 καὶ
633 765 829 823 ἐνανθρωπησαντα,
848 767 943 811 παθόυ.α

154 831 205 893 δπὲρ
219 840 259 878 τοῖν
271 833 373 890 ἁμαρτιῶν
384 831 452 888 ἡμῶν,
474 836 509 877 καί
521 832 647 888 ἀναστόντα,
667 837 701 879 καί
712 835 856 890 ἀναληφθέντα
868 837 896 886 εἰς
908 833 943 879 οὗ·

155 903 239 962 ρανοός,
259 904 383 955 καθέζεσθαι
398 904 419 946 ἐν
435 903 491 961 δεξιᾷ
502 907 538 946 τοῦ
553 901 640 960 πατρός,
660 903 720 947 πόλιν
737 904 843 961 ἐρχόμενον
860 906 881 947 ἐν
893 903 943 964 δόξῃ

153 977 220 1029 κρῖναι
230 976 305 1024 ζοῖντας
316 973 351 1014 καί
362 970 453 1028 νεκρούς.
485 971 611 1027 Πιστεόομεν
625 973 647 1016 δέ
658 990 684 1016 κα

154 1041 214 1085 δκαῖ
230 1039 365 1095 Παρόκλητον
380 1038 483 1095 ὠνόμασεν
499 1038 587 1097 όσωτήρ
604 1041 639 1084 καί
653 1041 723 1098 καίριος
739 1040 797 1097 ἡμῶν
803 1041 883 1096 Ἰησοῦς
895 1045 944 1097 Χρι-

154 1107 211 1161 στός,
234 1106 401 1165 ἐπαγγειλάμενος
412 1108 460 1162 μετοί
474 1107 496 1152 τδ
512 1105 606 1152 ἀνελθεῖν
622 1108 685 1152 αὐτόν
699 1111 779 1165 πέμψαι
789 1115 831 1160 τοῖς
843 1114 945 1164 μαθηταῖς

155 1182 226 1229 τοῦτο,
246 1176 307 1220 δκαί
322 1176 445 1229 ἀπέστειλεν,
466 1175 492 1219 δι’
505 1172 531 1219 οὗ
543 1178 578 1219 καί
593 1175 728 1233 ἀγιοίζειτοδς
740 1180 762 1221 ἐν
774 1180 901 1236 τῇέκκλησίγι
911 1194 945 1220 πι-

157 1244 274 1297 στεύοντας,
295 1246 330 1287 καί
346 1245 504 1299 βαπτιζομένους
515 1246 537 1287 ἐν
550 1242 634 1298 όνόματι
650 1244 726 1301 πατρός
738 1247 772 1288 καί
783 1247 831 1288 υίοῦ
841 1246 876 1288 καί
886 1243 944 1301 οίγίου

157 1312 276 1367 πνεύματος.
308 1311 380 1361 7Τοιίς
396 1312 418 1354 δὲ
429 1310 485 1368 παροί
499 1310 574 1366 ταύτην
588 1310 625 1367 τήν
639 1316 706 1355 πίστιν
721 1311 768 1355 ἀλλο
783 1330 802 1356 τι
811 1311 946 1368 κηρόττοντας

157 1379 273 1435 ἀλλοτρίους
289 1376 344 1422 οἶδεν
358 1377 485 1443 ἦκαθολικη
501 1382 600 1434 ἐκκλησία.
624 1379 674 1422 Ὅτι
685 1380 707 1422 δὲ
717 1379 779 1440 ταότη
792 1385 817 1440 τῇ
829 1383 894 1424 πίστει
905 1382 945 1423 ἰσο-

158 1450 244 1502 δυναμεῖ
253 1448 288 1489 καί
298 1444 313 1501 ἡ
323 1448 345 1489 ἐν
354 1449 434 1506 Σιρμίφ
448 1446 520 1504 προίην
536 1449 640 1491 ἐντεθεῖσα
655 1451 731 1501 πίστις,
754 1450 787 1492 ἐπί
798 1452 834 1503 τῆς
845 1448 946 1502 εὐσεβείας

157 1521 195 1559 τοῦ
209 1516 307 1570 βασιλέως
321 1513 389 1569 ἡμῶν,
405 1518 534 1572 γνωρίζουσιν
548 1517 569 1559 οἱ
583 1515 733 1572 ἐντυγχάνοντες
747 1521 771 1576 τῇ
785 1518 856 1559 πίστει.

74 1597 148 1642 γαμεῖς,
214 1581 346 1640 ’Τπέγραψαν
362 1585 384 1626 οἱ
396 1582 503 1639 παρόντες,
523 1587 636 1637 Βασίλειος,
657 1583 756 1639 Μοίριος,
776 1585 810 1627 καῖ
822 1581 947 1641 Γεοίργιοςό

63 1633 194 1708 Κεφ’κς”τκ”γς
208 1650 354 1708 Ἀλεξανδρείας
370 1652 488 1706 ἐπίσκοπος,
512 1652 651 1710 Παγκράτιος,
672 1653 706 1696 καί
721 1651 853 1707 Ὑπατιανδς,
875 1654 910 1697 καὶ
926 1654 949 1697 οῖ

158 1727 246 1765 πλεῖστοι
259 1723 367 1765 ἐπίσκοποι
380 1726 416 1775 τῆς
428 1720 509 1771 δόσεως.
540 1722 641 1778 Γεοίργιος
656 1724 767 1772 ἐπίσκοπος
785 1722 947 1776 ιἈλεξανδρείας

160 1790 259 1845 ἐξεθέμην
275 1787 312 1844 την
327 1791 394 1833 πίστιν
407 1787 483 1842 οίίτοις,
503 1787 595 1848 όμολογῶ
612 1795 696 1847 φρονεῖν
711 1788 739 1842 τίς
753 1788 862 1848 πρόκειται.
891 1787 948 1834 Ἀκαί-

160 1876 204 1910 κιος
215 1860 325 1909 ἐπίσκοπος
337 1851 458 1916 Καισαρείας
470 1860 567 1915 ἐξεθέμην
577 1857 614 1915 τήν
626 1862 692 1902 πίστιν
704 1858 779 1912 οὕτως,
794 1857 886 1917 ὁμολογῶ
898 1876 949 1918 φρο-

160 1934 202 1973 νεῖν
213 1926 240 1979 οίς
251 1927 360 1985 πρόκειται.
392 1927 494 1985 Οόροίνιος
505 1930 614 1980 ἐπίσκοπος
626 1928 704 1984 Τύρου,
726 1927 828 1984 Εδτόγιος
839 1930 949 1980 ἐπίσκοπος

159 1996 349 2055 Ἐλευθεροπόλεως.
380 1996 460 2050 Ζοίῖλος
470 1999 581 2049 ἐπίσκοπος
592 2002 713 2055 ἐΛαρίσσης
724 2002 761 2053 τῆς
773 2000 863 2055 Συρίας,
884 1999 955 2056 Σέρας

161 2069 271 2118 ἐπίσκοπος
280 2068 303 2112 ἐκ
316 2070 470 2126 3Παραιτονίου
483 2072 519 2123 τῆς
531 2067 622 2124 Λιβόης,
644 2072 728 2118 Παῦλος
740 2069 850 2118 ἐπίσκοπος
860 2065 949 2123 Ἐμίσης,

161 2138 280 2188 Εὕστοίθιος
296 2138 405 2189 ἐπίσκοπος
417 2137 566 2191 4Ἐπιφανίας,
587 2139 698 2194 Εἰρηναῖος
713 2137 823 2187 ἐπίσκοπος
838 2135 951 2190 Τριπόλεως

160 2215 196 2265 τῆς
208 2212 316 2262 Φοινίκης,
337 2205 437 2260 Εὐσέβιος
449 2208 558 2256 ἐπίσκοπος
568 2209 686 2255 Σελευκείας
698 2210 734 2259 τῆς
744 2208 831 2261 Συρίας,
851 2204 951 2260 Εὔτνγια-

161 2277 197 2329 νίς
209 2280 318 2326 ἐπίσκοπος
333 2273 434 2332 Πατάρων
442 2279 479 2330 τῆς
491 2277 582 2326 Λυκίας,
604 2271 721 2324 Εδστάθιος
732 2275 842 2324 ἐπίσκοπος
854 2277 951 2330 Πιναροῖν

162 2348 196 2390 καί
213 2345 337 2400 ὃΣιδιίμων,
360 2346 462 2394 Βασίλειος
476 2344 586 2394 ἐπίσκοπος
601 2345 697 2386 Καυνίων
713 2347 748 2398 τῆς
760 2344 850 2394 Λυδίας,
872 2343 951 2398 Πέτρος

163 2417 272 2465 ἐπίσκοπος
278 2413 355 2457 Ἵππου
369 2415 513 2468 Παλαιστίνης,
529 2413 635 2467 Στέφανος
645 2413 756 2461 ἐπίσκοπος
768 2412 905 2466 Πτολεμαΐδος
915 2416 951 2467 τῆς

162 2483 255 2540 Λιβόης,
276 2481 377 2534 Εὖδόξιος
392 2484 511 2535 ἐπίσκοπος,
530 2479 664 2531 ’Λπολλοίνιος
679 2482 790 2531 ἐπίσκοπος
810 2476 950 2538 θὈξυρίγχου,

165 2551 284 2602 Θεόκτιστος
294 2554 405 2603 ἐπίσκοπος
413 2550 554 2608 Ὀστρακίνης,
569 2550 668 2601 Λεόντιος
678 2551 790 2600 ἐπίσκοπος
800 2551 886 2602 Λυδίας,
903 2552 951 2593 Θεο-

163 2622 232 2672 δόσιος
242 2623 351 2671 ἐπίσκοπος
360 2624 395 2675 της
407 2623 541 2674 Φιλαδελφίας
551 2622 643 2672 Λυδίας,
666 2621 744 2674 Φοῖβος
761 2620 870 2668 ἐπίσκοπος
883 2622 950 2661 Πολυ-

162 2690 262 2749 χαλάνδου
272 2694 308 2744 τῆς
317 2692 406 2742 Λυδίας,
421 2689 508 2745 Μοίγνος
516 2690 627 2737 ἐπίσκοπος
640 2690 730 2742 Θεμισῶν
740 2692 776 2742 τῆς
789 2689 890 2743 Φρυγίας,
909 2686 950 2729 Εὐ-

163 2760 233 2818 όγριος
244 2761 354 2808 ἐπίσκοπος
366 2757 484 2813 Μιτυλήνης
493 2761 533 2800 τοῖν
544 2756 621 2812 νήσων,
641 2759 724 2814 Καρίων
736 2758 845 2806 ἐπίσκοπος
858 2758 950 2811 Δολίχης,

187 2878 204 2911 5.
217 2875 306 2922 ἁμαρτιῶν
318 2869 547 2920 (dpuff‘cod.1en.)codd.
575 2864 634 2905 ‘CAR
646 2873 748 2906 XXV1.-
771 2872 786 2906 λ.
803 2872 838 2915 τῆς
853 2873 900 2905 addit
915 2873 951 2906 eod.

164 2933 201 2957 mss,
212 2927 280 2965 uterque.
304 2919 390 2966 ἁμαρτίας
401 2922 443 2954 edin.
570 2919 636 2960 λλλαίῐρ.

187 2969 204 3003 6.
216 2965 267 3012 ἁγίας
276 2979 307 3002 om.
316 2971 333 3001 ιἰτ
343 2968 368 3000 ed.
376 2969 430 3000 Ρείου.
439 2968 492 3000 Gelon.
499 2968 548 3007 repet.
593 2963 609 2996 ί.
622 2963 694 3009 λαρίοης
705 2967 739 2998 cod.
752 2966 818 3005 Βλαίίγ.

187 3014 204 3049 7-
220 3012 261 3053 τοὺς
269 3016 316 3048 codd.
324 3023 361 3047 mss.
371 3017 386 3046 et
395 3013 419 3045 ed.
429 3015 480 3053 princ.
498 3011 547 3046 τοῦτο
592 3008 609 3043 3.
632 3012 680 3052 Vulyo
697 3009 810 3053 Παρατοιίου.
832 3010 950 3051 θαλίλλιιάίς.

164 3062 189 3094 αλ.
201 3062 256 3093 Peto».
569 3055 615 3088 λοθιί
626 3053 673 3099 παρὰ
683 3055 743 3091 τονίου.
