<?xml version="1.0" encoding="UTF-8"?>
<!DOCTYPE html PUBLIC "-//W3C//DTD XHTML 1.0 Transitional//EN"
    "http://www.w3.org/TR/xhtml1/DTD/xhtml1-transitional.dtd">
<html xmlns="http://www.w3.org/1999/xhtml" xml:lang="en" lang="en">
 <head>
  <title>
</title>
<meta http-equiv="Content-Type" content="text/html;charset=utf-8" />
  <meta name='ocr-system' content='tesseract 3.04.00' />
  <meta name='ocr-capabilities' content='ocr_page ocr_carea ocr_par ocr_line ocrx_word'/>
</head>
<body>
  <div class='ocr_page' id='page_1' title='image "./MN41650ucmf_1/MN41650ucmf_1_0682.png"; bbox 0 0 1988 3392; ppageno 0'>
   <div class='ocr_carea' id='block_1_1' title="bbox 186 232 731 281">
    <p class='ocr_par' dir='ltr' id='par_1_1' title="bbox 186 232 731 281">
     <span class='ocr_line' id='line_1_1' title="bbox 186 232 731 281; baseline 0.004 -3"><span class='ocrx_word' id='word_1_1' title='bbox 186 232 227 279; x_wconf 79' lang='grc'><strong>660</strong></span> <span class='ocrx_word' id='word_1_2' title='bbox 415 242 566 279; x_wconf 79' lang='grc' dir='ltr'>ιυοιινιοιιτ</span> <span class='ocrx_word' id='word_1_3' title='bbox 578 243 731 281; x_wconf 78' lang='grc' dir='ltr'>οοιιιιιοιιιιινι.</span> 
     </span>
    </p>
   </div>
   <div class='ocr_carea' id='block_1_2' title="bbox 147 323 975 3169">
    <p class='ocr_par' dir='ltr' id='par_1_2' title="bbox 147 323 975 3169">
     <span class='ocr_line' id='line_1_2' title="bbox 185 323 963 374; baseline 0.006 -16"><span class='ocrx_word' id='word_1_4' title='bbox 185 337 202 360; x_wconf 90' lang='grc' dir='ltr'><strong>τι</strong></span> <span class='ocrx_word' id='word_1_5' title='bbox 212 323 299 369; x_wconf 77' lang='grc' dir='ltr'>(εἰτοδεῖλ</span> <span class='ocrx_word' id='word_1_6' title='bbox 307 324 350 359; x_wconf 86' lang='lat' dir='ltr'><strong>Ven.</strong></span> <span class='ocrx_word' id='word_1_7' title='bbox 373 324 468 357; x_wconf 88' lang='lat' dir='ltr'><strong>Delendum</strong></span> <span class='ocrx_word' id='word_1_8' title='bbox 479 324 531 369; x_wconf 79' lang='lat' dir='ltr'><strong>igitur</strong></span> <span class='ocrx_word' id='word_1_9' title='bbox 545 328 582 371; x_wconf 85' lang='grc' dir='ltr'>δεῖ,</span> <span class='ocrx_word' id='word_1_10' title='bbox 599 325 645 371; x_wconf 88' lang='lat' dir='ltr'><strong>quod</strong></span> <span class='ocrx_word' id='word_1_11' title='bbox 656 325 748 359; x_wconf 77' lang='lat' dir='ltr'><strong>accrevisse</strong></span> <span class='ocrx_word' id='word_1_12' title='bbox 760 324 826 359; x_wconf 88' lang='lat' dir='ltr'><strong>videtur</strong></span> <span class='ocrx_word' id='word_1_13' title='bbox 839 338 860 360; x_wconf 83' lang='lat' dir='ltr'><strong>ex</strong></span> <span class='ocrx_word' id='word_1_14' title='bbox 870 326 917 360; x_wconf 82' lang='lat' dir='ltr'><strong>finali</strong></span> <span class='ocrx_word' id='word_1_15' title='bbox 927 327 963 374; x_wconf 82' lang='lat' dir='ltr'><strong>syl-</strong></span> 
     </span>
     <span class='ocr_line' id='line_1_3' title="bbox 184 380 963 429; baseline 0.005 -14"><span class='ocrx_word' id='word_1_16' title='bbox 184 382 223 415; x_wconf 84' lang='lat' dir='ltr'>laba</span> <span class='ocrx_word' id='word_1_17' title='bbox 236 381 284 414; x_wconf 86' lang='lat' dir='ltr'><strong>verhi</strong></span> <span class='ocrx_word' id='word_1_18' title='bbox 297 381 417 426; x_wconf 83' lang='lat' dir='ltr'><strong>praecedentis.</strong></span> <span class='ocrx_word' id='word_1_19' title='bbox 430 401 453 407; x_wconf 91' lang='grc'>-</span> <span class='ocrx_word' id='word_1_20' title='bbox 475 381 487 414; x_wconf 92' lang='lat' dir='ltr'><strong>I.</strong></span> <span class='ocrx_word' id='word_1_21' title='bbox 496 382 522 416; x_wconf 80' lang='lat'><strong>15.</strong></span> <span class='ocrx_word' id='word_1_22' title='bbox 540 380 653 427; x_wconf 77' lang='grc' dir='ltr'>ὅμολογῆσει,</span> <span class='ocrx_word' id='word_1_23' title='bbox 672 381 701 418; x_wconf 78' lang='grc' dir='ltr'>ἐὰν</span> <span class='ocrx_word' id='word_1_24' title='bbox 713 380 738 428; x_wconf 85' lang='grc' dir='ltr'><strong>μῆ</strong></span> <span class='ocrx_word' id='word_1_25' title='bbox 751 395 768 418; x_wconf 94' lang='grc' dir='ltr'><strong>τι</strong></span> <span class='ocrx_word' id='word_1_26' title='bbox 784 382 837 429; x_wconf 85' lang='grc' dir='ltr'>βλέπη</span> <span class='ocrx_word' id='word_1_27' title='bbox 853 381 900 417; x_wconf 58' lang='lat' dir='ltr'><strong>Veni</strong></span> <span class='ocrx_word' id='word_1_28' title='bbox 913 385 963 420; x_wconf 84' lang='lat' dir='ltr'><strong>Bene.</strong></span> 
     </span>
     <span class='ocr_line' id='line_1_4' title="bbox 185 436 963 485; baseline 0.009 -15"><span class='ocrx_word' id='word_1_29' title='bbox 185 438 233 471; x_wconf 83' lang='lat' dir='ltr'><strong>Idem</strong></span> <span class='ocrx_word' id='word_1_30' title='bbox 245 438 307 471; x_wconf 87' lang='lat' dir='ltr'><strong>deinde</strong></span> <span class='ocrx_word' id='word_1_31' title='bbox 318 436 388 474; x_wconf 63' lang='lat' dir='ltr'><strong>habeto*</strong></span> <span class='ocrx_word' id='word_1_32' title='bbox 399 436 455 483; x_wconf 84' lang='grc' dir='ltr'>πατῆρ</span> <span class='ocrx_word' id='word_1_33' title='bbox 466 442 520 481; x_wconf 86' lang='grc' dir='ltr'>ποιεῖ,</span> <span class='ocrx_word' id='word_1_34' title='bbox 536 451 551 474; x_wconf 87' lang='grc' dir='ltr'><strong>τ.</strong></span> <span class='ocrx_word' id='word_1_35' title='bbox 561 439 592 475; x_wconf 86' lang='grc' dir='ltr'><strong>καλ</strong></span> <span class='ocrx_word' id='word_1_36' title='bbox 601 437 612 474; x_wconf 77' lang='grc' dir='ltr'><em>ἆ</em></span> <span class='ocrx_word' id='word_1_37' title='bbox 622 437 659 480; x_wconf 81' lang='grc' dir='ltr'>υἱὸς</span> <span class='ocrx_word' id='word_1_38' title='bbox 667 437 732 484; x_wconf 81' lang='grc' dir='ltr'>ὁμοίως</span> <span class='ocrx_word' id='word_1_39' title='bbox 741 443 790 475; x_wconf 66' lang='grc' dir='ltr'>ποιεῦ</span> <span class='ocrx_word' id='word_1_40' title='bbox 813 436 862 476; x_wconf 79' lang='grc' dir='ltr'>Ου’δὲ</span> <span class='ocrx_word' id='word_1_41' title='bbox 871 438 905 485; x_wconf 87' lang='grc' dir='ltr'>μῆν</span> <span class='ocrx_word' id='word_1_42' title='bbox 915 441 963 478; x_wconf 88' lang='grc' dir='ltr'>πολέ-</span> 
     </span>
     <span class='ocr_line' id='line_1_5' title="bbox 185 491 963 541; baseline 0.004 -10"><span class='ocrx_word' id='word_1_43' title='bbox 185 494 223 539; x_wconf 86' lang='grc' dir='ltr'>μιάν</span> <span class='ocrx_word' id='word_1_44' title='bbox 239 491 364 540; x_wconf 78' lang='grc' dir='ltr'>τιῆάντιξσυν</span> <span class='ocrx_word' id='word_1_45' title='bbox 379 496 505 541; x_wconf 84' lang='lat' dir='ltr'><strong>(sie)Ven.-</strong></span> <span class='ocrx_word' id='word_1_46' title='bbox 528 497 541 531; x_wconf 91' lang='lat' dir='ltr'><strong>l.</strong></span> <span class='ocrx_word' id='word_1_47' title='bbox 551 497 578 531; x_wconf 84' lang='lat'><strong>21.</strong></span> <span class='ocrx_word' id='word_1_48' title='bbox 596 498 646 532; x_wconf 81' lang='grc' dir='ltr'>λῦσαι</span> <span class='ocrx_word' id='word_1_49' title='bbox 662 494 711 541; x_wconf 79' lang='grc' dir='ltr'>μόνον</span> <span class='ocrx_word' id='word_1_50' title='bbox 726 496 757 532; x_wconf 82' lang='grc' dir='ltr'><strong>καὶ</strong></span> <span class='ocrx_word' id='word_1_51' title='bbox 771 498 813 532; x_wconf 85' lang='lat' dir='ltr'><strong>Ven.</strong></span> <span class='ocrx_word' id='word_1_52' title='bbox 826 516 847 523; x_wconf 93' lang='lat'>-</span> <span class='ocrx_word' id='word_1_53' title='bbox 871 497 918 532; x_wconf 70' lang='lat' dir='ltr'><strong>itt.</strong></span> <span class='ocrx_word' id='word_1_54' title='bbox 930 500 963 534; x_wconf 90' lang='lat' dir='ltr'><strong>Pro</strong></span> 
     </span>
     <span class='ocr_line' id='line_1_6' title="bbox 185 551 963 600; baseline 0.005 -13"><span class='ocrx_word' id='word_1_55' title='bbox 185 551 234 599; x_wconf 77' lang='grc' dir='ltr'>ἔσχον</span> <span class='ocrx_word' id='word_1_56' title='bbox 246 553 311 598; x_wconf 83' lang='lat' dir='ltr'><strong>corrige</strong></span> <span class='ocrx_word' id='word_1_57' title='bbox 322 553 364 600; x_wconf 68' lang='grc' dir='ltr'>ἔχων.</span> <span class='ocrx_word' id='word_1_58' title='bbox 376 573 398 579; x_wconf 93' lang='grc'>-</span> <span class='ocrx_word' id='word_1_59' title='bbox 421 553 467 588; x_wconf 55' lang='lat'><strong>123.</strong></span> <span class='ocrx_word' id='word_1_60' title='bbox 480 554 541 589; x_wconf 87' lang='lat' dir='ltr'><strong>Venet.</strong></span> <span class='ocrx_word' id='word_1_61' title='bbox 553 553 596 587; x_wconf 80' lang='lat' dir='ltr'><strong>facit</strong></span> <span class='ocrx_word' id='word_1_62' title='bbox 606 565 644 587; x_wconf 91' lang='lat' dir='ltr'><strong>cum</strong></span> <span class='ocrx_word' id='word_1_63' title='bbox 655 554 710 599; x_wconf 83' lang='lat' dir='ltr'><strong>vulg.‚</strong></span> <span class='ocrx_word' id='word_1_64' title='bbox 722 554 754 588; x_wconf 90' lang='lat' dir='ltr'><strong>nisi</strong></span> <span class='ocrx_word' id='word_1_65' title='bbox 764 554 810 600; x_wconf 88' lang='lat' dir='ltr'><strong>quod</strong></span> <span class='ocrx_word' id='word_1_66' title='bbox 821 551 877 600; x_wconf 72' lang='grc' dir='ltr'>ὥςπερ</span> <span class='ocrx_word' id='word_1_67' title='bbox 887 554 918 600; x_wconf 86' lang='grc' dir='ltr'><strong>δῆ,</strong></span> <span class='ocrx_word' id='word_1_68' title='bbox 930 557 963 592; x_wconf 81' lang='lat' dir='ltr'><strong>Ga-</strong></span> 
     </span>
     <span class='ocr_line' id='line_1_7' title="bbox 184 608 964 653; baseline 0.008 -9"><span class='ocrx_word' id='word_1_69' title='bbox 184 611 239 644; x_wconf 86' lang='lat' dir='ltr'><strong>takeri</strong></span> <span class='ocrx_word' id='word_1_70' title='bbox 249 611 392 653; x_wconf 80' lang='lat' dir='ltr'><strong>emendationem,</strong></span> <span class='ocrx_word' id='word_1_71' title='bbox 405 610 465 646; x_wconf 82' lang='lat' dir='ltr'><strong>firmat.</strong></span> <span class='ocrx_word' id='word_1_72' title='bbox 477 631 499 637; x_wconf 90' lang='lat'>-</span> <span class='ocrx_word' id='word_1_73' title='bbox 522 612 534 644; x_wconf 89' lang='lat'><strong>1.</strong></span> <span class='ocrx_word' id='word_1_74' title='bbox 543 609 570 646; x_wconf 64' lang='lat'><strong>24.</strong></span> <span class='ocrx_word' id='word_1_75' title='bbox 583 608 611 647; x_wconf 76' lang='grc' dir='ltr'><strong>ἀπ’</strong></span> <span class='ocrx_word' id='word_1_76' title='bbox 622 608 675 647; x_wconf 67' lang='lat' dir='ltr'><strong>utitor}</strong></span> <span class='ocrx_word' id='word_1_77' title='bbox 685 613 729 646; x_wconf 89' lang='lat' dir='ltr'><strong>Ven.</strong></span> <span class='ocrx_word' id='word_1_78' title='bbox 753 611 800 646; x_wconf 78' lang='lat' dir='ltr'><strong>Ideni</strong></span> <span class='ocrx_word' id='word_1_79' title='bbox 809 612 821 647; x_wconf 91' lang='lat' dir='ltr'><strong>I.</strong></span> <span class='ocrx_word' id='word_1_80' title='bbox 831 612 859 647; x_wconf 80' lang='lat'><strong>25.</strong></span> <span class='ocrx_word' id='word_1_81' title='bbox 871 624 964 650; x_wconf 79' lang='grc' dir='ltr'>πεπιστευ-</span> 
     </span>
     <span class='ocr_line' id='line_1_8' title="bbox 185 665 963 715; baseline 0.004 -11"><span class='ocrx_word' id='word_1_82' title='bbox 185 668 239 713; x_wconf 88' lang='grc' dir='ltr'>μένον,</span> <span class='ocrx_word' id='word_1_83' title='bbox 252 688 275 694; x_wconf 92' lang='lat'>—</span> <span class='ocrx_word' id='word_1_84' title='bbox 297 669 309 715; x_wconf 87' lang='lat' dir='ltr'><strong>I.</strong></span> <span class='ocrx_word' id='word_1_85' title='bbox 315 667 332 703; x_wconf 79' lang='lat'><strong>4.</strong></span> <span class='ocrx_word' id='word_1_86' title='bbox 343 669 364 702; x_wconf 90' lang='lat' dir='ltr'><strong>ab</strong></span> <span class='ocrx_word' id='word_1_87' title='bbox 374 669 405 702; x_wconf 83' lang='lat' dir='ltr'><strong>inf.</strong></span> <span class='ocrx_word' id='word_1_88' title='bbox 421 666 523 713; x_wconf 87' lang='grc' dir='ltr'>παντελικῆν</span> <span class='ocrx_word' id='word_1_89' title='bbox 535 668 565 704; x_wconf 83' lang='grc' dir='ltr'><strong>καλ</strong></span> <span class='ocrx_word' id='word_1_90' title='bbox 575 665 677 714; x_wconf 83' lang='grc' dir='ltr'>οἷγενητικῆν</span> <span class='ocrx_word' id='word_1_91' title='bbox 688 670 731 704; x_wconf 91' lang='lat' dir='ltr'><strong>Ven.</strong></span> <span class='ocrx_word' id='word_1_92' title='bbox 755 670 803 704; x_wconf 84' lang='lat' dir='ltr'><strong>Idem</strong></span> <span class='ocrx_word' id='word_1_93' title='bbox 812 669 824 704; x_wconf 91' lang='lat' dir='ltr'><strong>l.</strong></span> <span class='ocrx_word' id='word_1_94' title='bbox 833 669 850 705; x_wconf 78' lang='lat'><strong>3.</strong></span> <span class='ocrx_word' id='word_1_95' title='bbox 861 670 882 704; x_wconf 89' lang='lat' dir='ltr'><strong>ab</strong></span> <span class='ocrx_word' id='word_1_96' title='bbox 892 670 923 706; x_wconf 77' lang='lat' dir='ltr'><strong>int.</strong></span> <span class='ocrx_word' id='word_1_97' title='bbox 935 672 963 707; x_wconf 85' lang='lat' dir='ltr'><strong>fa-</strong></span> 
     </span>
     <span class='ocr_line' id='line_1_9' title="bbox 186 723 964 773; baseline 0.008 -14"><span class='ocrx_word' id='word_1_98' title='bbox 186 726 210 759; x_wconf 86' lang='lat' dir='ltr'><strong>cit</strong></span> <span class='ocrx_word' id='word_1_99' title='bbox 222 738 259 759; x_wconf 84' lang='lat' dir='ltr'><strong>cum</strong></span> <span class='ocrx_word' id='word_1_100' title='bbox 270 726 297 760; x_wconf 90' lang='lat' dir='ltr'><strong>ed.</strong></span> <span class='ocrx_word' id='word_1_101' title='bbox 308 727 367 762; x_wconf 82' lang='lat' dir='ltr'><strong>Petav.</strong></span> <span class='ocrx_word' id='word_1_102' title='bbox 379 746 402 753; x_wconf 88' lang='lat'>—</span> <span class='ocrx_word' id='word_1_103' title='bbox 424 726 436 760; x_wconf 94' lang='lat' dir='ltr'><strong>l.</strong></span> <span class='ocrx_word' id='word_1_104' title='bbox 448 727 478 759; x_wconf 84' lang='lat' dir='ltr'><strong>ult</strong></span> <span class='ocrx_word' id='word_1_105' title='bbox 491 726 506 761; x_wconf 79' lang='grc' dir='ltr'>οἱ</span> <span class='ocrx_word' id='word_1_106' title='bbox 517 724 546 761; x_wconf 76' lang='grc' dir='ltr'><strong>ἐπὶ</strong></span> <span class='ocrx_word' id='word_1_107' title='bbox 556 724 619 762; x_wconf 76' lang='grc' dir='ltr'>τούτων</span> <span class='ocrx_word' id='word_1_108' title='bbox 631 726 663 772; x_wconf 89' lang='lat' dir='ltr'><strong>(ita</strong></span> <span class='ocrx_word' id='word_1_109' title='bbox 674 727 750 772; x_wconf 84' lang='lat' dir='ltr'><strong>restitue)</strong></span> <span class='ocrx_word' id='word_1_110' title='bbox 761 739 776 763; x_wconf 88' lang='grc' dir='ltr'><strong>τ.</strong></span> <span class='ocrx_word' id='word_1_111' title='bbox 789 723 863 773; x_wconf 79' lang='grc' dir='ltr'>ἄγγελοι.</span> <span class='ocrx_word' id='word_1_112' title='bbox 887 725 941 765; x_wconf 80' lang='grc' dir='ltr'>Ἀλλὰ</span> <span class='ocrx_word' id='word_1_113' title='bbox 949 730 964 766; x_wconf 82' lang='grc' dir='ltr'>οἱ</span> 
     </span>
     <span class='ocr_line' id='line_1_10' title="bbox 185 778 964 829; baseline 0.004 -11"><span class='ocrx_word' id='word_1_114' title='bbox 185 781 216 827; x_wconf 82' lang='grc' dir='ltr'>μὲν</span> <span class='ocrx_word' id='word_1_115' title='bbox 228 785 270 818; x_wconf 88' lang='lat' dir='ltr'><strong>Ven.</strong></span> <span class='ocrx_word' id='word_1_116' title='bbox 294 784 350 818; x_wconf 82' lang='lat' dir='ltr'><strong>Verba</strong></span> <span class='ocrx_word' id='word_1_117' title='bbox 361 784 377 819; x_wconf 83' lang='grc' dir='ltr'>ολ</span> <span class='ocrx_word' id='word_1_118' title='bbox 387 782 415 820; x_wconf 78' lang='grc' dir='ltr'><strong>ἐπὶ</strong></span> <span class='ocrx_word' id='word_1_119' title='bbox 425 795 440 819; x_wconf 63' lang='grc' dir='ltr'>τ,</span> <span class='ocrx_word' id='word_1_120' title='bbox 450 795 465 819; x_wconf 92' lang='grc' dir='ltr'><strong>τ.</strong></span> <span class='ocrx_word' id='word_1_121' title='bbox 477 778 547 829; x_wconf 72' lang='grc' dir='ltr'>ἄγγελοι</span> <span class='ocrx_word' id='word_1_122' title='bbox 556 783 673 818; x_wconf 80' lang='lat' dir='ltr'><strong>desiderantur</strong></span> <span class='ocrx_word' id='word_1_123' title='bbox 682 784 788 819; x_wconf 88' lang='lat' dir='ltr'><strong>solummodo</strong></span> <span class='ocrx_word' id='word_1_124' title='bbox 797 784 815 819; x_wconf 91' lang='lat' dir='ltr'><strong>in</strong></span> <span class='ocrx_word' id='word_1_125' title='bbox 826 785 853 819; x_wconf 91' lang='lat' dir='ltr'><strong>ed.</strong></span> <span class='ocrx_word' id='word_1_126' title='bbox 863 786 922 821; x_wconf 78' lang='lat' dir='ltr'><strong>Peter.</strong></span> <span class='ocrx_word' id='word_1_127' title='bbox 932 786 964 821; x_wconf 88' lang='lat' dir='ltr'><strong>Co-</strong></span> 
     </span>
     <span class='ocr_line' id='line_1_11' title="bbox 183 839 397 883; baseline 0.009 -10"><span class='ocrx_word' id='word_1_128' title='bbox 183 839 218 874; x_wconf 84' lang='lat' dir='ltr'><strong>lon.</strong></span> <span class='ocrx_word' id='word_1_129' title='bbox 224 866 230 883; x_wconf 87' lang='lat'><em>‚</em></span> <span class='ocrx_word' id='word_1_130' title='bbox 242 853 278 875; x_wconf 88' lang='lat' dir='ltr'><strong>non</strong></span> <span class='ocrx_word' id='word_1_131' title='bbox 289 841 307 875; x_wconf 89' lang='lat' dir='ltr'><strong>iu</strong></span> <span class='ocrx_word' id='word_1_132' title='bbox 318 841 397 875; x_wconf 87' lang='lat' dir='ltr'><strong>Parisina.</strong></span> 
     </span>
     <span class='ocr_line' id='line_1_12' title="bbox 822 898 838 936; baseline 0 0"><span class='ocrx_word' id='word_1_133' title='bbox 822 898 838 936; x_wconf 78' lang='grc' dir='ltr'>“ν</span> 
     </span>
     <span class='ocr_line' id='line_1_13' title="bbox 230 912 963 992; baseline 0.001 -11"><span class='ocrx_word' id='word_1_134' title='bbox 230 945 285 992; x_wconf 60' lang='lat' dir='ltr'><strong>Peg.</strong></span> <span class='ocrx_word' id='word_1_135' title='bbox 295 945 348 983; x_wconf 76' lang='lat'>282.</span> <span class='ocrx_word' id='word_1_136' title='bbox 369 945 381 978; x_wconf 89' lang='lat' dir='ltr'><strong>I.</strong></span> <span class='ocrx_word' id='word_1_137' title='bbox 388 944 403 979; x_wconf 88' lang='lat'><strong>1.</strong></span> <span class='ocrx_word' id='word_1_138' title='bbox 420 944 496 987; x_wconf 76' lang='grc' dir='ltr'>διέταξεν</span> <span class='ocrx_word' id='word_1_139' title='bbox 506 942 516 981; x_wconf 75' lang='lat' dir='ltr'><strong>o=</strong></span> <span class='ocrx_word' id='word_1_140' title='bbox 527 943 569 985; x_wconf 62' lang='lat' dir='ltr'><strong>{tede</strong></span> <span class='ocrx_word' id='word_1_141' title='bbox 578 946 622 980; x_wconf 83' lang='lat' dir='ltr'><strong>ven.</strong></span> <span class='ocrx_word' id='word_1_142' title='bbox 646 945 693 979; x_wconf 87' lang='lat' dir='ltr'><strong>Idem</strong></span> <span class='ocrx_word' id='word_1_143' title='bbox 703 946 715 980; x_wconf 88' lang='lat' dir='ltr'><strong>I.</strong></span> <span class='ocrx_word' id='word_1_144' title='bbox 724 946 740 980; x_wconf 78' lang='lat'><em>2</em></span> <span class='ocrx_word' id='word_1_145' title='bbox 751 946 791 991; x_wconf 83' lang='grc' dir='ltr'>περὶ</span> <span class='ocrx_word' id='word_1_146' title='bbox 800 912 834 982; x_wconf 66' lang='lat' dir='ltr'><strong>ridi</strong></span> <span class='ocrx_word' id='word_1_147' title='bbox 847 946 887 991; x_wconf 89' lang='lat' dir='ltr'><strong>(sic)</strong></span> <span class='ocrx_word' id='word_1_148' title='bbox 897 958 963 984; x_wconf 85' lang='grc' dir='ltr'>πεπιοτ.</span> 
     </span>
     <span class='ocr_line' id='line_1_14' title="bbox 184 1000 963 1051; baseline 0.008 -16"><span class='ocrx_word' id='word_1_149' title='bbox 184 1000 250 1047; x_wconf 79' lang='grc' dir='ltr'>ἐγένετο</span> <span class='ocrx_word' id='word_1_150' title='bbox 266 1002 349 1048; x_wconf 82' lang='grc' dir='ltr'>διοίκησιν</span> <span class='ocrx_word' id='word_1_151' title='bbox 366 1003 410 1047; x_wconf 90' lang='lat' dir='ltr'><strong>(sine</strong></span> <span class='ocrx_word' id='word_1_152' title='bbox 426 1003 511 1049; x_wconf 86' lang='lat' dir='ltr'><strong>articulo).</strong></span> <span class='ocrx_word' id='word_1_153' title='bbox 523 1022 546 1030; x_wconf 91' lang='lat'><strong>—-</strong></span> <span class='ocrx_word' id='word_1_154' title='bbox 573 1001 610 1037; x_wconf 70' lang='lat' dir='ltr'><strong>II.</strong></span> <span class='ocrx_word' id='word_1_155' title='bbox 628 1001 652 1043; x_wconf 85' lang='grc' dir='ltr'><strong>εἰς</strong></span> <span class='ocrx_word' id='word_1_156' title='bbox 666 1003 764 1048; x_wconf 74' lang='grc' dir='ltr'>φιληδονίαν</span> <span class='ocrx_word' id='word_1_157' title='bbox 780 1001 910 1049; x_wconf 87' lang='grc' dir='ltr'>ένομιλῆσαντες</span> <span class='ocrx_word' id='word_1_158' title='bbox 926 1006 963 1051; x_wconf 51' lang='lat' dir='ltr'><strong>hur.</strong></span> 
     </span>
     <span class='ocr_line' id='line_1_15' title="bbox 184 1057 963 1108; baseline 0.004 -13"><span class='ocrx_word' id='word_1_159' title='bbox 184 1061 226 1095; x_wconf 90' lang='lat' dir='ltr'><strong>Ven.</strong></span> <span class='ocrx_word' id='word_1_160' title='bbox 250 1060 297 1093; x_wconf 84' lang='lat' dir='ltr'><strong>idem</strong></span> <span class='ocrx_word' id='word_1_161' title='bbox 309 1060 344 1095; x_wconf 76' lang='grc' dir='ltr'><strong>λά.</strong></span> <span class='ocrx_word' id='word_1_162' title='bbox 361 1057 382 1096; x_wconf 77' lang='grc' dir='ltr'>ἵν’</span> <span class='ocrx_word' id='word_1_163' title='bbox 397 1061 413 1096; x_wconf 86' lang='grc' dir='ltr'>οἱ</span> <span class='ocrx_word' id='word_1_164' title='bbox 422 1059 521 1105; x_wconf 59' lang='grc' dir='ltr'>πειθόμενοι</span> <span class='ocrx_word' id='word_1_165' title='bbox 531 1060 557 1107; x_wconf 78' lang='grc' dir='ltr'>τῷ</span> <span class='ocrx_word' id='word_1_166' title='bbox 568 1057 613 1106; x_wconf 80' lang='grc' dir='ltr'>λόγῳ</span> <span class='ocrx_word' id='word_1_167' title='bbox 625 1061 707 1096; x_wconf 77' lang='grc' dir='ltr'>συνοῦσιν.</span> <span class='ocrx_word' id='word_1_168' title='bbox 720 1080 743 1087; x_wconf 92' lang='grc'><strong>-</strong></span> <span class='ocrx_word' id='word_1_169' title='bbox 765 1061 777 1095; x_wconf 87' lang='lat' dir='ltr'><strong>l.</strong></span> <span class='ocrx_word' id='word_1_170' title='bbox 784 1061 800 1097; x_wconf 86' lang='lat'><strong>7.</strong></span> <span class='ocrx_word' id='word_1_171' title='bbox 818 1058 918 1108; x_wconf 74' lang='grc' dir='ltr'>ἀπολάβωσι</span> <span class='ocrx_word' id='word_1_172' title='bbox 929 1075 963 1107; x_wconf 86' lang='grc' dir='ltr'><strong>μα-</strong></span> 
     </span>
     <span class='ocr_line' id='line_1_16' title="bbox 184 1115 964 1163; baseline 0.003 -11"><span class='ocrx_word' id='word_1_173' title='bbox 184 1129 223 1162; x_wconf 88' lang='grc' dir='ltr'><strong>καρ.</strong></span> <span class='ocrx_word' id='word_1_174' title='bbox 235 1119 271 1152; x_wconf 84' lang='lat' dir='ltr'><strong>Bas.</strong></span> <span class='ocrx_word' id='word_1_175' title='bbox 283 1137 305 1143; x_wconf 85' lang='lat'>—</span> <span class='ocrx_word' id='word_1_176' title='bbox 328 1118 363 1152; x_wconf 77' lang='grc' dir='ltr'><strong>λβ.</strong></span> <span class='ocrx_word' id='word_1_177' title='bbox 382 1118 438 1152; x_wconf 84' lang='lat' dir='ltr'><strong>Verba</strong></span> <span class='ocrx_word' id='word_1_178' title='bbox 453 1118 498 1157; x_wconf 76' lang='grc' dir='ltr'>Πιός</span> <span class='ocrx_word' id='word_1_179' title='bbox 513 1116 591 1159; x_wconf 80' lang='grc' dir='ltr'>ἐξέπεσεν</span> <span class='ocrx_word' id='word_1_180' title='bbox 606 1116 652 1152; x_wconf 81' lang='grc' dir='ltr'>ἐκτ.</span> <span class='ocrx_word' id='word_1_181' title='bbox 665 1115 700 1163; x_wconf 80' lang='grc' dir='ltr'>οάρ.</span> <span class='ocrx_word' id='word_1_182' title='bbox 712 1115 721 1154; x_wconf 81' lang='lat' dir='ltr'><strong>u‘</strong></span> <span class='ocrx_word' id='word_1_183' title='bbox 732 1115 832 1163; x_wconf 83' lang='grc' dir='ltr'>Ἑωςφάρος</span> <span class='ocrx_word' id='word_1_184' title='bbox 848 1118 964 1154; x_wconf 81' lang='lat' dir='ltr'><strong>desiderantur</strong></span> 
     </span>
     <span class='ocr_line' id='line_1_17' title="bbox 176 1167 963 1222; baseline 0.006 -15"><span class='ocrx_word' id='word_1_185' title='bbox 176 1174 202 1208; x_wconf 76' lang='lat' dir='ltr'><strong>&#39;in</strong></span> <span class='ocrx_word' id='word_1_186' title='bbox 212 1177 286 1209; x_wconf 86' lang='lat' dir='ltr'><strong>Veneto.</strong></span> <span class='ocrx_word' id='word_1_187' title='bbox 309 1175 356 1208; x_wconf 86' lang='lat' dir='ltr'><strong>Idem</strong></span> <span class='ocrx_word' id='word_1_188' title='bbox 366 1175 407 1208; x_wconf 83' lang='lat' dir='ltr'><strong>ibid.</strong></span> <span class='ocrx_word' id='word_1_189' title='bbox 423 1172 523 1210; x_wconf 80' lang='grc' dir='ltr'>ἀνατέλλων.</span> <span class='ocrx_word' id='word_1_190' title='bbox 544 1167 578 1209; x_wconf 84' lang='grc' dir='ltr'>Ἦν</span> <span class='ocrx_word' id='word_1_191' title='bbox 590 1172 677 1219; x_wconf 78' lang='grc' dir='ltr'>μετὰτῶν</span> <span class='ocrx_word' id='word_1_192' title='bbox 693 1173 769 1220; x_wconf 76' lang='grc' dir='ltr'>ἀγγέλων</span> <span class='ocrx_word' id='word_1_193' title='bbox 780 1172 874 1211; x_wconf 72' lang='grc' dir='ltr'>ἀνατέλλων</span> <span class='ocrx_word' id='word_1_194' title='bbox 884 1177 914 1212; x_wconf 81' lang='grc' dir='ltr'><strong>τοῦ</strong></span> <span class='ocrx_word' id='word_1_195' title='bbox 924 1189 963 1222; x_wconf 93' lang='grc' dir='ltr'>φω-</span> 
     </span>
     <span class='ocr_line' id='line_1_18' title="bbox 183 1225 964 1279; baseline -0.003 -12"><span class='ocrx_word' id='word_1_196' title='bbox 183 1230 222 1274; x_wconf 78' lang='grc' dir='ltr'>τὸς,</span> <span class='ocrx_word' id='word_1_197' title='bbox 235 1225 257 1277; x_wconf 81' lang='grc' dir='ltr'>ῆν</span> <span class='ocrx_word' id='word_1_198' title='bbox 268 1233 304 1267; x_wconf 88' lang='grc' dir='ltr'>κτλ.</span> <span class='ocrx_word' id='word_1_199' title='bbox 316 1252 338 1257; x_wconf 99' lang='grc'>-</span> <span class='ocrx_word' id='word_1_200' title='bbox 360 1232 406 1266; x_wconf 81' lang='lat' dir='ltr'><strong>Ill.</strong></span> <span class='ocrx_word' id='word_1_201' title='bbox 423 1228 503 1267; x_wconf 84' lang='grc' dir='ltr'>τάναντία</span> <span class='ocrx_word' id='word_1_202' title='bbox 516 1233 559 1265; x_wconf 86' lang='lat' dir='ltr'><strong>Ven.</strong></span> <span class='ocrx_word' id='word_1_203' title='bbox 583 1232 635 1265; x_wconf 83' lang='lat' dir='ltr'><strong>Paulo</strong></span> <span class='ocrx_word' id='word_1_204' title='bbox 647 1238 686 1277; x_wconf 89' lang='lat' dir='ltr'><strong>post</strong></span> <span class='ocrx_word' id='word_1_205' title='bbox 701 1232 773 1277; x_wconf 85' lang='grc' dir='ltr'>νεμέσαν</span> <span class='ocrx_word' id='word_1_206' title='bbox 790 1234 835 1275; x_wconf 65' lang='lat' dir='ltr'><strong>sas„</strong></span> <span class='ocrx_word' id='word_1_207' title='bbox 851 1240 869 1266; x_wconf 87' lang='lat' dir='ltr'><strong>et</strong></span> <span class='ocrx_word' id='word_1_208' title='bbox 878 1232 964 1279; x_wconf 73' lang='grc' dir='ltr'>ἐμμέτρως</span> 
     </span>
     <span class='ocr_line' id='line_1_19' title="bbox 183 1282 963 1333; baseline 0.003 -10"><span class='ocrx_word' id='word_1_209' title='bbox 183 1291 227 1324; x_wconf 80' lang='lat' dir='ltr'><strong>Ven.</strong></span> <span class='ocrx_word' id='word_1_210' title='bbox 238 1310 261 1315; x_wconf 94' lang='lat'>—</span> <span class='ocrx_word' id='word_1_211' title='bbox 283 1290 295 1323; x_wconf 87' lang='lat' dir='ltr'><strong>l.</strong></span> <span class='ocrx_word' id='word_1_212' title='bbox 305 1287 331 1323; x_wconf 73' lang='lat'><strong>14.</strong></span> <span class='ocrx_word' id='word_1_213' title='bbox 341 1282 368 1323; x_wconf 82' lang='grc' dir='ltr'>Ὦ</span> <span class='ocrx_word' id='word_1_214' title='bbox 377 1290 437 1331; x_wconf 80' lang='grc' dir='ltr'>πᾶσιν,</span> <span class='ocrx_word' id='word_1_215' title='bbox 449 1291 482 1324; x_wconf 91' lang='lat' dir='ltr'><strong>Ios.</strong></span> <span class='ocrx_word' id='word_1_216' title='bbox 494 1288 575 1333; x_wconf 81' lang='lat' dir='ltr'><strong>Scaligeri</strong></span> <span class='ocrx_word' id='word_1_217' title='bbox 586 1289 732 1330; x_wconf 80' lang='lat' dir='ltr'><strong>emendationem,</strong></span> <span class='ocrx_word' id='word_1_218' title='bbox 744 1301 789 1323; x_wconf 87' lang='lat' dir='ltr'><strong>nunc</strong></span> <span class='ocrx_word' id='word_1_219' title='bbox 799 1289 854 1324; x_wconf 84' lang='lat' dir='ltr'><strong>firmat</strong></span> <span class='ocrx_word' id='word_1_220' title='bbox 864 1291 925 1325; x_wconf 88' lang='lat' dir='ltr'><strong>Veneti</strong></span> <span class='ocrx_word' id='word_1_221' title='bbox 934 1304 963 1325; x_wconf 91' lang='lat' dir='ltr'><strong>au-</strong></span> 
     </span>
     <span class='ocr_line' id='line_1_20' title="bbox 184 1342 963 1393; baseline 0.003 -12"><span class='ocrx_word' id='word_1_222' title='bbox 184 1348 259 1381; x_wconf 80' lang='lat' dir='ltr'><strong>ctoritas.</strong></span> <span class='ocrx_word' id='word_1_223' title='bbox 281 1347 329 1379; x_wconf 87' lang='lat' dir='ltr'><strong>Idem</strong></span> <span class='ocrx_word' id='word_1_224' title='bbox 340 1346 383 1379; x_wconf 88' lang='lat' dir='ltr'><strong>liber</strong></span> <span class='ocrx_word' id='word_1_225' title='bbox 397 1346 444 1380; x_wconf 90' lang='lat' dir='ltr'><strong>delet</strong></span> <span class='ocrx_word' id='word_1_226' title='bbox 459 1346 509 1380; x_wconf 89' lang='lat' dir='ltr'><strong>etiam</strong></span> <span class='ocrx_word' id='word_1_227' title='bbox 519 1346 597 1380; x_wconf 87' lang='lat' dir='ltr'><strong>voculam</strong></span> <span class='ocrx_word' id='word_1_228' title='bbox 608 1344 627 1387; x_wconf 80' lang='lat' dir='ltr'><strong>d,</strong></span> <span class='ocrx_word' id='word_1_229' title='bbox 644 1353 684 1380; x_wconf 89' lang='lat' dir='ltr'><strong>ante</strong></span> <span class='ocrx_word' id='word_1_230' title='bbox 696 1342 745 1391; x_wconf 79' lang='grc' dir='ltr'>άφις,</span> <span class='ocrx_word' id='word_1_231' title='bbox 763 1359 806 1392; x_wconf 88' lang='lat' dir='ltr'><strong>quae</strong></span> <span class='ocrx_word' id='word_1_232' title='bbox 815 1348 866 1393; x_wconf 84' lang='lat' dir='ltr'><strong>vulgo</strong></span> <span class='ocrx_word' id='word_1_233' title='bbox 874 1348 892 1381; x_wconf 91' lang='lat' dir='ltr'><strong>in</strong></span> <span class='ocrx_word' id='word_1_234' title='bbox 903 1349 963 1383; x_wconf 80' lang='lat' dir='ltr'><strong>ceteris</strong></span> 
     </span>
     <span class='ocr_line' id='line_1_21' title="bbox 182 1399 963 1449; baseline 0.003 -11"><span class='ocrx_word' id='word_1_235' title='bbox 182 1405 271 1449; x_wconf 87' lang='lat' dir='ltr'><strong>reperitur.</strong></span> <span class='ocrx_word' id='word_1_236' title='bbox 279 1423 302 1430; x_wconf 89' lang='lat'><em>-</em></span> <span class='ocrx_word' id='word_1_237' title='bbox 324 1403 336 1437; x_wconf 92' lang='lat' dir='ltr'><strong>l.</strong></span> <span class='ocrx_word' id='word_1_238' title='bbox 343 1404 370 1437; x_wconf 79' lang='lat'><strong>15.</strong></span> <span class='ocrx_word' id='word_1_239' title='bbox 383 1399 423 1449; x_wconf 78' lang='grc' dir='ltr'>άφις</span> <span class='ocrx_word' id='word_1_240' title='bbox 433 1399 452 1439; x_wconf 74' lang='grc' dir='ltr'>οὗ</span> <span class='ocrx_word' id='word_1_241' title='bbox 462 1403 487 1438; x_wconf 78' lang='grc' dir='ltr'>τώ</span> <span class='ocrx_word' id='word_1_242' title='bbox 498 1403 541 1448; x_wconf 82' lang='lat' dir='ltr'><strong>(sic3</strong></span> <span class='ocrx_word' id='word_1_243' title='bbox 553 1403 652 1437; x_wconf 88' lang='lat' dir='ltr'><strong>vocabulum</strong></span> <span class='ocrx_word' id='word_1_244' title='bbox 664 1400 704 1448; x_wconf 79' lang='grc' dir='ltr'>ὄφις</span> <span class='ocrx_word' id='word_1_245' title='bbox 713 1404 739 1437; x_wconf 87' lang='lat' dir='ltr'><strong>bis</strong></span> <span class='ocrx_word' id='word_1_246' title='bbox 750 1404 817 1438; x_wconf 80' lang='lat' dir='ltr'><strong>videtur</strong></span> <span class='ocrx_word' id='word_1_247' title='bbox 826 1405 844 1438; x_wconf 91' lang='lat' dir='ltr'><strong>in</strong></span> <span class='ocrx_word' id='word_1_248' title='bbox 856 1405 892 1440; x_wconf 83' lang='lat' dir='ltr'><strong>cod,</strong></span> <span class='ocrx_word' id='word_1_249' title='bbox 905 1413 963 1440; x_wconf 85' lang='lat' dir='ltr'><strong>extare</strong></span> 
     </span>
     <span class='ocr_line' id='line_1_22' title="bbox 182 1458 963 1508; baseline 0.004 -14"><span class='ocrx_word' id='word_1_250' title='bbox 182 1462 271 1506; x_wconf 86' lang='lat' dir='ltr'><strong>scriptum)</strong></span> <span class='ocrx_word' id='word_1_251' title='bbox 284 1458 336 1508; x_wconf 72' lang='grc' dir='ltr'>βαρὺν</span> <span class='ocrx_word' id='word_1_252' title='bbox 344 1462 387 1495; x_wconf 88' lang='lat' dir='ltr'><strong>Ven.</strong></span> <span class='ocrx_word' id='word_1_253' title='bbox 399 1480 421 1486; x_wconf 91' lang='lat'>-</span> <span class='ocrx_word' id='word_1_254' title='bbox 443 1460 456 1494; x_wconf 85' lang='lat' dir='ltr'><strong>l.</strong></span> <span class='ocrx_word' id='word_1_255' title='bbox 464 1460 492 1494; x_wconf 80' lang='lat'><strong>21.</strong></span> <span class='ocrx_word' id='word_1_256' title='bbox 503 1460 541 1494; x_wconf 82' lang='lat' dir='ltr'><strong>Alia</strong></span> <span class='ocrx_word' id='word_1_257' title='bbox 552 1472 621 1502; x_wconf 87' lang='lat' dir='ltr'><strong>manus,</strong></span> <span class='ocrx_word' id='word_1_258' title='bbox 633 1467 651 1493; x_wconf 86' lang='lat' dir='ltr'><strong>et</strong></span> <span class='ocrx_word' id='word_1_259' title='bbox 662 1461 756 1495; x_wconf 84' lang='lat' dir='ltr'><strong>accuratior</strong></span> <span class='ocrx_word' id='word_1_260' title='bbox 765 1461 790 1494; x_wconf 89' lang='lat' dir='ltr'><strong>uti</strong></span> <span class='ocrx_word' id='word_1_261' title='bbox 801 1461 877 1505; x_wconf 83' lang='lat' dir='ltr'><strong>videtur,</strong></span> <span class='ocrx_word' id='word_1_262' title='bbox 890 1470 963 1497; x_wconf 89' lang='lat' dir='ltr'><strong>annota-</strong></span> 
     </span>
     <span class='ocr_line' id='line_1_23' title="bbox 184 1514 963 1564; baseline 0.008 -13"><span class='ocrx_word' id='word_1_263' title='bbox 184 1519 208 1552; x_wconf 89' lang='lat' dir='ltr'><strong>vit</strong></span> <span class='ocrx_word' id='word_1_264' title='bbox 217 1519 317 1563; x_wconf 84' lang='lat' dir='ltr'><strong>scripturam</strong></span> <span class='ocrx_word' id='word_1_265' title='bbox 328 1518 390 1551; x_wconf 88' lang='lat' dir='ltr'><strong>Veneti</strong></span> <span class='ocrx_word' id='word_1_266' title='bbox 400 1517 451 1553; x_wconf 77' lang='grc' dir='ltr'>ἔπισα</span> <span class='ocrx_word' id='word_1_267' title='bbox 461 1515 490 1553; x_wconf 78' lang='grc' dir='ltr'><strong>τὸν</strong></span> <span class='ocrx_word' id='word_1_268' title='bbox 501 1519 534 1562; x_wconf 91' lang='grc' dir='ltr'>γῆν</span> <span class='ocrx_word' id='word_1_269' title='bbox 545 1516 618 1553; x_wconf 76' lang='grc' dir='ltr'>καὶτῶν</span> <span class='ocrx_word' id='word_1_270' title='bbox 629 1517 648 1559; x_wconf 83' lang='grc' dir='ltr'><strong>ἐξ</strong></span> <span class='ocrx_word' id='word_1_271' title='bbox 658 1514 708 1562; x_wconf 86' lang='grc' dir='ltr'>άκηρ.</span> <span class='ocrx_word' id='word_1_272' title='bbox 731 1519 751 1551; x_wconf 90' lang='lat' dir='ltr'><strong>Iu</strong></span> <span class='ocrx_word' id='word_1_273' title='bbox 761 1519 799 1553; x_wconf 87' lang='lat' dir='ltr'><strong>Bas.</strong></span> <span class='ocrx_word' id='word_1_274' title='bbox 808 1519 870 1564; x_wconf 83' lang='lat' dir='ltr'><strong>legitur</strong></span> <span class='ocrx_word' id='word_1_275' title='bbox 884 1519 963 1557; x_wconf 76' lang='grc' dir='ltr'>ἐπαίσατο</span> 
     </span>
     <span class='ocr_line' id='line_1_24' title="bbox 182 1571 962 1623; baseline 0 -12"><span class='ocrx_word' id='word_1_276' title='bbox 182 1577 226 1620; x_wconf 78' lang='grc' dir='ltr'>γῆν,</span> <span class='ocrx_word' id='word_1_277' title='bbox 240 1575 313 1610; x_wconf 76' lang='grc' dir='ltr'>καὶτῶν</span> <span class='ocrx_word' id='word_1_278' title='bbox 323 1575 341 1617; x_wconf 78' lang='grc' dir='ltr'><strong>ἐξ</strong></span> <span class='ocrx_word' id='word_1_279' title='bbox 351 1572 402 1620; x_wconf 87' lang='grc' dir='ltr'>άκηρ.</span> <span class='ocrx_word' id='word_1_280' title='bbox 427 1575 505 1607; x_wconf 85' lang='lat' dir='ltr'><strong>Ceterum</strong></span> <span class='ocrx_word' id='word_1_281' title='bbox 514 1575 560 1619; x_wconf 88' lang='lat' dir='ltr'><strong>quod</strong></span> <span class='ocrx_word' id='word_1_282' title='bbox 571 1585 605 1608; x_wconf 85' lang='lat' dir='ltr'><strong>non</strong></span> <span class='ocrx_word' id='word_1_283' title='bbox 614 1571 707 1610; x_wconf 80' lang='grc' dir='ltr'>Ἐπείσατε</span> <span class='ocrx_word' id='word_1_284' title='bbox 716 1575 755 1620; x_wconf 81' lang='grc' dir='ltr'>γῆν,</span> <span class='ocrx_word' id='word_1_285' title='bbox 767 1582 786 1608; x_wconf 89' lang='lat' dir='ltr'><strong>ut</strong></span> <span class='ocrx_word' id='word_1_286' title='bbox 796 1583 822 1609; x_wconf 86' lang='lat' dir='ltr'><strong>est</strong></span> <span class='ocrx_word' id='word_1_287' title='bbox 830 1577 848 1610; x_wconf 90' lang='lat' dir='ltr'><strong>iu</strong></span> <span class='ocrx_word' id='word_1_288' title='bbox 859 1577 886 1611; x_wconf 86' lang='lat' dir='ltr'><strong>ed.</strong></span> <span class='ocrx_word' id='word_1_289' title='bbox 897 1579 962 1623; x_wconf 72' lang='lat' dir='ltr'><strong>Petam,</strong></span> 
     </span>
     <span class='ocr_line' id='line_1_25' title="bbox 183 1629 962 1676; baseline 0.004 -11"><span class='ocrx_word' id='word_1_290' title='bbox 183 1632 214 1665; x_wconf 90' lang='lat' dir='ltr'><strong>sed</strong></span> <span class='ocrx_word' id='word_1_291' title='bbox 230 1629 324 1667; x_wconf 81' lang='grc' dir='ltr'>Ἐπείσατο</span> <span class='ocrx_word' id='word_1_292' title='bbox 342 1630 374 1676; x_wconf 83' lang='grc' dir='ltr'><strong>τῆν</strong></span> <span class='ocrx_word' id='word_1_293' title='bbox 390 1632 423 1676; x_wconf 87' lang='grc' dir='ltr'>γῆν</span> <span class='ocrx_word' id='word_1_294' title='bbox 441 1638 528 1664; x_wconf 81' lang='lat' dir='ltr'><strong>exaratum</strong></span> <span class='ocrx_word' id='word_1_295' title='bbox 544 1631 609 1665; x_wconf 87' lang='lat' dir='ltr'><strong>invenis</strong></span> <span class='ocrx_word' id='word_1_296' title='bbox 628 1643 659 1676; x_wconf 85' lang='lat' dir='ltr'><strong>per</strong></span> <span class='ocrx_word' id='word_1_297' title='bbox 676 1632 805 1676; x_wconf 85' lang='lat' dir='ltr'><strong>typothetarum</strong></span> <span class='ocrx_word' id='word_1_298' title='bbox 822 1645 879 1667; x_wconf 91' lang='lat' dir='ltr'><strong>errore</strong></span> <span class='ocrx_word' id='word_1_299' title='bbox 898 1634 962 1668; x_wconf 78' lang='lat' dir='ltr'><strong>factum</strong></span> 
     </span>
     <span class='ocr_line' id='line_1_26' title="bbox 183 1686 962 1738; baseline 0.005 -17"><span class='ocrx_word' id='word_1_300' title='bbox 183 1695 215 1722; x_wconf 86' lang='lat' dir='ltr'><strong>est.</strong></span> <span class='ocrx_word' id='word_1_301' title='bbox 227 1708 251 1715; x_wconf 92' lang='lat'><strong>—-</strong></span> <span class='ocrx_word' id='word_1_302' title='bbox 273 1686 310 1724; x_wconf 79' lang='grc'>1-4.</span> <span class='ocrx_word' id='word_1_303' title='bbox 322 1689 343 1722; x_wconf 88' lang='lat' dir='ltr'><strong>ab</strong></span> <span class='ocrx_word' id='word_1_304' title='bbox 353 1689 385 1723; x_wconf 89' lang='lat' dir='ltr'><strong>inf.</strong></span> <span class='ocrx_word' id='word_1_305' title='bbox 398 1687 428 1724; x_wconf 88' lang='grc' dir='ltr'><strong>καλ</strong></span> <span class='ocrx_word' id='word_1_306' title='bbox 438 1686 527 1734; x_wconf 79' lang='grc' dir='ltr'>χωρισμὸς</span> <span class='ocrx_word' id='word_1_307' title='bbox 537 1689 580 1723; x_wconf 89' lang='lat' dir='ltr'><strong>Ven.</strong></span> <span class='ocrx_word' id='word_1_308' title='bbox 588 1707 612 1715; x_wconf 88' lang='lat'><em>-</em></span> <span class='ocrx_word' id='word_1_309' title='bbox 634 1688 646 1722; x_wconf 89' lang='lat' dir='ltr'><strong>l.</strong></span> <span class='ocrx_word' id='word_1_310' title='bbox 653 1688 670 1724; x_wconf 83' lang='lat'><strong>3.</strong></span> <span class='ocrx_word' id='word_1_311' title='bbox 682 1688 703 1722; x_wconf 86' lang='lat' dir='ltr'><strong>ab</strong></span> <span class='ocrx_word' id='word_1_312' title='bbox 712 1688 745 1722; x_wconf 82' lang='lat' dir='ltr'><strong>inf.</strong></span> <span class='ocrx_word' id='word_1_313' title='bbox 757 1688 806 1726; x_wconf 87' lang='grc' dir='ltr'>πάλιν</span> <span class='ocrx_word' id='word_1_314' title='bbox 815 1688 848 1736; x_wconf 82' lang='grc' dir='ltr'><strong>γὰρ</strong></span> <span class='ocrx_word' id='word_1_315' title='bbox 857 1688 910 1731; x_wconf 67' lang='grc' dir='ltr'>αὐτὸς</span> <span class='ocrx_word' id='word_1_316' title='bbox 920 1691 962 1738; x_wconf 77' lang='lat' dir='ltr'><strong>(sine</strong></span> 
     </span>
     <span class='ocr_line' id='line_1_27' title="bbox 182 1744 255 1788; baseline -0.041 -7"><span class='ocrx_word' id='word_1_317' title='bbox 182 1744 201 1788; x_wconf 77' lang='lat' dir='ltr'><strong>d)</strong></span> <span class='ocrx_word' id='word_1_318' title='bbox 212 1747 255 1779; x_wconf 88' lang='lat' dir='ltr'><strong>Ven.</strong></span> 
     </span>
     <span class='ocr_line' id='line_1_28' title="bbox 227 1801 962 1850; baseline 0.005 -14"><span class='ocrx_word' id='word_1_319' title='bbox 227 1803 342 1850; x_wconf 75' lang='lat' dir='ltr'><strong>Pag.284.</strong></span> <span class='ocrx_word' id='word_1_320' title='bbox 364 1803 376 1836; x_wconf 93' lang='lat' dir='ltr'><strong>I.</strong></span> <span class='ocrx_word' id='word_1_321' title='bbox 385 1802 402 1837; x_wconf 86' lang='grc'><strong>8.</strong></span> <span class='ocrx_word' id='word_1_322' title='bbox 420 1801 479 1843; x_wconf 78' lang='grc' dir='ltr'>ἐνδοὺς</span> <span class='ocrx_word' id='word_1_323' title='bbox 493 1802 599 1836; x_wconf 86' lang='lat' dir='ltr'><strong>desideratur</strong></span> <span class='ocrx_word' id='word_1_324' title='bbox 609 1802 664 1836; x_wconf 87' lang='lat' dir='ltr'><strong>solum</strong></span> <span class='ocrx_word' id='word_1_325' title='bbox 674 1802 692 1836; x_wconf 87' lang='lat' dir='ltr'><strong>iu</strong></span> <span class='ocrx_word' id='word_1_326' title='bbox 702 1803 729 1836; x_wconf 89' lang='lat' dir='ltr'><strong>ed.</strong></span> <span class='ocrx_word' id='word_1_327' title='bbox 742 1804 800 1839; x_wconf 82' lang='lat' dir='ltr'><strong>Petav.</strong></span> <span class='ocrx_word' id='word_1_328' title='bbox 813 1804 884 1848; x_wconf 82' lang='lat' dir='ltr'><strong>Colum,</strong></span> <span class='ocrx_word' id='word_1_329' title='bbox 900 1805 962 1840; x_wconf 88' lang='lat' dir='ltr'><strong>nonin</strong></span> 
     </span>
     <span class='ocr_line' id='line_1_29' title="bbox 181 1856 975 1906; baseline 0.001 -11"><span class='ocrx_word' id='word_1_330' title='bbox 181 1860 261 1895; x_wconf 82' lang='lat' dir='ltr'><strong>Parisina.</strong></span> <span class='ocrx_word' id='word_1_331' title='bbox 274 1880 295 1887; x_wconf 91' lang='lat'>-</span> <span class='ocrx_word' id='word_1_332' title='bbox 319 1861 365 1895; x_wconf 89' lang='grc'>1.11.</span> <span class='ocrx_word' id='word_1_333' title='bbox 378 1859 448 1904; x_wconf 78' lang='lat' dir='ltr'><strong>eorrige</strong></span> <span class='ocrx_word' id='word_1_334' title='bbox 458 1856 499 1896; x_wconf 70' lang='grc' dir='ltr'>οὐδέ</span> <span class='ocrx_word' id='word_1_335' title='bbox 509 1858 586 1895; x_wconf 75' lang='grc' dir='ltr'>ἐστι-</span> <span class='ocrx_word' id='word_1_336' title='bbox 608 1859 620 1893; x_wconf 90' lang='lat' dir='ltr'><strong>I.</strong></span> <span class='ocrx_word' id='word_1_337' title='bbox 628 1857 654 1895; x_wconf 70' lang='lat'><strong>14.</strong></span> <span class='ocrx_word' id='word_1_338' title='bbox 671 1856 749 1906; x_wconf 87' lang='grc' dir='ltr'>τηρῆσαν</span> <span class='ocrx_word' id='word_1_339' title='bbox 759 1861 791 1905; x_wconf 91' lang='lat' dir='ltr'><strong>(sic</strong></span> <span class='ocrx_word' id='word_1_340' title='bbox 802 1861 918 1904; x_wconf 84' lang='lat' dir='ltr'><strong>scribendum,</strong></span> <span class='ocrx_word' id='word_1_341' title='bbox 928 1862 975 1896; x_wconf 88' lang='lat' dir='ltr'><strong>non&#39;</strong></span> 
     </span>
     <span class='ocr_line' id='line_1_30' title="bbox 180 1916 963 1964; baseline 0.003 -11"><span class='ocrx_word' id='word_1_342' title='bbox 180 1918 268 1963; x_wconf 79' lang='grc' dir='ltr'><strong>τηρῆσαν,</strong></span> <span class='ocrx_word' id='word_1_343' title='bbox 285 1924 303 1951; x_wconf 91' lang='lat' dir='ltr'><strong>ut</strong></span> <span class='ocrx_word' id='word_1_344' title='bbox 318 1930 371 1962; x_wconf 83' lang='lat' dir='ltr'><strong>prave</strong></span> <span class='ocrx_word' id='word_1_345' title='bbox 386 1924 473 1950; x_wconf 82' lang='lat' dir='ltr'><strong>exaratum</strong></span> <span class='ocrx_word' id='word_1_346' title='bbox 490 1916 561 1962; x_wconf 81' lang='lat' dir='ltr'><strong>legitur)</strong></span> <span class='ocrx_word' id='word_1_347' title='bbox 576 1916 658 1962; x_wconf 67' lang='grc' dir='ltr'>λέγεσλαι</span> <span class='ocrx_word' id='word_1_348' title='bbox 668 1919 711 1951; x_wconf 89' lang='lat' dir='ltr'><strong>Ven.</strong></span> <span class='ocrx_word' id='word_1_349' title='bbox 724 1937 744 1943; x_wconf 88' lang='lat'>—</span> <span class='ocrx_word' id='word_1_350' title='bbox 768 1918 780 1951; x_wconf 93' lang='lat' dir='ltr'><strong>l.</strong></span> <span class='ocrx_word' id='word_1_351' title='bbox 788 1919 814 1954; x_wconf 87' lang='grc'><strong>18.</strong></span> <span class='ocrx_word' id='word_1_352' title='bbox 827 1919 889 1960; x_wconf 84' lang='grc' dir='ltr'><strong>κακίας</strong></span> <span class='ocrx_word' id='word_1_353' title='bbox 899 1920 963 1964; x_wconf 87' lang='grc' dir='ltr'>πολλῆς</span> 
     </span>
     <span class='ocr_line' id='line_1_31' title="bbox 180 1973 963 2021; baseline 0.005 -13"><span class='ocrx_word' id='word_1_354' title='bbox 180 1977 223 2010; x_wconf 87' lang='lat' dir='ltr'><strong>Ven.</strong></span> <span class='ocrx_word' id='word_1_355' title='bbox 250 1975 300 2016; x_wconf 86' lang='lat' dir='ltr'><strong>Quod</strong></span> <span class='ocrx_word' id='word_1_356' title='bbox 310 1975 433 2008; x_wconf 86' lang='lat' dir='ltr'><strong>restituendum</strong></span> <span class='ocrx_word' id='word_1_357' title='bbox 442 1973 518 2016; x_wconf 84' lang='lat' dir='ltr'><strong>videtur,</strong></span> <span class='ocrx_word' id='word_1_358' title='bbox 530 1974 629 2019; x_wconf 88' lang='lat' dir='ltr'><strong>praesertim</strong></span> <span class='ocrx_word' id='word_1_359' title='bbox 639 1987 677 2008; x_wconf 85' lang='lat' dir='ltr'><strong>curu</strong></span> <span class='ocrx_word' id='word_1_360' title='bbox 687 1975 738 2009; x_wconf 82' lang='lat' dir='ltr'><strong>etiam</strong></span> <span class='ocrx_word' id='word_1_361' title='bbox 749 1975 776 2010; x_wconf 86' lang='lat' dir='ltr'><strong>ed</strong></span> <span class='ocrx_word' id='word_1_362' title='bbox 786 1976 839 2021; x_wconf 86' lang='lat' dir='ltr'><strong>princ.</strong></span> <span class='ocrx_word' id='word_1_363' title='bbox 850 1989 890 2012; x_wconf 89' lang='grc' dir='ltr'><strong>κακ.</strong></span> <span class='ocrx_word' id='word_1_364' title='bbox 899 1977 963 2016; x_wconf 80' lang='grc' dir='ltr'>πολλᾶς</span> 
     </span>
     <span class='ocr_line' id='line_1_32' title="bbox 181 2027 962 2078; baseline 0.005 -14"><span class='ocrx_word' id='word_1_365' title='bbox 181 2032 274 2077; x_wconf 82' lang='lat' dir='ltr'><strong>praebeat,</strong></span> <span class='ocrx_word' id='word_1_366' title='bbox 285 2043 320 2065; x_wconf 90' lang='lat' dir='ltr'><strong>non</strong></span> <span class='ocrx_word' id='word_1_367' title='bbox 330 2044 370 2067; x_wconf 90' lang='grc' dir='ltr'><strong>κακ.</strong></span> <span class='ocrx_word' id='word_1_368' title='bbox 382 2029 450 2071; x_wconf 82' lang='grc' dir='ltr'>πολλὰς.</span> <span class='ocrx_word' id='word_1_369' title='bbox 463 2051 486 2057; x_wconf 99' lang='grc'>-</span> <span class='ocrx_word' id='word_1_370' title='bbox 508 2031 520 2065; x_wconf 91' lang='lat' dir='ltr'><strong>I.</strong></span> <span class='ocrx_word' id='word_1_371' title='bbox 529 2031 555 2067; x_wconf 86' lang='lat'><strong>19.</strong></span> <span class='ocrx_word' id='word_1_372' title='bbox 567 2030 597 2067; x_wconf 79' lang='grc' dir='ltr'>τᾶν</span> <span class='ocrx_word' id='word_1_373' title='bbox 607 2027 695 2076; x_wconf 71' lang='grc' dir='ltr'>άνὶλρωπον</span> <span class='ocrx_word' id='word_1_374' title='bbox 704 2030 794 2077; x_wconf 85' lang='grc' dir='ltr'>φαντάζειν</span> <span class='ocrx_word' id='word_1_375' title='bbox 803 2030 832 2069; x_wconf 70' lang='lat' dir='ltr'><strong>det</strong></span> <span class='ocrx_word' id='word_1_376' title='bbox 841 2031 884 2078; x_wconf 74' lang='grc' dir='ltr'>πρὸς</span> <span class='ocrx_word' id='word_1_377' title='bbox 895 2031 962 2070; x_wconf 78' lang='grc' dir='ltr'><strong>ἀδικίαν</strong></span> 
     </span>
     <span class='ocr_line' id='line_1_33' title="bbox 182 2088 962 2136; baseline 0.005 -13"><span class='ocrx_word' id='word_1_378' title='bbox 182 2089 214 2136; x_wconf 74' lang='grc' dir='ltr'><strong>έχῃ</strong></span> <span class='ocrx_word' id='word_1_379' title='bbox 227 2091 269 2123; x_wconf 85' lang='lat' dir='ltr'><strong>Ven.</strong></span> <span class='ocrx_word' id='word_1_380' title='bbox 293 2091 313 2123; x_wconf 91' lang='lat' dir='ltr'><strong>In</strong></span> <span class='ocrx_word' id='word_1_381' title='bbox 324 2091 361 2123; x_wconf 90' lang='lat' dir='ltr'><strong>Bas.</strong></span> <span class='ocrx_word' id='word_1_382' title='bbox 376 2101 408 2133; x_wconf 85' lang='lat' dir='ltr'><strong>pro</strong></span> <span class='ocrx_word' id='word_1_383' title='bbox 419 2088 451 2134; x_wconf 73' lang='grc' dir='ltr'><strong>ἔχῃ</strong></span> <span class='ocrx_word' id='word_1_384' title='bbox 464 2095 510 2122; x_wconf 82' lang='lat' dir='ltr'><strong>extat</strong></span> <span class='ocrx_word' id='word_1_385' title='bbox 521 2088 561 2135; x_wconf 70' lang='grc' dir='ltr'>ἔχει.</span> <span class='ocrx_word' id='word_1_386' title='bbox 586 2089 628 2122; x_wconf 89' lang='lat' dir='ltr'><strong>Cod.</strong></span> <span class='ocrx_word' id='word_1_387' title='bbox 637 2090 702 2123; x_wconf 72' lang='lat' dir='ltr'><strong>Vener.</strong></span> <span class='ocrx_word' id='word_1_388' title='bbox 713 2089 774 2123; x_wconf 91' lang='lat' dir='ltr'><strong>deinde</strong></span> <span class='ocrx_word' id='word_1_389' title='bbox 784 2090 841 2135; x_wconf 82' lang='lat' dir='ltr'><strong>pergit</strong></span> <span class='ocrx_word' id='word_1_390' title='bbox 851 2089 892 2131; x_wconf 60' lang='grc' dir='ltr'>δεός</span> <span class='ocrx_word' id='word_1_391' title='bbox 900 2088 911 2127; x_wconf 78' lang='grc' dir='ltr'>ά</span> <span class='ocrx_word' id='word_1_392' title='bbox 919 2103 962 2126; x_wconf 84' lang='grc' dir='ltr'>παν-</span> 
     </span>
     <span class='ocr_line' id='line_1_34' title="bbox 181 2144 962 2195; baseline 0.003 -13"><span class='ocrx_word' id='word_1_393' title='bbox 181 2144 269 2191; x_wconf 86' lang='grc' dir='ltr'>τοκράτωρ</span> <span class='ocrx_word' id='word_1_394' title='bbox 285 2144 369 2182; x_wconf 62' lang='lat' dir='ltr'><strong>eudrardo</strong></span> <span class='ocrx_word' id='word_1_395' title='bbox 381 2145 399 2181; x_wconf 81' lang='grc' dir='ltr'>ἐν</span> <span class='ocrx_word' id='word_1_396' title='bbox 411 2144 505 2182; x_wconf 77' lang='grc' dir='ltr'><strong>ἐλαττώσει</strong></span> <span class='ocrx_word' id='word_1_397' title='bbox 521 2145 639 2190; x_wconf 82' lang='grc' dir='ltr'>κεκακωμένον</span> <span class='ocrx_word' id='word_1_398' title='bbox 655 2146 674 2188; x_wconf 82' lang='grc' dir='ltr'><strong>ἐξ</strong></span> <span class='ocrx_word' id='word_1_399' title='bbox 685 2146 776 2193; x_wconf 76' lang='grc' dir='ltr'>ἐπιβουλῆς</span> <span class='ocrx_word' id='word_1_400' title='bbox 790 2148 820 2183; x_wconf 81' lang='grc' dir='ltr'><strong>τοῦ</strong></span> <span class='ocrx_word' id='word_1_401' title='bbox 831 2146 911 2195; x_wconf 82' lang='grc' dir='ltr'>διαβόλου</span> <span class='ocrx_word' id='word_1_402' title='bbox 922 2146 962 2184; x_wconf 77' lang='grc' dir='ltr'>ἰδυλν</span> 
     </span>
     <span class='ocr_line' id='line_1_35' title="bbox 182 2201 962 2249; baseline 0.003 -10"><span class='ocrx_word' id='word_1_403' title='bbox 182 2201 234 2239; x_wconf 77' lang='grc' dir='ltr'>αάτόν</span> <span class='ocrx_word' id='word_1_404' title='bbox 244 2203 366 2249; x_wconf 78' lang='grc' dir='ltr'>γεγενημένον,</span> <span class='ocrx_word' id='word_1_405' title='bbox 383 2201 414 2238; x_wconf 77' lang='grc' dir='ltr'>οάκ</span> <span class='ocrx_word' id='word_1_406' title='bbox 426 2204 474 2238; x_wconf 77' lang='grc' dir='ltr'>εἴασε</span> <span class='ocrx_word' id='word_1_407' title='bbox 485 2204 585 2249; x_wconf 83' lang='grc' dir='ltr'>μεταλαβεῖν</span> <span class='ocrx_word' id='word_1_408' title='bbox 599 2205 629 2238; x_wconf 83' lang='grc' dir='ltr'><strong>τοῦ</strong></span> <span class='ocrx_word' id='word_1_409' title='bbox 646 2202 695 2245; x_wconf 77' lang='grc' dir='ltr'>ἕν’λου</span> <span class='ocrx_word' id='word_1_410' title='bbox 710 2204 743 2248; x_wconf 86' lang='grc' dir='ltr'><strong>τῆς</strong></span> <span class='ocrx_word' id='word_1_411' title='bbox 755 2206 810 2249; x_wconf 83' lang='grc' dir='ltr'>ζωῆς,</span> <span class='ocrx_word' id='word_1_412' title='bbox 827 2202 871 2240; x_wconf 82' lang='grc' dir='ltr'>α’λλά</span> <span class='ocrx_word' id='word_1_413' title='bbox 885 2204 962 2241; x_wconf 80' lang='grc' dir='ltr'>ἐνέδυσεν</span> 
     </span>
     <span class='ocr_line' id='line_1_36' title="bbox 182 2256 962 2307; baseline 0.003 -12"><span class='ocrx_word' id='word_1_414' title='bbox 182 2257 234 2296; x_wconf 76' lang='grc' dir='ltr'>αιῖτάυ</span> <span class='ocrx_word' id='word_1_415' title='bbox 248 2273 267 2296; x_wconf 84' lang='grc' dir='ltr'><strong>τε</strong></span> <span class='ocrx_word' id='word_1_416' title='bbox 279 2260 310 2296; x_wconf 82' lang='grc' dir='ltr'><strong>καλ</strong></span> <span class='ocrx_word' id='word_1_417' title='bbox 323 2259 355 2305; x_wconf 83' lang='grc' dir='ltr'><strong>τῆν</strong></span> <span class='ocrx_word' id='word_1_418' title='bbox 367 2260 439 2305; x_wconf 82' lang='grc' dir='ltr'>σύζυγον</span> <span class='ocrx_word' id='word_1_419' title='bbox 450 2256 498 2295; x_wconf 73' lang='grc' dir='ltr'>Εάαν</span> <span class='ocrx_word' id='word_1_420' title='bbox 511 2260 584 2305; x_wconf 79' lang='grc' dir='ltr'>χιτῶνας</span> <span class='ocrx_word' id='word_1_421' title='bbox 599 2260 718 2305; x_wconf 85' lang='grc' dir='ltr'>δερματίνους,</span> <span class='ocrx_word' id='word_1_422' title='bbox 734 2262 764 2296; x_wconf 88' lang='grc' dir='ltr'>κοιλ</span> <span class='ocrx_word' id='word_1_423' title='bbox 775 2259 849 2297; x_wconf 82' lang='grc' dir='ltr'>άπέλυσε</span> <span class='ocrx_word' id='word_1_424' title='bbox 859 2263 888 2297; x_wconf 79' lang='grc' dir='ltr'><strong>τοῦ</strong></span> <span class='ocrx_word' id='word_1_425' title='bbox 900 2262 962 2307; x_wconf 88' lang='grc' dir='ltr'>Παρα-</span> 
     </span>
     <span class='ocr_line' id='line_1_37' title="bbox 183 2314 963 2363; baseline 0.003 -10"><span class='ocrx_word' id='word_1_426' title='bbox 183 2317 250 2360; x_wconf 66' lang='lat' dir='ltr'><strong>sercou,</strong></span> <span class='ocrx_word' id='word_1_427' title='bbox 268 2317 349 2361; x_wconf 86' lang='grc' dir='ltr'>νέκρωσιν</span> <span class='ocrx_word' id='word_1_428' title='bbox 360 2314 419 2356; x_wconf 77' lang='grc' dir='ltr'>ου’τοῖς</span> <span class='ocrx_word' id='word_1_429' title='bbox 430 2314 498 2361; x_wconf 78' lang='grc' dir='ltr'>ὁρίσας,</span> <span class='ocrx_word' id='word_1_430' title='bbox 515 2316 577 2362; x_wconf 84' lang='grc' dir='ltr'>λέγων,</span> <span class='ocrx_word' id='word_1_431' title='bbox 595 2317 623 2362; x_wconf 88' lang='grc' dir='ltr'><strong>Γῆ</strong></span> <span class='ocrx_word' id='word_1_432' title='bbox 635 2315 660 2359; x_wconf 80' lang='grc' dir='ltr'>εἷ,</span> <span class='ocrx_word' id='word_1_433' title='bbox 677 2317 707 2353; x_wconf 86' lang='grc' dir='ltr'><strong>καλ</strong></span> <span class='ocrx_word' id='word_1_434' title='bbox 718 2317 743 2357; x_wconf 82' lang='grc' dir='ltr'><strong>εἰς</strong></span> <span class='ocrx_word' id='word_1_435' title='bbox 753 2318 786 2363; x_wconf 81' lang='grc' dir='ltr'>γῆν</span> <span class='ocrx_word' id='word_1_436' title='bbox 796 2315 898 2363; x_wconf 83' lang='grc' dir='ltr'>οἷπελεάσει,</span> <span class='ocrx_word' id='word_1_437' title='bbox 915 2315 963 2358; x_wconf 72' lang='grc' dir='ltr'>ὅπως</span> 
     </span>
     <span class='ocr_line' id='line_1_38' title="bbox 182 2370 962 2420; baseline 0.003 -11"><span class='ocrx_word' id='word_1_438' title='bbox 182 2375 279 2419; x_wconf 61' lang='grc' dir='ltr'>καῆαρλσας</span> <span class='ocrx_word' id='word_1_439' title='bbox 288 2375 322 2419; x_wconf 88' lang='grc' dir='ltr'><strong>τῆς</strong></span> <span class='ocrx_word' id='word_1_440' title='bbox 336 2373 448 2413; x_wconf 82' lang='grc' dir='ltr'>ἐλαττώσεως</span> <span class='ocrx_word' id='word_1_441' title='bbox 459 2373 476 2409; x_wconf 78' lang='grc' dir='ltr'>ἐν</span> <span class='ocrx_word' id='word_1_442' title='bbox 486 2372 509 2419; x_wconf 84' lang='grc' dir='ltr'>τῆ</span> <span class='ocrx_word' id='word_1_443' title='bbox 520 2371 623 2416; x_wconf 79' lang='grc' dir='ltr'>ἀναστάσει,</span> <span class='ocrx_word' id='word_1_444' title='bbox 640 2372 665 2414; x_wconf 67' lang='lat' dir='ltr'><strong>oi&lt;</strong></span> <span class='ocrx_word' id='word_1_445' title='bbox 679 2370 749 2417; x_wconf 85' lang='grc' dir='ltr'>άμιστος</span> <span class='ocrx_word' id='word_1_446' title='bbox 758 2374 853 2420; x_wconf 78' lang='grc' dir='ltr'>κεραμεὺς,</span> <span class='ocrx_word' id='word_1_447' title='bbox 869 2374 918 2411; x_wconf 89' lang='grc' dir='ltr'>πάλιν</span> <span class='ocrx_word' id='word_1_448' title='bbox 928 2372 962 2411; x_wconf 79' lang='grc' dir='ltr'><strong>άπὸ</strong></span> 
     </span>
     <span class='ocr_line' id='line_1_39' title="bbox 183 2428 962 2478; baseline 0.003 -12"><span class='ocrx_word' id='word_1_449' title='bbox 183 2433 212 2467; x_wconf 76' lang='grc' dir='ltr'><strong>τοῦ</strong></span> <span class='ocrx_word' id='word_1_450' title='bbox 224 2432 266 2468; x_wconf 86' lang='grc' dir='ltr'>ἰδίου</span> <span class='ocrx_word' id='word_1_451' title='bbox 275 2430 376 2477; x_wconf 79' lang='grc' dir='ltr'>φυράματος</span> <span class='ocrx_word' id='word_1_452' title='bbox 385 2428 425 2467; x_wconf 80' lang='grc' dir='ltr'>ἄνευ</span> <span class='ocrx_word' id='word_1_453' title='bbox 436 2430 547 2471; x_wconf 77' lang='grc' dir='ltr'>ἐλαττώσεως</span> <span class='ocrx_word' id='word_1_454' title='bbox 557 2428 656 2475; x_wconf 81' lang='grc' dir='ltr'>άναοτῆσει.</span> <span class='ocrx_word' id='word_1_455' title='bbox 680 2429 805 2476; x_wconf 87' lang='grc' dir='ltr'>Προηπάρητοα</span> <span class='ocrx_word' id='word_1_456' title='bbox 816 2431 836 2468; x_wconf 80' lang='grc' dir='ltr'><strong>δὲ</strong></span> <span class='ocrx_word' id='word_1_457' title='bbox 845 2428 882 2478; x_wconf 74' lang='grc' dir='ltr'><strong>ἤδη</strong></span> <span class='ocrx_word' id='word_1_458' title='bbox 892 2434 928 2467; x_wconf 85' lang='grc' dir='ltr'><strong>κτλ</strong></span> <span class='ocrx_word' id='word_1_459' title='bbox 940 2451 962 2458; x_wconf 93' lang='grc'>-</span> 
     </span>
     <span class='ocr_line' id='line_1_40' title="bbox 184 2486 962 2535; baseline 0 -13"><span class='ocrx_word' id='word_1_460' title='bbox 184 2489 195 2522; x_wconf 93' lang='lat' dir='ltr'><strong>I.</strong></span> <span class='ocrx_word' id='word_1_461' title='bbox 203 2490 231 2524; x_wconf 76' lang='lat'><strong>21.</strong></span> <span class='ocrx_word' id='word_1_462' title='bbox 243 2491 284 2523; x_wconf 85' lang='lat' dir='ltr'><strong>Post</strong></span> <span class='ocrx_word' id='word_1_463' title='bbox 296 2487 336 2525; x_wconf 79' lang='grc' dir='ltr'>ἰδολν</span> <span class='ocrx_word' id='word_1_464' title='bbox 345 2500 409 2533; x_wconf 87' lang='lat' dir='ltr'><strong>repone</strong></span> <span class='ocrx_word' id='word_1_465' title='bbox 419 2486 479 2531; x_wconf 78' lang='lat' dir='ltr'><strong>uritdu,</strong></span> <span class='ocrx_word' id='word_1_466' title='bbox 498 2488 544 2533; x_wconf 90' lang='lat' dir='ltr'><strong>quod</strong></span> <span class='ocrx_word' id='word_1_467' title='bbox 553 2488 634 2522; x_wconf 84' lang='lat' dir='ltr'><strong>excidisse</strong></span> <span class='ocrx_word' id='word_1_468' title='bbox 644 2488 694 2522; x_wconf 90' lang='lat' dir='ltr'><strong>video</strong></span> <span class='ocrx_word' id='word_1_469' title='bbox 705 2488 757 2522; x_wconf 88' lang='lat' dir='ltr'><strong>etiam</strong></span> <span class='ocrx_word' id='word_1_470' title='bbox 767 2489 785 2522; x_wconf 88' lang='lat' dir='ltr'><strong>in</strong></span> <span class='ocrx_word' id='word_1_471' title='bbox 795 2489 822 2523; x_wconf 87' lang='lat' dir='ltr'><strong>ed.</strong></span> <span class='ocrx_word' id='word_1_472' title='bbox 833 2491 890 2523; x_wconf 84' lang='lat' dir='ltr'><strong>Petav.</strong></span> <span class='ocrx_word' id='word_1_473' title='bbox 902 2489 962 2535; x_wconf 85' lang='lat' dir='ltr'><strong>Golon.</strong></span> 
     </span>
     <span class='ocr_line' id='line_1_41' title="bbox 168 2542 962 2592; baseline 0.001 -13"><span class='ocrx_word' id='word_1_474' title='bbox 168 2561 170 2563; x_wconf 53' lang='lat'>&gt;</span> <span class='ocrx_word' id='word_1_475' title='bbox 184 2566 206 2573; x_wconf 92' lang='lat'><strong>—</strong></span> <span class='ocrx_word' id='word_1_476' title='bbox 217 2547 228 2579; x_wconf 95' lang='lat' dir='ltr'><strong>l.</strong></span> <span class='ocrx_word' id='word_1_477' title='bbox 236 2547 264 2582; x_wconf 81' lang='lat'><strong>27.</strong></span> <span class='ocrx_word' id='word_1_478' title='bbox 282 2547 338 2579; x_wconf 85' lang='lat' dir='ltr'><strong>Verba</strong></span> <span class='ocrx_word' id='word_1_479' title='bbox 348 2545 445 2590; x_wconf 83' lang='grc' dir='ltr'>φράζωμεν.</span> <span class='ocrx_word' id='word_1_480' title='bbox 469 2542 526 2585; x_wconf 77' lang='grc' dir='ltr'>Αάτός</span> <span class='ocrx_word' id='word_1_481' title='bbox 536 2558 570 2579; x_wconf 90' lang='lat' dir='ltr'><strong>non</strong></span> <span class='ocrx_word' id='word_1_482' title='bbox 581 2546 633 2591; x_wconf 83' lang='lat' dir='ltr'><strong>magis</strong></span> <span class='ocrx_word' id='word_1_483' title='bbox 643 2546 719 2590; x_wconf 81' lang='lat' dir='ltr'><strong>agnoscit</strong></span> <span class='ocrx_word' id='word_1_484' title='bbox 727 2547 787 2580; x_wconf 87' lang='lat' dir='ltr'><strong>Venet.</strong></span> <span class='ocrx_word' id='word_1_485' title='bbox 800 2558 850 2591; x_wconf 90' lang='lat' dir='ltr'><strong>quam</strong></span> <span class='ocrx_word' id='word_1_486' title='bbox 859 2558 901 2592; x_wconf 90' lang='lat' dir='ltr'><strong>quae</strong></span> <span class='ocrx_word' id='word_1_487' title='bbox 911 2546 962 2592; x_wconf 85' lang='lat' dir='ltr'><strong>paulo</strong></span> 
     </span>
     <span class='ocr_line' id='line_1_42' title="bbox 184 2600 963 2651; baseline 0.005 -15"><span class='ocrx_word' id='word_1_488' title='bbox 184 2611 224 2649; x_wconf 89' lang='lat' dir='ltr'><strong>post</strong></span> <span class='ocrx_word' id='word_1_489' title='bbox 234 2611 326 2648; x_wconf 89' lang='lat' dir='ltr'><strong>sequuntur</strong></span> <span class='ocrx_word' id='word_1_490' title='bbox 332 2603 383 2636; x_wconf 87' lang='lat' dir='ltr'><strong>verba</strong></span> <span class='ocrx_word' id='word_1_491' title='bbox 389 2600 399 2638; x_wconf 75' lang='grc' dir='ltr'>ὁ</span> <span class='ocrx_word' id='word_1_492' title='bbox 405 2601 542 2647; x_wconf 74' lang='grc' dir='ltr'>πρωτέπλαστος.</span> <span class='ocrx_word' id='word_1_493' title='bbox 549 2623 573 2629; x_wconf 93' lang='grc'>-</span> <span class='ocrx_word' id='word_1_494' title='bbox 595 2604 607 2637; x_wconf 84' lang='lat'><strong>1.</strong></span> <span class='ocrx_word' id='word_1_495' title='bbox 616 2605 627 2639; x_wconf 89' lang='lat'><strong>7</strong></span> <span class='ocrx_word' id='word_1_496' title='bbox 638 2612 656 2636; x_wconf 88' lang='lat' dir='ltr'><strong>et</strong></span> <span class='ocrx_word' id='word_1_497' title='bbox 665 2603 682 2638; x_wconf 79' lang='lat'><strong>6.</strong></span> <span class='ocrx_word' id='word_1_498' title='bbox 693 2604 714 2637; x_wconf 90' lang='lat' dir='ltr'><strong>ab</strong></span> <span class='ocrx_word' id='word_1_499' title='bbox 723 2604 754 2637; x_wconf 86' lang='lat' dir='ltr'><strong>inf.</strong></span> <span class='ocrx_word' id='word_1_500' title='bbox 766 2608 838 2649; x_wconf 86' lang='grc' dir='ltr'>γυναῖκα</span> <span class='ocrx_word' id='word_1_501' title='bbox 846 2605 963 2651; x_wconf 61' lang='grc' dir='ltr'>προςενεχὲεῖ-</span> 
     </span>
     <span class='ocr_line' id='line_1_43' title="bbox 185 2657 734 2706; baseline -0.007 -10"><span class='ocrx_word' id='word_1_502' title='bbox 185 2673 216 2696; x_wconf 89' lang='grc' dir='ltr'>σαν</span> <span class='ocrx_word' id='word_1_503' title='bbox 228 2657 276 2706; x_wconf 68' lang='lat' dir='ltr'><strong>adrui</strong></span> <span class='ocrx_word' id='word_1_504' title='bbox 288 2663 330 2693; x_wconf 88' lang='lat' dir='ltr'><strong>Ven.</strong></span> <span class='ocrx_word' id='word_1_505' title='bbox 354 2660 401 2693; x_wconf 89' lang='lat' dir='ltr'><strong>Idem</strong></span> <span class='ocrx_word' id='word_1_506' title='bbox 412 2660 424 2693; x_wconf 93' lang='lat' dir='ltr'><strong>l.</strong></span> <span class='ocrx_word' id='word_1_507' title='bbox 435 2660 464 2693; x_wconf 91' lang='lat' dir='ltr'><strong>ult.</strong></span> <span class='ocrx_word' id='word_1_508' title='bbox 477 2658 570 2704; x_wconf 86' lang='grc' dir='ltr'>φληνάφων</span> <span class='ocrx_word' id='word_1_509' title='bbox 582 2661 615 2696; x_wconf 76' lang='grc' dir='ltr'><strong>τῶν</strong></span> <span class='ocrx_word' id='word_1_510' title='bbox 626 2661 675 2696; x_wconf 69' lang='grc' dir='ltr'>τινοῖν</span> <span class='ocrx_word' id='word_1_511' title='bbox 688 2661 734 2706; x_wconf 83' lang='lat' dir='ltr'><strong>(sic).</strong></span> 
     </span>
     <span class='ocr_line' id='line_1_44' title="bbox 230 2715 963 2765; baseline -0.003 -12"><span class='ocrx_word' id='word_1_512' title='bbox 230 2719 284 2765; x_wconf 75' lang='lat' dir='ltr'><strong>Peg.</strong></span> <span class='ocrx_word' id='word_1_513' title='bbox 296 2718 347 2753; x_wconf 73' lang='lat'>286.</span> <span class='ocrx_word' id='word_1_514' title='bbox 369 2717 380 2750; x_wconf 88' lang='lat' dir='ltr'><strong>l.</strong></span> <span class='ocrx_word' id='word_1_515' title='bbox 394 2718 408 2752; x_wconf 90' lang='lat'><strong>1.</strong></span> <span class='ocrx_word' id='word_1_516' title='bbox 427 2715 533 2764; x_wconf 72' lang='grc' dir='ltr'>προχωρῆση</span> <span class='ocrx_word' id='word_1_517' title='bbox 548 2717 599 2751; x_wconf 88' lang='lat' dir='ltr'><strong>habet</strong></span> <span class='ocrx_word' id='word_1_518' title='bbox 615 2718 665 2751; x_wconf 87' lang='lat' dir='ltr'><strong>etiam</strong></span> <span class='ocrx_word' id='word_1_519' title='bbox 679 2719 721 2753; x_wconf 85' lang='lat' dir='ltr'><strong>Ven.</strong></span> <span class='ocrx_word' id='word_1_520' title='bbox 734 2738 756 2744; x_wconf 93' lang='lat'><em>-</em></span> <span class='ocrx_word' id='word_1_521' title='bbox 779 2718 815 2753; x_wconf 77' lang='lat' dir='ltr'>l.2.</span> <span class='ocrx_word' id='word_1_522' title='bbox 834 2717 904 2764; x_wconf 76' lang='grc' dir='ltr'>νοητὰς,</span> <span class='ocrx_word' id='word_1_523' title='bbox 922 2724 963 2765; x_wconf 85' lang='lat' dir='ltr'><strong>pust</strong></span> 
     </span>
     <span class='ocr_line' id='line_1_45' title="bbox 147 2773 963 2821; baseline 0.006 -13"><span class='ocrx_word' id='word_1_524' title='bbox 147 2773 148 2776; x_wconf 68' lang='grc'>’</span> <span class='ocrx_word' id='word_1_525' title='bbox 186 2776 261 2820; x_wconf 80' lang='grc' dir='ltr'>σάρκας,</span> <span class='ocrx_word' id='word_1_526' title='bbox 277 2787 310 2808; x_wconf 85' lang='lat' dir='ltr'><strong>om.</strong></span> <span class='ocrx_word' id='word_1_527' title='bbox 327 2777 369 2809; x_wconf 86' lang='lat' dir='ltr'><strong>Ven.</strong></span> <span class='ocrx_word' id='word_1_528' title='bbox 392 2776 438 2808; x_wconf 88' lang='lat' dir='ltr'><strong>Idem</strong></span> <span class='ocrx_word' id='word_1_529' title='bbox 449 2776 461 2808; x_wconf 86' lang='lat'><strong>1.</strong></span> <span class='ocrx_word' id='word_1_530' title='bbox 471 2776 488 2809; x_wconf 86' lang='lat'><strong>3.</strong></span> <span class='ocrx_word' id='word_1_531' title='bbox 501 2773 549 2810; x_wconf 88' lang='grc' dir='ltr'>κάτω</span> <span class='ocrx_word' id='word_1_532' title='bbox 564 2773 707 2821; x_wconf 76' lang='grc' dir='ltr'>ιλποβαλλομένων.</span> <span class='ocrx_word' id='word_1_533' title='bbox 720 2795 743 2802; x_wconf 91' lang='grc'>-</span> <span class='ocrx_word' id='word_1_534' title='bbox 766 2776 809 2809; x_wconf 84' lang='lat' dir='ltr'><strong>Ibid.</strong></span> <span class='ocrx_word' id='word_1_535' title='bbox 827 2777 896 2821; x_wconf 78' lang='lat' dir='ltr'><strong>corrige</strong></span> <span class='ocrx_word' id='word_1_536' title='bbox 908 2774 963 2816; x_wconf 69' lang='grc' dir='ltr'>οὕτως</span> 
     </span>
     <span class='ocr_line' id='line_1_46' title="bbox 185 2828 962 2876; baseline 0.004 -10"><span class='ocrx_word' id='word_1_537' title='bbox 185 2832 214 2873; x_wconf 72' lang='grc' dir='ltr'>ως.</span> <span class='ocrx_word' id='word_1_538' title='bbox 226 2853 250 2859; x_wconf 92' lang='grc'>-</span> <span class='ocrx_word' id='word_1_539' title='bbox 271 2832 284 2865; x_wconf 86' lang='grc'><strong>1.</strong></span> <span class='ocrx_word' id='word_1_540' title='bbox 294 2831 311 2866; x_wconf 82' lang='grc'><strong>6.</strong></span> <span class='ocrx_word' id='word_1_541' title='bbox 328 2828 445 2876; x_wconf 75' lang='grc' dir='ltr'>ἀποκρίνεται,</span> <span class='ocrx_word' id='word_1_542' title='bbox 464 2828 503 2866; x_wconf 79' lang='grc' dir='ltr'><strong>Οιῖκ</strong></span> <span class='ocrx_word' id='word_1_543' title='bbox 515 2828 600 2876; x_wconf 81' lang='grc' dir='ltr'>οἷνέγνωτε</span> <span class='ocrx_word' id='word_1_544' title='bbox 613 2828 692 2868; x_wconf 66' lang='lat' dir='ltr'><strong>daven.</strong></span> <span class='ocrx_word' id='word_1_545' title='bbox 706 2852 728 2858; x_wconf 95' lang='lat'>-</span> <span class='ocrx_word' id='word_1_546' title='bbox 750 2832 793 2866; x_wconf 87' lang='lat' dir='ltr'><strong>Ihid.</strong></span> <span class='ocrx_word' id='word_1_547' title='bbox 806 2833 862 2867; x_wconf 85' lang='lat' dir='ltr'><strong>Verba</strong></span> <span class='ocrx_word' id='word_1_548' title='bbox 872 2832 902 2868; x_wconf 79' lang='lat' dir='ltr'><strong>&gt;ted</strong></span> <span class='ocrx_word' id='word_1_549' title='bbox 911 2831 962 2874; x_wconf 75' lang='lat' dir='ltr'><strong>einer,</strong></span> 
     </span>
     <span class='ocr_line' id='line_1_47' title="bbox 185 2885 962 2937; baseline -0.001 -12"><span class='ocrx_word' id='word_1_550' title='bbox 185 2898 225 2937; x_wconf 87' lang='lat' dir='ltr'><strong>pust</strong></span> <span class='ocrx_word' id='word_1_551' title='bbox 234 2890 310 2935; x_wconf 76' lang='grc' dir='ltr'>ἐποίησε,</span> <span class='ocrx_word' id='word_1_552' title='bbox 322 2889 417 2923; x_wconf 83' lang='lat' dir='ltr'><strong>nonhabet</strong></span> <span class='ocrx_word' id='word_1_553' title='bbox 428 2891 470 2924; x_wconf 89' lang='lat' dir='ltr'><strong>Ven.</strong></span> <span class='ocrx_word' id='word_1_554' title='bbox 481 2909 504 2915; x_wconf 88' lang='lat'><em>-</em></span> <span class='ocrx_word' id='word_1_555' title='bbox 526 2888 574 2923; x_wconf 88' lang='lat'>1.10.</span> <span class='ocrx_word' id='word_1_556' title='bbox 586 2885 603 2931; x_wconf 80' lang='lat' dir='ltr'><strong>d,</strong></span> <span class='ocrx_word' id='word_1_557' title='bbox 615 2897 655 2935; x_wconf 86' lang='lat' dir='ltr'><strong>post</strong></span> <span class='ocrx_word' id='word_1_558' title='bbox 664 2886 758 2936; x_wconf 63' lang='grc' dir='ltr'>άνδρωπον,</span> <span class='ocrx_word' id='word_1_559' title='bbox 770 2903 803 2925; x_wconf 89' lang='lat' dir='ltr'><strong>om.</strong></span> <span class='ocrx_word' id='word_1_560' title='bbox 813 2893 857 2927; x_wconf 87' lang='lat' dir='ltr'><strong>Ven.</strong></span> <span class='ocrx_word' id='word_1_561' title='bbox 869 2910 892 2917; x_wconf 96' lang='lat'>-</span> <span class='ocrx_word' id='word_1_562' title='bbox 914 2891 926 2924; x_wconf 91' lang='lat' dir='ltr'><strong>I.</strong></span> <span class='ocrx_word' id='word_1_563' title='bbox 936 2892 962 2925; x_wconf 82' lang='lat'><strong>15.</strong></span> 
     </span>
     <span class='ocr_line' id='line_1_48' title="bbox 186 2944 962 2994; baseline -0.001 -9"><span class='ocrx_word' id='word_1_564' title='bbox 186 2947 318 2994; x_wconf 77' lang='grc' dir='ltr'>ἐπισκεψάμενοι</span> <span class='ocrx_word' id='word_1_565' title='bbox 328 2948 371 2982; x_wconf 84' lang='lat' dir='ltr'><strong>Ven.</strong></span> <span class='ocrx_word' id='word_1_566' title='bbox 383 2966 406 2973; x_wconf 98' lang='lat'>—</span> <span class='ocrx_word' id='word_1_567' title='bbox 428 2947 475 2984; x_wconf 64' lang='lat'>1,17.</span> <span class='ocrx_word' id='word_1_568' title='bbox 492 2948 568 2981; x_wconf 84' lang='lat' dir='ltr'><strong>Praestat</strong></span> <span class='ocrx_word' id='word_1_569' title='bbox 583 2948 644 2983; x_wconf 83' lang='lat' dir='ltr'><strong>Veneti</strong></span> <span class='ocrx_word' id='word_1_570' title='bbox 659 2948 741 2994; x_wconf 86' lang='lat' dir='ltr'><strong>scriptura</strong></span> <span class='ocrx_word' id='word_1_571' title='bbox 756 2944 789 2985; x_wconf 76' lang='grc' dir='ltr'>οἷπά</span> <span class='ocrx_word' id='word_1_572' title='bbox 804 2949 835 2985; x_wconf 81' lang='grc' dir='ltr'><strong>τοῦ</strong></span> <span class='ocrx_word' id='word_1_573' title='bbox 851 2944 914 2994; x_wconf 85' lang='grc' dir='ltr'>οἶλάγου</span> <span class='ocrx_word' id='word_1_574' title='bbox 928 2948 962 2984; x_wconf 79' lang='grc' dir='ltr'><strong>τῶν</strong></span> 
     </span>
     <span class='ocr_line' id='line_1_49' title="bbox 187 3002 962 3052; baseline -0.003 -10"><span class='ocrx_word' id='word_1_575' title='bbox 187 3007 274 3050; x_wconf 81' lang='grc' dir='ltr'>ζώων.-</span> <span class='ocrx_word' id='word_1_576' title='bbox 296 3007 344 3041; x_wconf 68' lang='grc'>1-20.</span> <span class='ocrx_word' id='word_1_577' title='bbox 362 3002 432 3042; x_wconf 76' lang='grc' dir='ltr'>ἐδύνατο</span> <span class='ocrx_word' id='word_1_578' title='bbox 447 3007 490 3041; x_wconf 86' lang='lat' dir='ltr'><strong>Ven.</strong></span> <span class='ocrx_word' id='word_1_579' title='bbox 503 3025 525 3031; x_wconf 93' lang='lat'><em>-</em></span> <span class='ocrx_word' id='word_1_580' title='bbox 548 3005 594 3041; x_wconf 70' lang='lat' dir='ltr'><strong>tto.</strong></span> <span class='ocrx_word' id='word_1_581' title='bbox 612 3003 713 3043; x_wconf 80' lang='grc' dir='ltr'>ἀπέστελλεν</span> <span class='ocrx_word' id='word_1_582' title='bbox 728 3008 771 3041; x_wconf 87' lang='lat' dir='ltr'><strong>Ven.</strong></span> <span class='ocrx_word' id='word_1_583' title='bbox 794 3006 842 3041; x_wconf 90' lang='lat' dir='ltr'><strong>Idem</strong></span> <span class='ocrx_word' id='word_1_584' title='bbox 854 3006 895 3041; x_wconf 91' lang='lat' dir='ltr'><strong>ibid.</strong></span> <span class='ocrx_word' id='word_1_585' title='bbox 911 3006 962 3052; x_wconf 82' lang='lat' dir='ltr'><strong>paulo</strong></span> 
     </span>
     <span class='ocr_line' id='line_1_50' title="bbox 185 3060 962 3110; baseline -0.001 -10"><span class='ocrx_word' id='word_1_586' title='bbox 185 3072 226 3110; x_wconf 86' lang='lat' dir='ltr'><strong>post</strong></span> <span class='ocrx_word' id='word_1_587' title='bbox 237 3060 284 3109; x_wconf 74' lang='grc' dir='ltr'>άνὶλρ.</span> <span class='ocrx_word' id='word_1_588' title='bbox 293 3061 423 3110; x_wconf 81' lang='grc' dir='ltr'>άγευστῆσαντα</span> <span class='ocrx_word' id='word_1_589' title='bbox 431 3061 526 3100; x_wconf 67' lang='grc' dir='ltr'>άποΒανεῖν.</span> <span class='ocrx_word' id='word_1_590' title='bbox 537 3082 558 3089; x_wconf 94' lang='grc'>-</span> <span class='ocrx_word' id='word_1_591' title='bbox 581 3063 593 3097; x_wconf 91' lang='lat'><strong>1.</strong></span> <span class='ocrx_word' id='word_1_592' title='bbox 598 3061 627 3099; x_wconf 79' lang='lat'><strong>24.</strong></span> <span class='ocrx_word' id='word_1_593' title='bbox 639 3063 683 3109; x_wconf 74' lang='grc' dir='ltr'>φαίη</span> <span class='ocrx_word' id='word_1_594' title='bbox 693 3065 743 3100; x_wconf 78' lang='grc' dir='ltr'>τοῦτο</span> <span class='ocrx_word' id='word_1_595' title='bbox 752 3066 795 3100; x_wconf 73' lang='lat' dir='ltr'><strong>Ven,</strong></span> <span class='ocrx_word' id='word_1_596' title='bbox 807 3085 830 3092; x_wconf 96' lang='lat'><em>-</em></span> <span class='ocrx_word' id='word_1_597' title='bbox 852 3064 863 3098; x_wconf 94' lang='grc'><strong>1.</strong></span> <span class='ocrx_word' id='word_1_598' title='bbox 871 3064 898 3099; x_wconf 78' lang='lat'><strong>25.</strong></span> <span class='ocrx_word' id='word_1_599' title='bbox 910 3061 962 3101; x_wconf 63' lang='lat' dir='ltr'><strong>deffe-</strong></span> 
     </span>
     <span class='ocr_line' id='line_1_51' title="bbox 185 3117 961 3169; baseline -0.001 -10"><span class='ocrx_word' id='word_1_600' title='bbox 185 3122 217 3169; x_wconf 84' lang='grc' dir='ltr'><strong>νῆς</strong></span> <span class='ocrx_word' id='word_1_601' title='bbox 233 3120 280 3169; x_wconf 77' lang='grc' dir='ltr'>αὐτῷ</span> <span class='ocrx_word' id='word_1_602' title='bbox 296 3120 306 3159; x_wconf 78' lang='lat' dir='ltr'><strong>d</strong></span> <span class='ocrx_word' id='word_1_603' title='bbox 322 3120 372 3167; x_wconf 79' lang='grc' dir='ltr'>λόγος</span> <span class='ocrx_word' id='word_1_604' title='bbox 387 3123 429 3158; x_wconf 89' lang='lat' dir='ltr'><strong>Ven.</strong></span> <span class='ocrx_word' id='word_1_605' title='bbox 452 3122 500 3156; x_wconf 88' lang='lat' dir='ltr'><strong>Idem</strong></span> <span class='ocrx_word' id='word_1_606' title='bbox 513 3119 561 3156; x_wconf 73' lang='lat' dir='ltr'><strong>Ine.</strong></span> <span class='ocrx_word' id='word_1_607' title='bbox 572 3117 645 3162; x_wconf 81' lang='grc' dir='ltr'>άσάετος</span> <span class='ocrx_word' id='word_1_608' title='bbox 661 3121 697 3167; x_wconf 78' lang='lat' dir='ltr'><strong>(sic)</strong></span> <span class='ocrx_word' id='word_1_609' title='bbox 709 3122 739 3158; x_wconf 84' lang='grc' dir='ltr'><strong>τοῦ</strong></span> <span class='ocrx_word' id='word_1_610' title='bbox 754 3123 843 3168; x_wconf 87' lang='grc' dir='ltr'>μέλλοντος</span> <span class='ocrx_word' id='word_1_611' title='bbox 856 3119 866 3158; x_wconf 77' lang='grc' dir='ltr'>ὅ</span> <span class='ocrx_word' id='word_1_612' title='bbox 881 3119 927 3162; x_wconf 58' lang='grc' dir='ltr'>θεάς.</span> <span class='ocrx_word' id='word_1_613' title='bbox 940 3139 961 3147; x_wconf 84' lang='grc'>-</span> 
     </span>
    </p>
   </div>
   <div class='ocr_carea' id='block_1_3' title="bbox 0 0 998 3392">
    <p class='ocr_par' dir='ltr' id='par_1_3' title="bbox 0 0 998 3392">
     <span class='ocr_line' id='line_1_52' title="bbox 0 0 998 3392; baseline 0 0"><span class='ocrx_word' id='word_1_614' title='bbox 0 0 998 3392; x_wconf 95' lang='lat' dir='ltr'><strong> </strong></span> 
     </span>
    </p>
   </div>
  </div>
 </body>
</html>
