1988 3392
248 251 341 288 canaan
352 253 431 287 111111.
443 255 529 289 romu.
540 254 609 288 naua.
619 252 708 287 nxxvn.
827 243 869 286 385

86 333 129 390 sepi
144 333 226 384 iacens,
247 333 272 375 ab
290 333 407 388 angelorum
425 340 457 375 est
471 334 532 376 oboro
548 333 648 389 cognitus.
679 330 811 373 blittebantnr
828 338 871 373 tum

87 402 185 446 coelestes
195 400 224 442 illi
237 401 352 453 exercitus,
375 402 407 457 qui
418 402 533 458 sempiterni
544 402 599 457 regis
611 402 724 457 ingressum
738 400 872 456 apparitorum

87 485 109 515 ac
127 469 233 511 satellitum
252 483 308 511 more
324 470 431 527 stiparent3
454 469 580 527 triumphalia
599 471 687 513 earmina
705 468 871 519 concinebantur,

87 555 127 602 pax
141 539 224 598 insuper
239 538 352 598 pastoribus
367 538 503 588 nuntiabatur.
534 538 579 597 Qua
594 539 656 598 igitur
666 541 687 584 in
698 553 721 583 re
732 538 785 581 illius
796 545 827 580 est
841 538 872 581 iu-
880 544 977 582 11111111.

87 614 163 656 fuscata
175 610 286 653 maiestas?
312 608 365 653 Nam
376 625 420 654 eum
432 611 496 653 adbuc
506 611 573 654 iulans
586 620 651 665 esset,
673 620 693 654 11
704 609 775 653 alienis
787 607 873 651 brachiis

76 687 212 739 gestaretur,
229 694 294 722 novae
307 680 331 722 ab
341 682 419 723 oriente
432 682 500 723 stellae
514 681 624 738 prodigium
637 681 741 738 apparuit3
763 679 815 736 quod
827 678 873 720 sub-

87 757 168 794 secutus
179 749 273 806 deinceps
285 748 391 805 Magorum
402 750 512 803 adventus,
529 750 619 792 adoratio
631 757 651 792 et
662 750 787 805 obsequium.
820 747 873 789 Tum

88 820 112 862 ab
123 831 172 872 rege
184 819 235 858 lacta
247 818 341 859 ascribis
353 818 468 873 inquisitio,
484 819 638 873 eorumdemque
653 833 771 874 responsum
784 832 808 859 ao
819 814 874 859 veri-

37 935 40 941 ,
88 886 134 929 tatis
146 885 256 927 confessio.
287 884 374 940 Reliqua
384 887 462 927 demum
476 886 526 938 alia,
548 892 874 941 quaeconsequenterexponun-

88 962 132 1005 tur,
154 953 200 1008 qnid
216 952 316 994 divinitati
329 953 383 995 illins
396 954 475 995 officere
486 954 607 1009 potuerunt?
637 952 742 1008 Quodnam
758 967 808 994 vero
821 953 874 994 utin

44 1070 46 1077 Ι
89 1020 146 1065 nobis
157 1021 263 1073 usuvenit,
285 1021 352 1062 caratis
368 1021 469 1073 detentio,
490 1021 545 1063 velut
557 1020 715 1076 integumentum
726 1020 754 1062 illi
767 1028 787 1061 et
797 1020 875 1063 involu-

67 1129 68 1132 ,
89 1105 143 1135 crum
156 1090 252 1134 obduxit?
281 1088 334 1133 Nam
349 1096 370 1133 11
381 1097 520 1149 tempestatem
536 1104 580 1134 cum
592 1090 658 1134 ventis
675 1105 699 1133 ae
709 1088 759 1132 mari
774 1089 872 1147 increpat,
879 1092 917 1123 nuo,
927 1092 941 1131 Β,
950 1093 973 1121 21-

90 1176 127 1206 111
139 1160 206 1204 divina
219 1161 271 1204 illins
282 1168 384 1218 potestas,
406 1176 450 1204 cum
462 1162 481 1204 id
492 1163 544 1219 quod
556 1169 639 1204 naturae
655 1176 704 1205 suae
718 1151 876 1203 consentaneum

90 1239 122 1275 est
133 1232 229 1284 efficeret,
246 1232 357 1290 carnisulla
369 1232 488 1288 contagione
499 1232 672 1289 praepediebatur.
704 1229 820 1286 Quinetiam
831 1244 876 1272 oum

91 1316 126 1345 sua
142 1301 198 1344 carni
212 1302 275 1344 moles
291 1301 419 1357 gravitasque
435 1309 549 1354 constaret,
572 1315 696 1357 nequaquam
710 1307 776 1342 tamen
792 1300 841 1342 baec
853 1299 877 1341 il-

90 1372 129 1413 lum
142 1369 231 1425 gravitas
244 1370 360 1413 retardavit.
389 1368 442 1412 Nam
455 1385 515 1426 supra
525 1384 586 1426 aquas
601 1370 721 1420 ambulavit,
745 1369 772 1410 uti
783 1368 876 1410 immuta·
884 1373 942 1403 Malta.
950 1375 972 1402 1⁴-

91 1438 150 1479 bilem
161 1438 219 1479 deum
235 1452 270 1494 par
281 1445 337 1489 erat,
361 1438 394 1493 qui
407 1437 467 1478 sicin
479 1453 539 1479 carne
551 1438 669 1479 versabatur
680 1437 735 1478 nulla
745 1445 767 1477 ut
780 1437 801 1476 in
811 1436 876 1492 ipsum

92 1519 119 1547 ex
132 1505 165 1546 illa
181 1506 264 1546 mulatio
281 1506 410 1546 redundaret.
441 1504 511 1560 ltaque
522 1512 542 1546 et
553 1512 648 1546 contenta
662 1518 713 1546 voce
725 1505 754 1545 sic
765 1504 876 1545 exclamat:

92 1575 293 1628 Luzurecem'sorus.
325 1571 348 1614 ln
361 1587 399 1629 quo
410 1586 491 1618 carnem
501 1573 539 1615 sibi
551 1580 694 1629 repugnantem
706 1572 787 1614 minime
798 1579 829 1613 est
842 1585 879 1631 eu·
904 1577 960 1642 {papp

92 1648 174 1699 pertns;
191 1656 255 1698 neque
267 1640 360 1684 divinitas
370 1642 412 1698 ipsa
422 1641 443 1683 in
455 1655 515 1684 carne
527 1642 655 1699 perfectaque
668 1641 753 1684 bominis
766 1648 837 1684 natura
847 1654 878 1683 rc·
923 1635 928 1650 ⁷
953 1635 957 1643 ’

93 1711 161 1756 sidens
176 1712 231 1756 velut
246 1712 343 1756 servitute
359 1712 443 1771 quadam
459 1719 490 1755 est
505 1726 608 1771 oppressa.

150 1781 260 1825 Possumus
277 1789 298 1824 11
315 1783 353 1825 alia
369 1783 469 1839 complura
487 1783 609 1836 subtexere,
631 1783 687 1825 velut
702 1783 754 1839 quod
770 1783 878 1825 amortuis
907 1792 949 1836 cap.

898 1838 960 1871 XXX.

96 1852 197 1895 excitatus
211 1860 254 1905 est,
279 1853 330 1907 qnod
346 1853 454 1894 inferorum
468 1853 554 1895 claustra
565 1852 673 1909 perfregit,
695 1852 746 1908 qnod
756 1853 880 1909 captivorum
889 1882 929 1919 apt.
936 1883 951 1920 t,
960 1883 974 1910 Β,

95 1936 165 1977 agmen
177 1923 197 1963 in
210 1927 329 1977 potestatem
345 1921 423 1978 redegit
435 1929 455 1963 11
465 1922 548 1974 eduxit,
571 1922 623 1976 qnod
639 1921 698 1963 tertia
713 1921 745 1962 die
759 1935 803 1963 oum
819 1934 880 1963 carne

94 2004 131 2032 sua
142 1990 280 2041 sanctissima,
303 2004 339 2031 nec
356 2005 395 2031 non
408 1996 428 2030 11
439 1990 516 2041 anima,
539 1996 619 2042 mente,
643 2005 666 2031 ac
680 1989 881 2045 totodeniquevase

94 2059 138 2115 ipso
154 2059 254 2111 surrexit,
277 2064 297 2098 el
313 2073 357 2099 cum
373 2057 475 2099 divinitate
492 2058 593 2112 copulatus
609 2058 668 2098 bomo
686 2058 787 2113 perlaetus
804 2057 879 2109 extitit,

95 2127 239 2180 humanamque
250 2131 339 2166 nattrram
352 2126 377 2165 ad
387 2124 497 2166 divinitatis
506 2125 628 2166 consortium
640 2125 720 2174 evexit,
738 2125 788 2164 adeo
798 2132 820 2165 ut
829 2139 881 2164 mors

96 2196 134 2246 ipsi
148 2208 185 2233 111
202 2196 309 2233 dominetur
323 2195 411 2245 11111111.
443 2191 508 2246 Igitur
521 2206 566 2233 cum
578 2191 681 2232 divinitate
698 2191 816 2232 coniunctus
829 2192 881 2246 quod

96 2274 185 2303 crassum
196 2269 240 2302 erat
251 2267 271 2301 et
282 2268 397 2302 concretum
411 2267 471 2302 tenue
483 2275 507 2302 ac
517 2260 590 2302 subtile
601 2260 686 2301 reddidit
697 2266 737 2300 tum
750 2274 793 2300 cum
808 2259 882 2301 clausis

96 2330 172 2374 loribus
182 2330 285 2388 ingressus
298 2338 340 2385 est,
362 2338 382 2374 11
393 2345 436 2374 oum
449 2330 556 2384 intrasset,
573 2343 653 2373 carnem
664 2337 684 2373 11
696 2343 743 2372 ossa
753 2329 881 2383 monstravit,

97 2409 118 2445 ut
132 2409 152 2445 11
164 2402 271 2446 salutarem
288 2416 344 2444 suam
361 2402 468 2460 potentiam
486 2402 612 2454 ostenderet,
635 2409 655 2444 11
672 2402 722 2458 quod
741 2401 783 2458 spei
801 2409 882 2444 nostrae

98 2472 220 2529 propositum
236 2479 266 2515 est
282 2472 399 2524 exhiberet,
423 2473 541 2529 planumque
557 2472 634 2513 laceret
650 2472 715 2514 omnia
732 2487 744 2514 a
758 2472 821 2514 verbo
838 2478 884 2528 post

98 2549 210 2598 susceptam
222 2555 303 2583 carnem
316 2556 362 2584 esse
373 2543 468 2598 perlecta.
499 2540 609 2583 Praeterea
620 2542 689 2582 eodem
701 2542 735 2583 illo
747 2556 831 2597 corpore
843 2555 884 2583 ma·

99 2611 170 2666 gnilice
187 2610 276 2653 sublatus
292 2609 313 2651 in
327 2611 404 2653 coelum
417 2611 440 2652 ad
454 2609 516 2669 patris
534 2611 636 2652 dexteram
654 2610 756 2663 consedit,
779 2625 818 2652 non
832 2610 885 2651 mole

99 2687 242 2736 praegravatus
254 2679 356 2735 corporis,
373 2687 408 2721 aut
416 2693 466 2721 vero
476 2694 560 2735 corpore
572 2678 615 2733 ipso
626 2680 705 2734 penitus
717 2680 833 2729 exsolutus,
849 2678 885 2720 sed

99 2747 151 2788 idem
168 2748 233 2804 ipsum
249 2747 337 2803 spiritale
353 2748 465 2788 suscitavit.
501 2746 560 2801 Quod
577 2747 593 2787 si
609 2755 696 2787 nostrum
713 2750 763 2788 illud
779 2749 883 2800 eupasia
910 2760 927 2801 1.¹
935 2761 972 2787 cor.

100 2819 222 2869 eorruptzbue
233 2818 347 2863 1111111111,
364 2818 430 2867 surgit
441 2818 460 2854 in
472 2817 625 2867 zucomupu'one,
641 2819 748 2855 semzbutur
761 2816 885 2867 1111111111-
911 2795 963 2830 Μ’

101 2884 160 2932 mule,
182 2885 271 2936 spzbz'tule
283 2897 351 2935 corpus
367 2884 476 2931 1111111111,
499 2889 573 2937 quanto
589 2881 609 2921 id
625 2882 689 2936 magis
703 2883 728 2923 de
743 2881 839 2936 unigeniti
852 2880 887 2921 lilii

102 2950 133 2991 dei
145 2965 229 3008 corpore
244 2966 280 3008 par
296 2958 327 2993 est
339 2950 446 2992 arbitrari?
475 2949 584 3008 Propterea
596 2950 648 2991 istud
660 2951 760 3009 impletum
778 2957 820 2990 est:
840 2951 886 2989 Nou
908 2966 966 2994 pam

102 3021 157 3063 datis
166 3030 252 3065 11111111
265 3030 316 3064 1111
326 3024 390 3064 cudere
398 3024 546 3077 corruptionem,
562 3036 622 3077 neque
631 3023 728 3079 rebbques
736 3023 818 3063 111111
827 3034 887 3062 meum
913 3001 936 3037 ¹⁵¹
945 3004 967 3032 ¹³'

103 3094 123 3134 11
134 3094 217 3148 ebseruo.
249 3093 316 3150 Atque
333 3093 382 3137 baec
398 3092 476 3151 quidem
493 3092 559 3137 omnia
576 3092 600 3135 de
611 3093 700 3149 perlecta
716 3091 802 3135 bominis
816 3098 888 3134 natura

140 3171 200 3209 corpus
209 3172 302 3202 Haereseol.
311 3172 331 3201 lt.
340 3173 355 3202 3.
723 3177 750 3218 25
