1988 3392
349 249 567 284 ANACEPHALAEOSIS.
809 237 849 278 541

71 330 198 387 Origenistae
214 330 238 373 ab
251 328 341 385 Origene
357 331 390 385 qni
410 330 469 372 etiam
482 329 614 373 Adamantius
633 327 754 384 appellatur:
775 323 851 368 Paulus

71 398 228 451 samosatensis,
243 397 365 450 Manichaei,
382 399 446 454 quiet
461 399 580 450 Acuanitae,
597 396 721 448 Hieraeitae,
737 393 850 445 Meletiani,

71 469 133 526 quiin
146 467 241 525 Aegypto
253 467 339 509 schisma
353 467 471 519 conflarunt,
487 464 562 509 Ariani
571 467 603 522 qui
616 474 636 507 et
646 463 792 516 Ariomanitae,
808 463 852 504 Au-

71 538 173 580 dianorum
188 542 256 589 secta,
277 534 404 591 Photiniani,
425 534 562 587 Marcelliani,
583 533 716 584 Semiariani,
732 530 853 574 Pneumato-

70 604 143 656 machi,
160 604 193 660 qui
204 604 224 646 in
235 612 326 647 sanctum
338 604 369 647 dei
381 604 471 661 spiritum
483 604 619 645 contumeliosi
630 610 684 655 sunt,
702 600 794 651 Adriani,
811 601 853 642 Αδ-

71 674 130 726 tIani,
153 671 340 728 quietAnomoei,
364 673 434 729 quibus
448 672 562 728 adiungitur
574 671 696 723 Eunomius,
718 668 851 720 Dimodritae,

71 741 103 798 qui
123 742 231 797 perlectam
252 738 327 783 Christi
346 740 503 783 incarnationem
525 739 605 782 minime
625 740 756 789 conliteotur,
780 737 813 792 qui
833 743 853 777 et

71 808 228 866 Apollinaristae
236 809 370 852 nominantur.
401 808 453 851 Tum
463 809 495 865 qui
505 807 591 850 Mariam
603 822 681 863 semper
691 807 788 863 virginem
799 813 853 862 post-

71 892 130 934 quam
141 878 260 920 salvatorem
271 877 340 932 genuit
353 892 396 919 cum
408 876 493 933 losepho
509 877 639 934 consuevisse
651 877 730 927 dieunt,
747 888 796 930 quos
809 875 853 915 An-

72 946 248 988 tidioomarianitas
259 946 392 1002 appellamus3
408 946 455 987 item
465 946 497 1002 qui
508 946 528 987 in
540 959 613 987 nomen
625 945 713 986 eiusdem
723 942 802 985 Illariae
813 942 853 985 col-

71 1013 155 1072 lyridem
167 1015 265 1068 offerunt,
282 1022 302 1057 et
312 1012 443 1069 Collyridiaui
454 1021 564 1067 vocantur,
580 1011 705 1065 Massaliani,
722 1012 745 1054 ad
759 1026 809 1068 quos
819 1012 853 1054 ad-

72 1080 180 1139 iunguntur
189 1082 318 1141 Martyriani,
335 1097 346 1125 e
355 1083 457 1139 gentilium
469 1090 532 1135 secta,
549 1091 569 1125 et
578 1080 711 1138 Euphemitae
721 1096 744 1124 ac
755 1080 853 1124 Sataniei.

129 1220 190 1265 Naue
201 1222 285 1279 repetita
297 1222 424 1275 narratione,
445 1229 465 1264 et
477 1221 497 1264 in
511 1221 600 1278 singulos
612 1221 674 1263 libros
687 1220 797 1263 distributis
809 1220 856 1262 hae-

74 1291 164 1345 resibus,
187 1291 224 1334 hoc
238 1292 259 1334 iu
271 1291 328 1335 brevi
339 1291 455 1350 compendio
472 1292 590 1345 declarabo,
612 1298 706 1348 quotnam
718 1306 746 1334 ex
757 1291 797 1333 illis
808 1291 855 1334 hae-

74 1361 151 1405 resibus
162 1361 182 1404 iu
193 1362 259 1419 priore
270 1361 334 1414 libro,
350 1369 398 1418 quot
410 1362 430 1404 io
441 1363 529 1404 secundo
540 1376 563 1404 nc
575 1361 635 1404 tertio
647 1361 797 1414 contineantur,
814 1369 854 1403 tum

74 1432 94 1474 iu
105 1431 187 1487 reliquis
201 1431 292 1473 omnibus
304 1439 415 1473 ceterorum
430 1431 524 1474 librorum
535 1431 595 1474 tomis
608 1439 654 1487 quot
665 1432 771 1488 unicuique
785 1431 855 1473 haere·

74 1515 107 1544 ses
116 1501 223 1544 attributae
234 1508 288 1543 sunt.
319 1499 395 1543 Harum
406 1501 473 1557 itaque
482 1501 569 1543 omnium
580 1500 644 1544 series
656 1508 687 1543 est
697 1501 802 1543 eiusmodi·
832 1499 855 1541 ln

74 1570 138 1628 primo
154 1570 204 1612 libro
221 1569 269 1612 tomi
285 1577 327 1612 tres
345 1578 402 1621 suut,
428 1570 522 1613 haereses
534 1569 606 1613 XLVI
622 1571 664 1613 suis
680 1570 792 1613 nominibus
808 1584 856 1612 eon·

75 1646 155 1694 ceptae:
181 1637 321 1681 Barbarismus
338 1638 432 1681 videlieet
449 1654 472 1681 ao
492 1638 629 1697 Scythismus,
655 1639 802 1691 Hellenismus,
824 1637 857 1680 lu-

75 1708 162 1750 daismus
173 1722 197 1751 ac
207 1706 365 1751 Samaritismus.
396 1707 419 1750 ln
429 1709 516 1751 seeundo
526 1709 576 1751 libro
587 1708 635 1751 torni
644 1710 682 1751 duo
692 1717 745 1761 sunt,
762 1709 857 1751 haereses

75 1775 160 1820 XXIII.
190 1775 213 1819 In
226 1776 285 1819 tertio
297 1776 347 1819 libro
361 1778 408 1819 tomi
420 1778 470 1830 duo,
493 1778 588 1820 haereses
599 1776 639 1820 Xl.
672 1777 694 1820 ln
710 1778 782 1835 prioris
791 1778 858 1834 itaque

76 1854 129 1889 tomo
141 1846 204 1902 primo
214 1847 309 1888 haereses
320 1844 364 1888 XX
378 1854 432 1900 sunt,
447 1845 595 1900 barbarismus,
612 1845 745 1904 Scythismus‚
763 1846 858 1889 Graecis-

76 1929 132 1969 mus,
148 1913 267 1958 Iudaismus.
298 1913 423 1957 Graecorum
438 1930 499 1972 porro
517 1915 630 1958 discrimina
649 1917 688 1959 Ista
703 1923 761 1968 sunt,
783 1913 858 1971 Pytha·

77 1985 145 2041 gorei,
168 1984 211 2026 sive
227 1982 367 2041 Peripatetici,
390 1983 466 2037 Stoici,
488 1984 591 2042 Epicureh
623 1983 742 2027 Samaritiea
758 1984 857 2037 haeresis,

77 2068 126 2110 quae
138 2067 149 2095 a
161 2053 260 2096 ludaismo
272 2053 370 2106 manavit;
393 2051 513 2096 Samaritani
523 2061 614 2110 vquatuor
623 2054 644 2096 in
656 2063 723 2112 partes
735 2054 855 2106 tribuuntur,

78 2121 205 2175 Gorthenos,
222 2120 337 2175 Sebuaeos,
354 2121 456 2175 Essenos,
478 2121 594 2165 Dositheos.
627 2123 746 2166 Iudaeorum
761 2126 857 2168 haereses

40 2240 41 2243 Ἴ
77 2199 165 2248 septem,
183 2189 278 2245 Scribae,
295 2190 410 2244 Pharisaei,
427 2189 546 2245 Sadducaei,
564 2191 757 2250 Hemerabaptistae,
775 2191 856 2246 Ossaei,

77 2258 198 2313 Nassaraei,
218 2258 336 2303 Herodiani.
367 2259 390 2302 ln
406 2262 494 2302 seeundo
506 2269 559 2303 tomo
574 2261 619 2303 libri
630 2262 687 2319 primi
697 2262 792 2304 haereses
804 2260 857 2304 XIII

78 2335 135 2382 snut,
159 2328 283 2383 Simoniani,
306 2328 458 2383 Menandriani,
481 2327 623 2384 Saturniliani,
646 2330 773 2382 basilidiani,
795 2330 859 2373 Nico·

78 2396 149 2450 laitae,
172 2396 276 2451 Gnostici,
297 2399 365 2455 quiet
382 2396 684 2451 StratioticiacPhibionitae‚
707 2400 731 2441 ab
746 2400 791 2442 aliis
809 2414 859 2443 vero

79 2463 211 2519 Secundiaui,
227 2468 251 2509 ab
261 2467 305 2510 aliis
318 2466 439 2521 Socratitae,
456 2469 480 2509 ab
492 2468 536 2510 aliis
548 2467 648 2511 Zacchnei
661 2469 764 2511 dicuntur:
782 2466 859 2526 Carpo-

80 2536 173 2589 eratitae,
195 2534 330 2588 Cerinthiaoi,
352 2537 385 2592 qui
406 2544 427 2579 et
442 2535 583 2589 Merinthiani,
610 2537 724 2590 Nazoraei,
751 2537 857 2590 Ebiouaei,

80 2604 190 2657 Valentini,
207 2604 337 2657 secundiani,
353 2606 424 2661 quihus
435 2607 531 2648 accedunt
540 2605 655 2663 Epiphanes
667 2614 687 2649 et
698 2605 795 2659 Isidorus,
811 2605 860 2649 Pto·

80 2674 158 2717 lemaei.
190 2673 213 2716 ln
232 2674 291 2716 tertio
310 2681 375 2716 autem
393 2681 446 2716 tomo
464 2674 536 2731 prioris
553 2664 598 2717 lihri
616 2675 710 2719 haereses
723 2676 791 2718 itidem
808 2674 861 2717 XIII

81 2752 137 2798 scint,
152 2743 262 2795 Marcosii,
279 2739 404 2795 Colorbasii‚
421 2742 588 2796 Heracleonitae,
604 2743 703 2801 Ophitae,
720 2743 804 2796 Caiani,
822 2742 860 2786 Se-

81 2811 154 2866 thiani,
170 2810 299 2864 Archontiei,
316 2808 450 2864 Cerdoniaui,
466 2811 592 2865 Marcioues‚
608 2811 751 2867 Luciauistae,
767 2812 861 2869 Appelle-

82 2926 130 2962 otest.
505 2928 533 2963 23.
545 2929 595 2969 Vulpo
606 2927 690 2972 refrenet

103 2972 132 3007 21.
143 2975 188 3008 Libri
199 2974 246 3016 culpo
257 2970 344 3008 Σατιαυοί.
506 2974 533 3008 2t.
546 2973 596 3015 Vuluo
606 2973 708 3019 Ναζαραῖοι.

104 3017 131 3051 22.
145 3017 192 3064 αὐτῷ
203 3019 394 3060 cunctipotentem.
411 3021 461 3061 Vulpo
506 3020 534 3053 25.
544 3015 658 3065 Κολοβράσιοι
673 3021 748 3054 mendum
763 3023 824 3062 typopr.
840 3024 862 3054 est

82 3064 118 3096 tort
133 3063 200 3109 ἑαυτῷ,
214 3075 244 3106 pre
259 3075 290 3106 ouo
300 3066 375 3099 Petavtas
385 3074 462 3106 reponeri-
485 3067 521 3099 edit.
533 3067 588 3098 Petne.
601 3068 654 3100 Coton.
665 3069 711 3108 repet.

82 3108 121 3142 dum
132 3119 164 3144 esse
175 3113 251 3152 cogitavit
262 3107 335 3155 ἑκάστῳ.
