1988 3392
246 233 340 268 romanu
351 234 395 267 um.
405 236 435 269 nr.
444 235 501 269 rom.
509 235 522 267 r.
534 233 602 268 uara.
611 233 693 267 uxxvr.
820 222 862 265 329

79 315 138 360 etiam
158 314 191 370 qni
207 314 231 356 ab
246 314 335 370 ipsismet
349 313 431 357 Arianis
447 316 547 357 deficiunt.
582 313 671 370 Repetiti
688 327 747 369 porro
762 313 815 354 illius
828 313 863 354 ba-

80 383 144 443 ptismi
161 397 184 425 ea
200 384 285 426 formula
300 391 343 425 est:
364 382 387 425 ln
403 384 481 425 nomine
499 384 531 426 dei
545 383 643 435 increati,
665 390 685 423 et
701 383 812 424 innomine
829 381 863 423 lilii

80 451 150 503 creati,
167 458 188 492 et
196 452 217 493 in
226 453 306 493 nomiae
316 452 397 507 spiritus
409 452 558 503 sanctificantis,
576 460 596 492 et
605 467 616 493 a
628 458 696 493 creato
706 451 745 492 tilio
755 450 862 505 procreati.

79 521 146 574 Atque
157 526 179 560 ut
192 526 232 560 tota
241 516 319 561 illorum
330 521 395 570 draus,
419 534 442 559 ac
452 520 544 559 scenicae
558 520 612 560 velut
627 526 681 560 artes
693 526 713 559 et
726 517 816 558 fallaciae
829 533 863 572 pe-

79 587 132 628 nitus
148 592 268 640 appareant,
289 593 310 626 et
324 585 344 626 id
361 586 441 626 omnino
458 593 547 636 constet,
569 601 608 627 nou
628 587 684 626 ddcm
703 599 749 626 csse
765 586 815 639 qnod
831 585 864 625 isti

79 653 205 712 praedicant,
222 652 257 694 sed
270 653 386 695 histrionum
399 653 507 706 officinam,
523 660 570 695 sunt
582 653 614 709 qui
625 661 714 705 narrent,
731 659 827 708 quotquot
839 651 863 694 ab

79 723 104 766 iis
117 722 181 766 dcuuo
195 720 331 781 baptizantur,
348 723 369 766 in
382 731 440 781 caput
452 723 552 779 demergi,
570 723 651 782 pedibus
663 723 683 765 in
696 721 780 766 sublime
795 736 864 780 porre-
919 747 921 750 f

79 794 127 846 ctis,
151 794 217 850 itaque
234 793 369 837 iusiurandum
385 795 450 851 adigi,
472 809 571 851 nunquam
585 809 607 837 se
619 795 643 837 ab
655 794 708 836 illius
721 808 790 837 errore
803 801 863 850 atque

33 860 35 863 ’
80 864 159 907 haeresi
169 863 302 907 discessuros.
333 862 410 906 Ferunt
425 865 506 921 insuper
518 864 598 906 Aetium
611 864 675 920 ipsum
690 872 734 921 post
750 862 864 910 Constantii

79 933 155 976 obitum
167 946 178 973 a
190 930 266 975 luliano
279 932 399 988 imperatore
414 941 529 975 revocatum
545 933 569 974 ab
582 933 657 985 exilio,
679 948 722 974 cuna
736 941 804 974 sectae
815 946 863 974 suae

79 1003 175 1044 diaconus
186 1009 248 1053 esset,
265 1002 289 1043 ab
300 1001 388 1043 ciusdem
398 1016 446 1043 suae
458 1002 551 1058 episcopo
560 1003 583 1042 ad
595 1001 682 1057 episcopi
694 1001 807 1055 dignitatem
818 1014 864 1042 esse

79 1077 204 1126 provectum.

136 1136 193 1178 Haec
204 1143 250 1178 sunt
266 1150 316 1191 quae
327 1137 351 1177 de
362 1137 423 1178 Aetio
435 1137 529 1191 Aetiiqne
546 1137 647 1191 discipulis
662 1136 785 1189 investigare
800 1136 865 1191 potui-

79 1217 131 1245 mus.
162 1201 219 1258 Quos
231 1203 320 1245 nonnulli
332 1203 461 1255 Anomoeos‚
478 1205 515 1245 hoc
528 1211 559 1245 est
569 1203 675 1244 dissimiles
686 1203 796 1254 nominant,
813 1203 865 1258 qnod

80 1272 176 1314 Arianam
191 1271 284 1313 haeresin
297 1272 389 1314 uberiore
407 1274 490 1329 quadam
507 1287 530 1314 ac
545 1272 607 1330 magis
624 1272 737 1314 execranda
751 1272 864 1328 dogmatum

79 1340 182 1400 impietate
197 1349 324 1401 superarunt.
358 1341 389 1386 Dc
406 1342 477 1401 quibus
490 1349 619 1402 posteaquam
635 1341 747 1399 singillatim
763 1357 799 1400 pro
815 1341 861 1385 viri

79 1413 129 1464 bus,
151 1412 218 1455 diviua
236 1413 345 1470 opitulante
361 1415 437 1469 gratia,
458 1413 613 1471 disputavimus,
636 1428 659 1455 ac
671 1413 726 1455 velut
739 1412 864 1469 multipedem

79 1482 241 1538 scolopendram,
261 1482 313 1538 quod
323 1482 396 1525 insecti
407 1498 471 1540 genus
482 1484 543 1526 iulum
553 1490 638 1535 vocant,
659 1482 750 1524 veritatis
760 1483 810 1539 pede
819 1497 865 1538 pro-

80 1551 214 1603 culcavimus,
235 1558 255 1593 et
271 1551 325 1592 unici
338 1552 369 1593 dei
383 1553 416 1593 lilii
428 1566 475 1594 vera
489 1553 617 1594 confessione
629 1551 771 1602 contrivimus,
794 1551 864 1605 gratiis

79 1620 117 1661 deo
128 1633 184 1661 more
196 1626 265 1660 nostro
276 1620 395 1675 persolutis,
413 1621 495 1675 eiusque
507 1622 530 1662 nd
543 1620 684 1661 imbecillitatis
696 1626 778 1660 nostrae
788 1618 866 1673 praesi-

80 1687 132 1728 dium
143 1686 248 1741 implorata
258 1687 339 1739 virtute,
356 1688 379 1729 ad
392 1689 477 1744 reliquas
487 1689 581 1729 haereses
592 1702 626 1741 pro
637 1694 694 1742 captu
705 1687 775 1728 virium
787 1693 865 1727 nostra-

80 1769 123 1795 rum
139 1754 322 1809 intelligentiaeque
343 1762 475 1797 transeamus.
507 1755 539 1796 Ao
556 1756 630 1796 domini
644 1754 734 1809 inprimis
752 1767 823 1809 opem,
843 1760 866 1795 ut
890 1750 891 1753 '

79 1820 177 1873 diximus,
193 1822 333 1879 imploremus,
350 1823 399 1864 ntis
411 1824 435 1865 ad
448 1824 491 1865 illas
502 1823 631 1880 explicandas
644 1837 667 1864 ao
680 1823 795 1863 refutandas
807 1835 865 1877 prac-

79 1898 110 1934 sto
122 1890 179 1934 nobis
189 1905 235 1935 esse
248 1891 309 1946 velit,
330 1907 369 1949 quc
380 1891 433 1937 illius
444 1892 520 1937 viribus
530 1909 553 1936 ac
564 1900 663 1952 potestate
678 1890 724 1935 freti
736 1891 787 1949 quod
800 1890 865 1934 tenui-

79 1969 110 2005 tas
123 1962 289 2020 mediooritasque
302 1971 370 2006 nostra
383 1964 471 2021 suscepit
481 1966 505 2006 ad
517 1965 592 2007 exitum
606 1964 715 2021 perducere
727 1963 833 2020 possimus.

281 2055 342 2088 Ftrtts
354 2056 417 2090 Patmt
430 2058 488 2091 ΤΟΜΙ
500 2058 579 2091 TERTll
592 2057 657 2089 Ltuar.

101 2169 130 2204 37.
143 2166 229 2213 ἐυομότως
240 2170 287 2203 codd.
296 2180 334 2203 mss.
346 2173 371 2204 ed.
383 2175 397 2204 et
408 2174 459 2212 prino.
482 2169 528 2206 κατὰ
536 2168 603 2206 Ἀετίου
618 2171 648 2205 τοῦ
663 2167 743 2211 οἷυομοίου
760 2168 865 2211 καλουμένου

102 2214 129 2248 38.
141 2214 186 2258 φησὶ
197 2217 243 2248 codd.
254 2224 291 2248 mss.
303 2219 318 2247 et
329 2218 365 2248 edit.
377 2219 428 2256 princ.
482 2216 512 2251 καὶ
524 2218 558 2251 τῶν
573 2214 601 2251 dn⁷
615 2213 667 2250 ου’τοῦ
681 2213 792 2257 Elleporos
804 2216 864 2248 aelon·

101 2259 111 2280 *
124 2262 173 2293 codd.
184 2269 222 2293 mss.
236 2262 330 2302 subscriptio
340 2265 363 2294 est
374 2261 429 2301 Τέλος
440 2260 462 2297 τὰ
485 2262 545 2306 μένων.
