1988 3392
250 238 345 275 rauanu
356 239 399 274 nm.
410 239 441 273 111.
452 239 508 275 nona.
518 241 531 274 t.
543 238 612 273 naen.
621 238 704 272 cxxvi.
826 228 868 270 317

86 332 197 387 sententia,
219 338 254 390 qui
262 342 371 377 creaturum
383 335 459 384 rotent,
482 350 514 376 eos
523 337 590 391 fatuos
605 336 690 375 redditos
704 348 744 374 esse
756 335 864 381 doceamur,
873 341 917 371 Rom.
927 346 941 382 1,
950 344 971 372 ιι.

85 419 152 447 nenne
163 403 184 448 in
196 404 248 448 istud
260 406 324 463 ipsum
340 405 443 447 incurrere
455 404 534 447 videtur
544 404 616 448 Aetius
628 419 651 446 ae
662 410 766 445 creaturae
778 402 869 445 divinita-

84 481 124 516 tem
137 474 237 528 tribuere,
254 488 337 530 eamque
349 472 465 516 adoratione
475 488 499 515 ac
508 476 638 517 veneratione
650 473 757 531 prosequi?
772 487 814 515 cum
827 473 868 514 sin-

85 557 132 585 cera
152 543 201 585 fides
222 544 344 585 adoraudum
363 550 475 595 acrcato,
494 550 581 585 creatum
602 544 627 585 ab
644 543 746 585 adorando
767 542 866 597 seiungat.

84 610 138 654 Nam
151 611 168 653 si
182 612 230 653 nibil
241 613 301 654 inter
312 612 362 653 baec
379 613 457 653 intersit
471 612 551 654 omnino
566 609 680 654 Christiana
693 612 764 668 religio
776 611 824 652 nibil
835 626 869 653 su-

85 695 121 737 pra
134 688 239 722 creaturae
250 688 380 722 veneratores
397 681 492 722 eximium
504 689 539 722 aut
551 681 653 723 excellens
670 681 759 722 habitura
774 688 817 731 est,
840 688 870 721 at·

85 762 123 804 que
135 748 232 790 eiusmodi
244 749 293 791 fides
306 749 418 791 idololatria
435 749 572 805 potiusquam
588 749 619 790 dei
637 749 700 790 cultus
715 762 760 791 esse
778 748 869 790 censebi-

87 823 127 858 tur.
157 815 210 858 Nam
222 823 243 857 et
252 817 282 858 illi
294 817 370 868 solem,
391 817 471 868 lunam,
491 817 588 867 virtutes,
611 817 688 857 coelum
705 824 823 867 ulterram,
846 831 869 857 ac

86 890 165 925 ceteras
174 890 277 924 creaturas
290 884 382 924 adurant.
412 882 484 938 Neque
497 898 546 924 vero
562 891 672 924 creatarum
684 897 750 924 rerum
764 873 870 925 admirabi-

85 951 110 991 lis
123 950 242 991 excellentia
253 950 390 991 diversitatem
401 950 460 991 affert
470 951 542 1001 ullam,
563 963 628 1004 neque
643 950 694 1004 quod
711 951 797 991 eximiae
809 965 869 1005 qnae·

86 1018 131 1060 dam
141 1018 194 1071 siut,
217 1018 276 1060 ullam
291 1017 407 1060 inhonoris
424 1018 543 1073 aequalitate
561 1016 678 1059 varietatem
694 1018 800 1070 inducent,
824 1033 868 1060 cuni

86 1088 156 1129 eodem
168 1087 249 1129 nomiae
261 1086 410 1135 contineantur,
426 1088 505 1129 tametsi
516 1101 574 1129 unam
587 1087 644 1128 alteri
657 1087 723 1128 multis
735 1088 823 1145 partibus
834 1102 869 1128 an-

87 1158 173 1200 tecellat.
203 1156 260 1200 Uuus
272 1156 325 1200 enim
337 1157 412 1214 estqui
425 1157 653 1214 utraquemolitusest,
678 1164 698 1199 et
711 1157 816 1215 uuicuique
829 1173 869 1201 uon
901 1200 903 1203 ,

87 1228 185 1280 nominis,
210 1229 245 1270 sed
266 1227 389 1271 substantiae
410 1226 517 1270 discrimen
538 1226 635 1269 attribuit.
672 1224 773 1283 Siquidem
796 1230 869 1271 creatis

87 1297 178 1340 amnibus
189 1297 249 1339 rebus
259 1312 299 1339 non
311 1297 409 1350 liberum,
430 1298 466 1339 sed
476 1298 550 1339 servile
563 1304 666 1339 creaturae
679 1312 751 1339 nomen
766 1299 868 1341 convenit.

87 1367 119 1408 Αε
134 1365 185 1408 siin
200 1381 240 1408 uno
255 1380 330 1422 genere
348 1367 399 1422 quod
416 1366 495 1408 servilis
511 1366 630 1408 conditionis
646 1373 677 1408 est
693 1367 798 1419 adoretur,
822 1367 870 1409 nibil

86 1435 174 1477 obstabit
183 1449 222 1491 quu
233 1435 298 1477 minus
307 1442 327 1476 et
334 1434 392 1477 alteri
403 1435 481 1490 generi,
498 1435 577 1477 tametsi
587 1434 672 1477 inlerius
682 1436 718 1487 sit,
735 1435 825 1477 adoratio
834 1437 869 1477 tri-

86 1504 166 1546 buatur.
197 1504 288 1560 Aequale
306 1504 420 1560 quippeest
434 1504 542 1559 quodcum
560 1503 670 1559 superioris
687 1504 762 1546 ordinis
778 1511 870 1546 ereatura

87 1572 226 1630 cognationem
243 1572 314 1624 babet,
336 1579 404 1627 utpote
419 1573 443 1613 de
459 1573 521 1614 nibilo
538 1572 563 1613 ab
579 1587 604 1614 eo
620 1574 652 1628 qui
665 1580 696 1614 est
707 1580 798 1614 naturam
811 1573 871 1614 sorti-

63 1647 135 1685 tum.
166 1638 219 1681 Hinc
231 1647 252 1681 et
263 1639 372 1695 ingenitum
384 1641 422 1681 deu
432 1647 452 1681 et
464 1641 513 1682 cleus
521 1641 610 1695 ingenito
622 1641 722 1695 congruit.
754 1640 822 1696 Quare
835 1656 870 1696 ge-

86 1707 148 1749 nitam
163 1707 252 1749 sobolem
268 1721 308 1749 non
325 1721 375 1762 opus
393 1699 472 1762 aliquod
487 1708 582 1760 dicimus,
606 1717 640 1750 aut
655 1708 746 1749 effectum
763 1708 868 1764 quicpiam,

86 1776 122 1816 sed
131 1774 232 1826 sobolem,
248 1774 367 1816 naturaliter
379 1781 457 1830 epatre
469 1775 512 1816 sine
522 1775 566 1817 labe
577 1776 709 1830 progenitam,
726 1776 814 1817 eiusdem
826 1790 871 1817 cum

86 1849 143 1898 patre
152 1841 288 1893 substantiae,
309 1855 332 1882 ac
344 1841 403 1883 simul
418 1842 550 1894 adorandam,
572 1843 661 1898 spiritum
679 1850 829 1884 veresauctum
846 1843 871 1884 ab

86 1910 121 1953 illo
132 1909 286 1967 procedentem,
302 1922 339 1951 nec
352 1908 451 1962 alienum,
468 1910 492 1952 ob
504 1910 564 1967 idque
577 1911 636 1953 simul
644 1910 778 1953 adoraudum.
809 1908 871 1953 Cete-

87 1993 131 2021 rum
150 1979 182 2021 dci
201 1992 273 2020 nomen
286 1985 397 2020 creatarum
409 1992 476 2021 rerum
493 1979 541 2021 nulli
553 1980 681 2033 conceditur,
705 1993 729 2022 en
742 1980 793 2037 qued
807 1980 832 2022 ab
841 1980 872 2022 in-

87 2050 150 2108 geniti
161 2048 282 2108 proprietate
293 2048 403 2104 discrepet,
425 2049 516 2105 quoniam
528 2064 539 2092 e
549 2049 611 2092 nibilo
621 2058 642 2092 ut
653 2057 707 2093 esset
718 2050 811 2094 obtinuit.
842 2051 873 2093 At

19 2111 21 2114 ¹
88 2119 167 2162 trinitas
183 2119 304 2176 sempiterna
319 2125 361 2168 est,
379 2133 416 2161 aec
431 2118 484 2161 aliud
503 2119 595 2176 quiddam
613 2121 720 2173 deusest,
743 2120 795 2163 aliud
816 2121 872 2176 inge-

89 2189 160 2231 nilum.

146 2256 174 2300 ll.
206 2256 239 2299 Tu
251 2271 301 2300 vero
312 2256 385 2310 lilium,
408 2256 468 2309 Aeci,
489 2258 591 2300 irridendo
607 2259 696 2311 scilicet,
717 2274 758 2301 non
772 2259 872 2302 bonafide

90 2333 171 2383 epatre
188 2325 276 2381 genitum
296 2325 389 2367 affirmas.
426 2324 526 2381 Quicquid
543 2327 596 2367 euim
612 2328 701 2382 genitum
720 2334 762 2376 est,
784 2335 873 2369 creatum

90 2402 187 2446 nonest,
209 2401 229 2435 et
245 2393 338 2449 quicquid
354 2402 442 2436 creatum
459 2402 503 2447 est,
524 2409 564 2436 uon
579 2402 611 2437 est
622 2394 718 2451 genitum.
750 2394 809 2451 Quod
822 2396 839 2437 si
852 2396 875 2444 id

90 2463 142 2519 quod
154 2462 242 2518 genitum
253 2468 342 2504 creatum
354 2462 414 2504 etiam
426 2469 469 2515 est,
487 2470 575 2504 creatum
587 2464 627 2504 alio
639 2464 788 2506 maledicitur.
819 2464 872 2506 Nam

90 2529 178 2587 exempli
193 2530 258 2585 gratia
272 2529 362 2571 bomines
379 2531 463 2586 gignunt
475 2530 578 2583 homines,
599 2545 640 2572 non
656 2539 737 2583 creant,
758 2532 794 2573 sed
804 2533 873 2574 olima

91 2599 129 2640 deo
140 2598 203 2640 creati
214 2605 268 2639 suut.
300 2594 369 2650 Quare
380 2613 430 2654 quae
443 2599 563 2654 gignuntur,
584 2598 608 2639 ab
619 2599 658 2641 illis
670 2599 790 2654 gignuntur,
811 2601 873 2642 aden

91 2680 141 2708 vero
154 2666 248 2708 universa
259 2671 326 2706 creata
337 2673 391 2707 sunt.
423 2664 463 2707 Sed
474 2681 518 2707 eum
532 2667 580 2707 deus
594 2666 696 2707 increatus
707 2667 744 2718 sit,
766 2682 789 2708 ac
801 2667 838 2708 sibi
851 2669 874 2708 li·

91 2733 138 2775 lium
148 2740 244 2788 generet,
266 2746 306 2774 neu
323 2741 427 2787 procreet,
450 2748 490 2775 non
502 2748 547 2775 eum
562 2733 626 2788 gignit
638 2735 662 2775 ab
675 2735 786 2777 substantia
798 2749 833 2777 sua
845 2736 874 2777 di-

91 2816 181 2844 versum.
212 2800 312 2857 Quocirca
329 2801 398 2842 fierine
410 2809 476 2859 petest
487 2810 510 2844 ut
522 2803 573 2859 quod
587 2801 611 2843 ab
627 2803 670 2860 ipso
685 2803 772 2860 gignitur
786 2811 875 2846 creatum

93 2871 131 2927 sit,
152 2887 196 2915 cum
209 2871 311 2915 increatus
321 2869 347 2914 sit
358 2871 427 2929 pater?
455 2870 509 2915 Nam
522 2873 540 2916 si
552 2880 631 2915 creatus
647 2880 678 2916 est
695 2874 728 2931 qui
744 2874 794 2932 apud
809 2874 873 2932 ipsum

94 2950 125 2986 est
140 2942 233 2999 genitus,
258 2958 297 2987 non
314 2943 411 2999 estquod
428 2944 512 3001 amplius
528 2943 607 3001 genitus
627 2944 711 2987 dicatur.
747 2943 812 2988 Multa
828 2952 875 2988 sunt

93 3026 144 3068 quae
155 3013 250 3055 adversus
262 3020 302 3055 tam
315 3013 419 3055 absurdam
433 3014 546 3070 opinionem
559 3013 654 3069 disputari
669 3022 759 3070 possunt.
791 3012 831 3057 Sed
844 3015 875 3057 in-
