1988 3392
45 1140 91 1184 Κεφ.
105 1139 126 1174 α’.

137 218 179 259 446
422 225 503 260 ειαοτι
514 226 629 260 αειειιιαιι

137 310 189 349 θεοῦ
197 306 323 355 διδασκαλίας
333 322 353 348 τε
360 306 394 349 καί
403 304 511 361 δυνάμεως,
523 311 558 361 τῆς
566 304 594 357 νίς
602 303 700 363 στύρακος
708 303 809 361 ττνεοάσης
817 306 915 361 είιοδμίαν

138 377 158 419 έν
169 374 247 433 κόσμῳ,
269 372 298 419 ἐπ’
313 374 373 435 άρετή
384 376 418 418 καί
430 373 493 432 άγίιον
503 378 580 419 παίδων
591 381 627 431 τῆς
637 377 758 433 παρθενίας,
780 373 821 419 άπδ
832 378 916 433 Μαρίας

137 442 248 500 ἀρξαμένης
259 449 295 499 της
305 441 371 501 άγίας,
390 443 474 488 διάτοῦ
489 446 509 495 ἒξ
523 442 585 500 ον’τίγς
595 450 640 499 φῶς
651 449 680 504 τῷ
690 444 759 504 κόσμῳ
771 442 915 499 άνατείλαντος,

137 514 276 570 διελέγξαντες,
296 515 331 555 καί
346 511 381 555 τάν
395 512 459 556 κακδν
479 513 510 556 ιἰίν
527 518 562 568 τῆς
581 513 707 571 ἓρπετάδονς
723 516 834 572 μοχθηρίας
849 512 916 557 αὐτῶν

137 583 274 634 ἐπιδείξαντες,
291 583 324 625 ἐπὶ
332 579 368 632 τάς
380 582 447 639 έτέρας
457 581 516 625 πάλιν
524 585 643 638 βαδίσωμεν,
659 584 687 633 είς
697 586 794 628 τελείωσιν
804 587 839 638 τῆς
850 581 916 638 πάσης

137 652 159 693 έν
172 655 215 710 θεῷ
230 653 367 707 πραγματείας.

304 877 400 922 ΚΑΤΑ
424 876 752 933 ΚΟΛΔΥΡΙΔΙΑΝΩΝ,
922 939 923 942 ¹

136 958 179 1003 τῶν
190 959 220 1017 τῇ
232 956 309 1020 Μαρία
323 952 494 1019 προςρερίντων,
512 952 652 1015 πεντηκοστὴ
668 952 748 1016 ἐνάτη,
765 951 780 1016 ἡ
794 955 835 1003 καὶ
848 956 916 1002 ἑπτα-

444 1033 515 1096 κοστή
532 1032 607 1095 ἐνάτη.

194 1131 252 1188 Ἑξῆς
263 1134 285 1176 δέ
295 1131 357 1192 ταάτη
369 1134 396 1183 είς
407 1132 477 1187 φήμην
488 1133 577 1187 πέφηνεν
588 1135 671 1189 αίρεσις,
686 1133 732 1188 περὶ
743 1127 766 1188 ἧς
776 1131 816 1187 ήδη
828 1130 916 1187 ιίπεμνή·

137 1217 198 1254 σαμεν
207 1202 267 1260 ὀλίγῳ
279 1203 300 1244 ἒν
311 1206 336 1260 τῇ
350 1200 405 1257 Ῑπρδ
416 1202 499 1255 ταυτης,
520 1199 554 1243 διοί
565 1205 600 1256 τῆς
612 1203 639 1250 είς
646 1200 744 1255 Ἀραβίαν
754 1203 863 1257 γραφείσης
874 1202 916 1243 ἐπι-

138 1275 218 1324 στολῆς,
239 1274 274 1323 τής
285 1259 330 1324 περὶ
342 1274 377 1323 τῆς
388 1272 472 1325 Μαρίας
483 1267 571 1323 ἐχούσης.
601 1269 643 1310 Καὶ
653 1267 705 1322 αιίτή
717 1269 739 1310 δέ
749 1266 763 1323 ή
772 1270 847 1324 αίρεσις
857 1267 917 1311 πάλιν
928 1281 931 1287 ’

139 1340 160 1380 έν
169 1343 194 1396 τῇ
203 1337 289 1395 Ἀραβίμ
301 1335 341 1379 άπδ
352 1342 387 1390 της
400 1337 481 1395 Θρηίκης
493 1338 577 1379 καὶτῶν
589 1334 631 1379 άνω
643 1341 709 1392 μερῶν
723 1341 758 1390 τῆς
770 1340 864 1385 Σκυθίας
874 1335 916 1379 άνε-

111 1403 113 1406 ’
138 1408 218 1460 δείχθη,
238 1406 272 1447 καὶ
287 1407 315 1455 είς
330 1402 388 1459 ήμῶν
401 1403 463 1454 άιιοάς
475 1404 586 1459 άνηνέγθη·
606 1403 650 1458 ἥτις
662 1405 748 1447 έστίκαλ
760 1402 828 1458 ἳαάτή
840 1409 917 1461 γελοῖος

47 1834 82 1865 ρας.
91 1826 129 1856 1⁰58.

137 1475 171 1516 καλ
183 1472 253 1528 χλετίης
263 1474 350 1527 έμπλεως
362 1471 417 1529 παρά
428 1479 471 1522 τοῖς
482 1477 571 1521 σννετοῖς
582 1469 717 1528 εὖρισκομένη.
747 1470 859 1528 Ἀρξάμεθα
870 1474 917 1528 περὶ

139 1541 201 1597 αὐτῆς
213 1541 307 1596 φωράσαι
320 1542 354 1584 καί
368 1540 393 1583 τά
407 1538 449 1584 κατ’
459 1538 523 1595 αὐτήν
538 1538 677 1597 διηγήσασθαι.
706 1538 812 1595 Ετίηθείας
822 1539 860 1598 γάρ
870 1545 917 1596 μᾶλ-

138 1617 173 1655 λον
185 1609 314 1667 κριθήσεται,
335 1608 385 1667 ήπερ
396 1611 492 1661 συνέσεως
502 1608 564 1664 αίίτη,
579 1608 650 1660 καθοίς
660 1610 695 1654 καί
707 1607 762 1653 άλλαι
774 1608 843 1666 δμοῖαι
855 1609 917 1670 ταιίτη

139 1676 194 1735 ἦσαν.
222 1679 258 1730 Ὡς
273 1678 311 1736 γάρ
327 1677 369 1722 άνω
385 1678 436 1722 πολιί
452 1678 486 1722 διά
501 1684 536 1734 τῆς
550 1677 696 1736 πρδςΜαρίαν
707 1678 785 1735 ὕβρεως
795 1681 816 1722 οί
825 1679 918 1731 δόξαντες

138 1754 200 1793 ταῦτα
215 1747 311 1793 ὑπονοεῖν
328 1747 425 1806 βλαβεράς
443 1747 540 1799 ιίπονοίας
558 1750 660 1806 σπείρουσι
677 1753 778 1806 λογισμοῖς
795 1747 917 1807 άνθροίπυν,

139 1819 192 1864 οίίτω
204 1821 237 1863 καί
248 1814 305 1863 οὗτοι
316 1820 349 1863 ε’πί
360 1817 381 1862 τά
393 1820 460 1874 ἕτερον
469 1820 529 1876 μέρος
537 1821 636 1869 κλίναντες
646 1820 667 1862 ἒν
678 1816 772 1876 άκράτητι
783 1819 858 1876 βλάβης
871 1826 917 1862 3κα-

138 1889 306 1945 ταλαμβάνονται·
330 1887 386 1939 ίίπιος
400 1886 481 1933 κάκεῖνο
498 1886 520 1932 τδ
535 1887 590 1945 παρά
605 1902 644 1932 τισι
660 1893 699 1932 τῶν
712 1890 788 1941 ἔξωθεν
800 1888 917 1944 φιλοσόφων

139 1957 239 2019 ρῖδιίμενον
249 1960 283 2002 καί
297 1960 317 2002 έν
328 1957 397 2009 αὐτοῖς
406 1956 559 2014 πληρωθήσεται
570 1959 591 2001 έν
602 1961 630 2017 τῷ
641 1959 715 2014 λέγειν,
737 1957 863 2017 4οίκράτητες
875 1957 916 2002 ίσά-

138 2046 199 2083 τητες.
222 2026 267 2082 ’Ίση
277 2025 314 2085 γάρ
326 2026 355 2071 ἐπ’
371 2025 491 2084 άμφοτέραις
503 2026 585 2078 ταύταις
594 2033 637 2076 ταῖς
649 2028 746 2082 αἱρέσεσιν
758 2027 772 2082 ή
783 2028 857 2083 βλάβη,
877 2032 917 2071 τοῖν

139 2098 174 2154 μέν
185 2095 357 2148 κατευτελιζόντων
367 2095 404 2151 τήν
419 2094 476 2153 άγίαν
488 2096 603 2152 παρθένον,
623 2101 663 2139 τῶν
674 2096 695 2139 δέ
707 2095 767 2141 πάλιν
777 2095 827 2154 δπίρ
837 2096 860 2140 τδ
871 2097 917 2140 δέον

138 2165 266 2219 δοξαζόνταν.
298 2161 360 2209 Οὗτοι
370 2164 408 2222 γάρ
419 2167 440 2208 οί
447 2169 506 2208 τοῦτο
518 2163 643 2215 διδάσκοντες
652 2169 703 2216 τίνες
712 2167 760 2219 εἰσί,
774 2164 814 2209 ἄλλ’
825 2164 839 2222 ή
849 2171 917 2222 γυναῖ-

138 2253 182 2288 κες,·
212 2239 318 2278 Γυναικῶν
328 2233 366 2292 γάρ
378 2233 400 2278 τί
412 2235 468 2291 γένος
483 2232 598 2286 ειίάλισθον,
618 2234 717 2292 σφαλερδν
730 2235 768 2278 ὅδὲ
779 2236 811 2279 καί
822 2233 917 2279 ταπεινδν

139 2308 166 2364 τῷ
179 2303 299 2362 φρονήματι.
329 2306 371 2347 Καί
387 2302 436 2347 αὐτὸ
452 2302 489 2361 γάρ
501 2304 568 2355 ἔδοξεν
582 2301 623 2347 οἷπδ
639 2308 740 2360 γυναικῶν
752 2301 764 2348 ά
775 2303 868 2359 διάβολος
877 2306 916 2357 ἕξε-

140 2380 193 2429 μεῖν·
215 2372 242 2424 αίς
253 2376 286 2416 καί
300 2372 342 2416 άνυ
354 2372 409 2429 παρά
421 2376 528 2432 Κυϊντίλλη
539 2374 573 2415 καλ
586 2375 701 2433 Μαξιμίλλη
713 2374 746 2416 καί
761 2377 870 2433 Πρισκίλλη
882 2390 917 2417 πε-

139 2444 241 2499 ριγέλαστα
256 2442 281 2485 τά
297 2441 420 2499 διδάγματα,
442 2441 496 2485 οίίτατ
512 2443 547 2484 καὶ
563 2443 657 2485 ἐνταῦθα.
696 2443 753 2493 Τινὲς
768 2442 805 2500 γάρ
825 2449 917 2500 γυναῖκες

142 2511 253 2568 6κοάρικάν
270 2530 313 2554 τινα
330 2517 450 2566 κοσμοῦσαι,
471 2509 515 2564 ήτοι
527 2512 600 2567 δίφρον
611 2510 744 2568 τετράγωνον,
759 2509 875 2554 άπλοίσασοιι
886 2509 916 2555 ἐπ’

139 2579 202 2623 αάτδν
213 2578 291 2634 άθάνην
302 2582 323 2623 έν
334 2578 399 2638 ήμέρρι
408 2581 445 2622 τινί
457 2583 535 2638 φανερᾷ
544 2585 581 2621 τοῦ
591 2580 655 2632 έτους,
671 2582 692 2623 έν
704 2578 786 2636 ήμέραις
796 2581 847 2623 τισίν
856 2578 916 2637 άρτον

139 2650 267 2702 προτιθέασι,
286 2650 320 2691 καί
336 2647 471 2703 άναφέρουσιν
489 2648 517 2697 είς
533 2646 597 2701 ὄνομα
610 2653 645 2703 τῆς
658 2652 747 2705 Μαρίας.
776 2651 807 2692 Af
819 2654 881 2692 πάσαν
894 2650 916 2693 δέ

140 2716 179 2760 άπδ
190 2722 227 2760 τοῦ
238 2714 300 2774 άρτον
310 2715 503 2772 μεταλαμβάνουσιν,
519 2714 546 2766 αίς
557 2717 578 2758 έν
589 2716 640 2777 αὐτῇ
651 2723 675 2777 τῇ
685 2719 713 2767 είς
723 2716 759 2772 τήν
769 2715 864 2774 Ἀραβίαν
874 2719 916 2762 ἔπι·

139 2791 198 2845 στολή
208 2785 317 2843 γράφοντες
334 2787 356 2828 ἐκ
370 2787 442 2841 μέρους
451 2786 497 2841 περί
508 2787 581 2828 τούτου
595 2786 726 2841 διελέχθημεν.
757 2790 803 2829 Νῦν
814 2786 835 2829 δέ
845 2791 916 2841 σαφῶς

163 2901 202 2933 Cn.
213 2903 260 2933 1.—
286 2899 493 2942 1.s1zprahaer.78‚23.
539 2912 575 2933 ram
585 2907 651 2944 partem
665 2901 764 2934 inclinantes
775 2900 792 2933 in
808 2912 872 2934 summo
883 2900 915 2934 de-

161 2947 177 2979 2.
189 2948 234 2979 Libri
244 2949 292 2988 υαλμο
301 2942 352 2988 αίίτη,
363 2949 406 2987 quod
417 2949 472 2978 νὶλὶιιιιι
483 2948 516 2978 ium
538 2946 618 2979 trimento
629 2946 781 2990 deprehenduntur.
802 2945 915 2993 καταλαμβά-

139 2994 206 3026 correxit
217 2994 302 3025 Cornan-tus
311 2994 328 3025 ιἰι
338 2993 408 3024 versione
417 2992 480 3024 Latina,
538 3002 593 3030 νοντες
608 2993 643 3024 cod.
654 2993 685 3025 Ιειι.
700 2997 714 3025 ελ
727 2993 764 3025 edili
776 2993 817 3024 libri.
840 2995 916 3027 καταλα-

162 3037 178 3071 3.
184 3036 340 3082 καταλαμβάνονται
347 3038 403 3077 scripsi
410 3040 472 3070 ειτνίνε
478 3038 515 3069 Gor·
539 3034 596 3081 βάντες
605 3038 650 3069 codd.
660 3038 724 3078 Βλιιιλῐμ.
734 3042 748 3070 αι
759 3038 813 3071 Paris.

139 3085 212 3124 καιῐιιιιι,
223 3085 250 3125 qui
259 3084 306 3116 υινλιλ
315 3083 339 3115 sic
349 3082 399 3115 etiam
410 3081 428 3115 hi
439 3082 460 3115 ad
471 3081 515 3115 αλια·
560 3081 576 3115 λ.
589 3079 683 3126 ἀκρότητες
693 3086 779 3116 cor-narius
788 3085 824 3126 (qui
834 3083 915 3117 Extremi-
