1988 3392
130 224 173 266 470
418 232 502 266 ειειοει
514 233 632 266 τετειιεαιι

1 323 5 336 ¹
42 313 46 316 ’
83 329 85 332 ’
130 307 212 367 γραφῆν
222 309 390 367 ἀπαγγέλλουσιν,
410 311 486 366 ἀκμητί
502 326 523 353 τε
538 311 571 353 καὶ
584 310 665 361 ἀόκνως
676 310 749 367 συχνάς
761 316 868 356 ποιοῦνται
878 309 915 363 τάς

34 401 38 410 ‹
88 396 90 399 ⁴
132 379 256 435 ἀγρυπνίας,
271 384 329 421 τοῦτο
342 379 377 433 μὲν
390 381 411 422 ἐν
423 380 500 435 εὐχαῖς,
515 384 574 423 τοῦτο
588 379 610 423 δὲ
623 381 792 440 ἐνψαλμφῦίαις,
812 382 916 436 ἐνδελεχῶς

132 448 154 490 δὲ
169 446 206 498 τάς
215 446 338 497 συνελεύσεις
354 447 390 498 τοὶς
403 451 423 500 ἐξ
436 450 499 500 ἔθους
510 449 613 504 ἒνθέσμως
629 449 755 506 τεταγμένας,
776 449 917 507 ἀιημερεύουσί

132 534 153 559 τε
168 516 254 559 πάντοτε
268 516 304 566 τάς
323 517 479 568 θάῦιαλείπτους
494 517 546 561 κατά
560 515 660 573 διάστημα
678 516 733 576 όόρας
749 517 785 569 τάς
798 516 858 574 εὐχάς
872 522 917 578 θεῷ
973 552 975 555 -

133 583 310 669 άκαταγηωστογς
307 584 355 627 αετά
370 586 557 642 ταπεινοφροσύνης
570 591 644 642 πολλῆς
660 586 695 630 καὶ
712 588 801 644 οἰμωγῆς
818 586 917 632 ἐπιπόνου

135 653 224 714 7θεμ’
213 654 376 709 ἀναπέμποντες,
396 661 440 706 ταῖς
454 672 475 698 τε
486 657 546 706 ιδιαις
558 656 637 714 χερσιν,
658 674 686 706 ως
701 657 764 711 ἔφην,
784 655 917 727 ἐργαζόμενοι,

134 722 205 781 μετά
195 724 230 783 καί
228 727 279 783 τῆς
294 728 431 791 πνευματικῆς
448 726 550 793 ἐργασίας
570 727 604 767 ‘iva
616 723 645 809 μῆ
658 726 780 775 ἓπιδεεῑς’
757 742 863 781 γενωνται,
883 725 918 768 καί

134 795 162 842 εἰς
172 789 287 850 ἀποκρίσεις
298 785 451 848 άνθρωπίνας’
442 788 551 847 εμπέσωσι,
571 794 606 836 καὶ
618 794 686 837 οὐκέτι
697 811 725 852 τῳ
715 792 842 877 ἀσεβοῦντι
857 792 919 837 δυνά·
960 837 962 840 .

135 876 191 915 μενοι
201 859 226 903 τά
237 859 307 916 ἀληθῆ
318 862 391 918 λέγειν,
413 860 458 904 ούτε
474 860 532 912 ε’κτῦς
543 860 610 917 ρύποα
624 859 675 905 εἶναι
687 867 728 906 τῶν
739 861 781 906 ἀπο
776 861 895 913 ἀδικίας’
884 880 919 905 αν-

135 928 228 985 θροίπων
240 932 341 973 πλουσίων
353 931 388 972 καί
398 931 571 974 πλεονεκτούντων
584 929 632 980 τοῦς
644 932 741 985 πένητας,
762 930 808 974 ούτε
823 929 880 982 ἒκτός
889 945 918 974 σι-

135 1001 183 1043 τίων
199 997 276 1042 τούτων
287 1001 389 1056 γίνεσθαι,
411 999 439 1055 μῆ
453 997 577 1054 8δυνάμενοι
589 1001 611 1043 ἐκ
623 1002 706 1043 δικαίων
718 1000 788 1044 πόνων
798 998 835 1056 τῆν
845 998 919 1054 ἒφῆμε-

136 1085 173 1125 ρον
187 1069 238 1123 ἔχειν
254 1066 345 1124 τροφῆν,
368 1067 408 1111 ἀλλ’
426 1068 594 1125 ἀναγκαζόμενοι,
615 1067 649 1111 διά
664 1067 687 1112 τό
703 1070 768 1118 ἐνδεὲς
783 1073 820 1124 τῆς
832 1069 919 1126 ἆεργίος,

136 1137 234 1194 τραπέζης
250 1139 350 1179 πλουσίων
365 1138 456 1192 μετέχειν.

197 1204 235 1248 Διό
246 1207 374 1261 παραγγέλλει
384 1203 396 1248 ά
405 1211 463 1256 θεῖος
474 1205 541 1262 λόγος,
562 1204 658 1258 φάσκων,
680 1205 720 1261 Μῆ
734 1203 830 1260 ἒπιθύμετ
841 1204 921 1261 βρωμά-

136 1292 177 1319 των
188 1279 228 1317 τῦν
238 1277 350 1327 πλουσίων,
372 1279 435 1317 ταῦτα
450 1273 489 1331 γάρ
506 1275 569 1329 ἔχεται
586 1278 638 1329 ζωῆς
648 1278 745 1329 ψευδοῦς.
775 1275 817 1317 Καὶ
827 1274 887 1318 πάλιν
900 1277 922 1318 ἐν

137 1342 188 1402 ἀλλην
199 1343 268 1401 τόπῳ,
283 1342 314 1386 ότι
324 1341 418 1393 τοιαύτας
432 1345 471 1386 ἔδει
482 1342 647 1399 παρασκευάζειν,
670 1345 699 1386 Εἰ
708 1343 730 1386 δὲ
741 1341 887 1400 άπληστότερος
896 1340 921 1395 εἷ,

138 1411 166 1468 μὴ
176 1411 272 1466 ἒπιθύμει
288 1416 328 1454 τῶν
342 1411 406 1455 αὐτοῦ
419 1410 537 1469 βρωμάτων.
566 1409 600 1453 Ἐν
610 1411 689 1463 τούτοις
701 1409 740 1469 γάρ
752 1410 892 1467 ἓῦοξάσθησαν
902 1414 924 1456 οἱ

137 1484 208 1532 παῖδες
220 1482 241 1523 οἱ
251 1482 272 1524 ἒν
282 1485 307 1539 τῆ
320 1483 438 1535 Βαβυλῶνι,
458 1478 593 1538 ἀρνησάμενοι
608 1479 706 1536 τράπεζαν
719 1482 825 1536 βασιλέως,
845 1482 880 1524 καὶ
891 1482 922 1523 αί-

138 1549 247 1608 ρησάμενοι
263 1551 374 1604 σπέρμασιν
392 1547 509 1606 ἀρκεῖσθαι,
531 1547 647 1608 ῆτραπέζη
662 1550 696 1592 καὶ
713 1548 817 1606 βρύμασι,
838 1548 924 1605 χρῆμασι

138 1621 173 1662 καὶ
186 1618 235 1678 δόξῃ
248 1617 406 1672 ἀποταξάμενοι,
427 1617 454 1668 τίς
467 1622 562 1673 Μωῦσῆς
578 1622 652 1671 μάλλον
667 1620 728 1661 είλετο
742 1624 923 1674 συγκακονχεῖσθαι

140 1692 168 1746 τῷ
178 1692 219 1746 λαῷ
231 1692 267 1731 τοῦ
277 1691 329 1730 θεοῦ
341 1686 392 1742 ῆπερ
410 1686 519 1730 ἀπολαύειν
530 1691 570 1729 τῶν
583 1687 604 1729 ἒν
614 1686 711 1745 Αἰγύπτῳ
724 1691 845 1744 θησαυρῶν,
866 1688 922 1745 ἔργα·

139 1755 221 1812 ζόμενος
232 1757 254 1799 δὲ
264 1758 324 1806 ἰδίαις
334 1756 399 1812 χερσίν
409 1757 463 1811 ἔτυχε
473 1757 603 1812 προφητείας.
636 1754 751 1812 Προβάτων
759 1753 798 1812 γάρ
810 1750 871 1805 οὗτος
879 1772 923 1800 ποι-

140 1824 180 1880 μὴν
192 1826 288 1880 κατέστη,
304 1823 316 1868 ό
328 1823 419 1882 εῦγενῆς,
433 1825 468 1868 καί
479 1823 524 1874 οίός
537 1822 640 1881 θυγατρός
650 1825 758 1879 βασιλέως,
778 1826 812 1867 ἵνα
824 1822 851 1879 μῆ
861 1822 924 1881 ἀργόν

140 1896 199 1954 ἕσθίη
209 1892 275 1951 άρτον.
304 1891 339 1943 Ὡς
349 1894 383 1936 καὶ
394 1893 484 1936 διδάσκει
496 1891 508 1935 ό
520 1892 585 1948 πατῆρ
597 1891 654 1947 ἡμῶν
664 1891 747 1947 Ἰακοίβ,
768 1893 831 1949 λέγων
840 1891 923 1946 Λόβων,

140 1962 183 2013 Δός
199 1980 234 2017 μοι
251 1964 357 2019 ἐργασίαν,
380 1964 414 2005 ἵνα
429 1961 552 2018 ἐργάζωμαι,
574 1965 611 2004 τοῦ
628 1963 681 2004 ι’ῦίου
698 1959 766 2018 άρτον.
795 1956 844 2004 θΚαὶ
862 1961 924 2011 αῦτός

45 2064 76 2094 pag
90 2054 130 2084 1⁰72.
140 2031 200 2077 πάλιν
209 2034 324 2086 ποιμαίνειν
335 2032 476 2088 προςιίτακται
486 2028 543 2086 παρά
556 2034 593 2073 τοῦ
606 2032 659 2073 ἰδίου
670 2034 780 2086 πενθεροῦ,
800 2031 835 2073 ’ίνα
846 2028 874 2085 μῆ
888 2028 923 2087 ἀρ-

113 2130 115 2141 ,
140 2100 177 2159 γύν
191 2099 251 2157 άρτον
266 2102 362 2144 ἐσθίωσιν
378 2102 400 2142 οί
412 2102 493 2143 δίκαιον,
526 2104 573 2149 Τοῖς
589 2098 611 2142 δὲ
626 2097 747 2148 ἀποστόλοις
763 2100 840 2154 ε’ίρηται
857 2096 924 2155 ἀρκεῖ-

113 2142 118 2219 ί
140 2178 191 2215 σθαι
202 2174 230 2230 τῷ
246 2168 312 2228 1λόγῳ
324 2168 438 2226 κηρύττειν,
459 2170 493 2212 ἵνα
505 2167 533 2252 μῆ
544 2166 672 2251 άσγολοίνται
675 2166 717 2210 ἀπό
730 2164 806 2218 πόλεως
819 2169 847 2218 είς
855 2166 923 2252 πόλιν,

117 2256 121 2307 η
140 2258 175 2283 και
191 2238 232 2282 ἀπὸ
248 2237 312 2281 τόπου
327 2240 356 2320 εβς
370 2237 444 2290 τύπον,
465 2255 499 2280 επι
509 2254 532 2280 το
546 2254 639 2294 κηρυγμα
650 2254 686 2290 την
702 2238 784 2293 πορείαν
799 2236 924 2291 ποιούμενοι.

118 2308 123 2348 λ
135 2308 206 2361 Ἀξιος
219 2306 257 2389 γάρ
270 2304 282 2349 ό
296 2305 379 2363 ἐργάτης
391 2311 427 2350 τοῦ
444 2310 520 2361 μισθοῦ
536 2305 610 2358 αὐτοῦ,
630 2306 677 2357 και,
697 2303 790 2361 Ἀρκετόν
804 2309 832 2364 τῷ
846 2306 925 2362 ἐργαζο-

121 2379 124 2419 ἲ
141 2379 195 2436 μένην
213 2374 305 2459 ῆτρρφῆ
321 2374 391 2418 αὐτοῦ.
421 2376 463 2417 Και
479 2392 522 2425 τοις
539 2392 559 2417 τε
571 2375 662 2429 ποιμέσιν
677 2371 771 2424 ωςαύτως
785 2350 870 2428 δαίτην
885 2391 926 2417 των

122 2447 195 2490 λαῶν
205 2443 280 2500 σαχνῆν
295 2444 387 2499 ἀσχολίαν
401 2445 437 2487 καὶ
447 2442 484 2497 τῆν
499 2441 661 2498 ε’κκλησιαστικῆν
678 2445 777 2497 διοίκησιν
788 2461 823 2486 και
815 2443 926 2497 ἐνδελεχῆ

142 2516 266 2572 λειτουργίαν
277 2515 340 2568 φησὶν
351 2531 362 2556 ο
358 2510 431 2562 θεῖος
442 2511 510 2569 λόγος,
535 2515 570 2563 Τίς
582 2514 682 2566 ποιμαίνει
693 2514 791 2566 ποίμνην,
811 2512 845 2554 καὶ
857 2512 880 2554 ε’κ
889 2515 925 2554 τοῦ

143 2585 242 2642 γάλακτος
258 2581 321 2637 αῦτῆς
338 2579 375 2624 οῦκ
395 2583 457 2624 ἐσθίει
463 2599 470 2632 ,’
492 2579 550 2635 ῆτίς
570 2580 651 2634 φυτεύει
665 2580 781 2635 ἀμπελῶνα,
802 2581 836 2622 καὶ
853 2580 876 2623 ἐκ
888 2584 925 2623 τοῦ

142 2656 224 2709 καρποῦ
234 2649 297 2694 αὐτοῦ
309 2649 334 2693 οῦ
345 2650 498 2705 μεταλαμβάνει,
529 2650 582 2702 Καὶ,
602 2651 664 2704 φησί,
679 2648 715 2692 τόν
725 2653 826 2692 κοπιῶντα
837 2647 926 2705 γεωργύν

143 2725 175 2764 δεῖ
183 2723 263 2776 πρῶτον
275 2725 314 2762 τοῖν
329 2723 414 2775 καρπῶν
425 2718 592 2774 μεταλαμβάνειν,
607 2720 641 2761 ἵνα
653 2716 689 2761 τόν
699 2715 845 2773 πρεσβύτερον,
866 2716 879 2772 ῆ
890 2716 926 2761 τόν

144 2792 255 2834 ἐπίσκοπον
266 2787 294 2843 μῆ
309 2787 450 2843 ἐλαττούμενον
466 2791 502 2841 τῆς
514 2788 616 2842 ἐφημέρου
628 2790 706 2843 τροφῆς
717 2786 855 2840 καταστήσειε,
876 2802 925 2843 προ-

144 2856 266 2916 τρεπόμενος
279 2855 341 2907 λαούς
355 2858 377 2900 εἰι
393 2858 477 2899 δικαίων
489 2854 558 2899 πόνων
572 2857 640 2910 νέμειν
654 2853 679 2897 τά
689 2852 741 2910 πρός
752 2852 831 2911 τροφῆν
844 2859 887 2905 τοῖς
899 2856 925 2896 ίε-

167 2996 182 3031 6.
196 2994 260 3040 αδιαλῆ
261 2993 312 3034 τττονς
323 2998 359 3028 libri
371 3005 429 3029 omnes
547 2997 602 3028 λοαῐαε
613 2995 687 3028 cancellis
698 2994 765 3026 inclusit.

168 3042 184 3078 7.
196 3044 244 3089 θεῷ,
254 3042 481 3085 ςαοάειιμονβναωνίίοίντ,
494 3041 524 3075 Ρε-
569 3040 586 3075 8
598 3041 701 3081 λίανὶναλμο
712 3037 814 3082 δυναμένοις
