1988 3392
133 216 175 257 774
439 227 514 263 INDEX
526 227 611 262 RERUM.

156 305 189 339 tuit
200 306 276 339 ibid-
299 308 423 343 aSimoniacis
435 307 513 343 Gnostici
536 307 631 342 Stoicorum
640 307 722 342 refutatio
734 310 762 342 12.

157 362 190 396 orti
199 362 241 397 ibid.
254 382 274 389 -
297 363 343 398 idem
353 366 412 400 Simon
421 367 513 413 propbetas
536 365 613 411 Stuporis
619 376 681 399 nomen
689 365 738 410 plura
747 363 836 409 significat,
847 371 865 398 et
872 375 915 410 quae

156 430 166 453 a
178 419 227 453 variis
238 419 353 466 intelligentiis
369 423 447 468 spiritum
461 435 513 458 anee—
560 423 637 467 stuporis
645 422 751 456 differentiae
762 424 802 457 406.

156 475 201 522 pisse
216 477 280 511 censuit
290 478 333 513 ibid.
344 499 367 507 —
390 481 444 516 veteri
458 488 513 516 testa·
537 482 602 525 Stupor
613 480 673 515 Adami
685 480 737 525 qualis
749 479 801 514 luerit
812 482 851 515 406.

156 541 215 569 mento
231 534 283 570 fidem
297 537 386 584 abrogavit
399 541 427 573 50.
442 560 461 566 -
484 539 514 574 in-
537 538 645 572 Substuntiae
658 550 718 573 vocem
729 538 815 584 quomodo
827 538 913 585 Syrmien-

157 592 240 638 eptiarum
249 594 284 629 eius
294 596 377 631 refutatio
387 597 427 632 ibid.
434 618 456 625 —
468 598 514 632 eius·
559 595 582 630 sis
592 597 667 643 synodus
675 603 736 631 conata
747 596 798 631 fuerit
805 596 867 632 tollere
875 600 915 632 861.

156 651 196 685 dem
203 652 352 688 interitnsliomue
359 654 401 689 ibid
410 675 429 681 —
443 663 514 690 senten·
537 654 678 700 Superstitionum
690 654 812 701 Aegyptiorum
823 654 870 701 origo
882 659 899 691 8.

156 709 181 742 tia
186 710 232 743 Petri
241 710 259 744 in
268 711 339 745 eundem
348 712 389 746 ibid.
398 732 420 740 -
432 714 513 748 refutatio
537 713 624 757 Synaxeos
636 712 671 746 dies
685 719 703 746 et
714 719 817 754 conventos,
829 712 915 759 quomodo

157 766 193 800 eius
203 767 296 812 impietatis
308 770 352 804 eirea
366 770 434 815 nuptias
449 778 466 805 et
477 771 513 805 vir·
559 769 581 803 ab
589 769 687 814 apostolicis
694 769 767 804 instituti
774 772 825 803 1104.
835 789 856 796 --
874 770 915 805 item

157 823 246 868 ginitotem
261 825 302 860 ibid
315 846 336 853 -
360 828 402 861 item
418 829 513 863 confutatio
559 825 638 860 ieiunium
649 834 709 871 quarta
720 832 796 861 etsexta
807 827 850 862 feria
861 827 901 862 ibid.

156 881 247 926 impiorum
254 883 289 916 eius
297 883 402 929 dogmatum,
413 886 457 920 cirea
465 898 513 921 crea-

155 938 221 973 tionem
232 940 291 974 mundi
302 944 329 974 60.
714 931 735 965 Τ·

134 995 219 1030 Simonem
237 997 341 1042 Cyrenaeum
360 1011 392 1045 pro
411 1000 478 1034 Christo
495 1001 513 1035 in
537 998 671 1033 Taberuaculum
680 998 761 1033 eeclesiae
771 999 915 1045 accommodatur,

157 1065 206 1087 eruce
218 1066 286 1099 passum
297 1067 331 1089 non
343 1068 380 1091 esse
393 1059 420 1091 75.
560 1056 606 1092 cuius
622 1055 656 1090 inm
672 1057 690 1090 in
708 1056 771 1091 virtute
788 1056 916 1090 tundamentum

134 1111 225 1145 Simulacra
240 1113 307 1157 quando
322 1113 394 1159 primurn
403 1114 485 1150 fabricata
497 1119 512 1149 8.
560 1112 637 1147 consistit
649 1116 688 1147 512.

134 1169 198 1202 Somno
215 1169 308 1216 obrepente
318 1182 365 1205 ruens
381 1178 438 1206 tamen
454 1172 513 1218 vigilat
536 1170 600 1215 Talpae
607 1170 720 1217 quadrupedis
726 1170 802 1205 animalis
809 1172 915 1206 natura458.

155 1228 195 1260 407.
560 1246 581 1253 —
593 1228 630 1261 visu
641 1234 693 1270 caret,
702 1235 720 1262 et
727 1228 757 1262 sub
768 1234 814 1262 terra
823 1228 865 1262 latet
873 1228 915 1263 ibid.

134 1283 192 1317 Somni
208 1283 244 1318 sive
257 1285 331 1330 stuporis
346 1285 409 1320 affecta
421 1286 438 1321 in
449 1298 512 1333 corpo·
559 1304 582 1311 -—
593 1291 644 1319 noret
651 1286 712 1331 plantis
719 1293 737 1320 et
742 1285 833 1320 seminibus
842 1284 883 1321 ibid.
893 1305 916 1312 -

156 1341 189 1374 reis
201 1341 329 1379 sensibusttll.
559 1343 585 1378 illi
600 1343 675 1378 haeresis
690 1349 797 1389 comparatur
812 1342 916 1377 Adamiano-

133 1399 217 1432 Somoron
240 1411 288 1433 mons
307 1401 450 1436 Samaritanorum
469 1401 514 1436 unde
560 1413 597 1435 rum
608 1400 651 1435 ibid.

156 1454 211 1489 dictus
224 1459 251 1489 24.
536 1458 698 1502 Tascodrugitarum
706 1456 787 1497 haeresis,
799 1455 844 1489 unde
853 1467 916 1490 nomen

133 1513 203 1544 Sorores
215 1512 263 1546 nefas
279 1513 312 1547 fuit
324 1525 384 1548 uxores
398 1514 460 1549 ducere
470 1526 513 1560 pro·
560 1514 646 1560 acceperit
657 1516 697 1547 416.
707 1532 728 1539 -
751 1512 792 1547 dicti
803 1514 849 1559 quasi
858 1514 915 1548 Paril-

156 1576 219 1614 pagato
231 1570 320 1604 hominurn
331 1583 393 1615 genere
405 1574 444 1604 288.
559 1572 650 1605 lonasorres
660 1570 701 1605 ibid.
714 1588 735 1595 -
759 1569 847 1604 infandum
856 1583 915 1605 eorum

132 1625 215 1669 Spiritum
224 1633 302 1660 sanctum
312 1639 349 1660 esse
360 1628 420 1668 deum,
438 1627 477 1672 quia
488 1637 514 1663 est
559 1626 740 1661 sacrificiumibid.-
761 1634 879 1672 comparantur
888 1627 916 1661 vi-

156 1693 189 1714 una
200 1681 268 1716 trinitas
280 1685 318 1716 756.
559 1693 611 1726 perae
622 1681 758 1715 Haemorrhoeae
769 1686 808 1716 417.

133 1737 206 1782 Spiritus
222 1746 290 1773 sanctus
307 1751 336 1773 our
352 1740 409 1784 speeie
426 1739 513 1774 columbae
536 1737 647 1772 tatianorum
656 1737 730 1771 haeresis
742 1741 770 1771 26.
782 1745 821 1784 post
833 1739 916 1773 Christia-

156 1794 201 1827 visns
213 1797 252 1828 517.
559 1794 641 1835 nisurum,
653 1794 689 1826 sive
699 1797 727 1828 46.
738 1806 748 1828 a
760 1795 833 1839 quodam
842 1796 915 1830 Tatiano

133 1850 205 1896 Spiritus
215 1852 395 1886 sanetusacreaturis
405 1852 464 1886 differt
474 1855 513 1886 896.
559 1850 600 1884 ibid.
613 1870 635 1875 —
659 1850 734 1884 eiusdem
750 1850 821 1885 historiar
841 1854 880 1886 391.
892 1872 915 1879 —

156 1927 179 1934 ——
190 1908 246 1954 plures
252 1909 270 1942 in
276 1909 327 1942 sacris
335 1909 389 1943 literis
397 1909 465 1954 spiritus
473 1912 513 1943 set.
560 1907 608 1952 origo
616 1905 684 1941 Tatiani
693 1906 734 1944 ihid.
744 1927 765 1934 -
781 1908 802 1941 ab
809 1920 830 1942 eo
836 1908 916 1943 Encrati-

133 1966 206 2011 Spiritus
218 1973 285 1999 sanetus
295 1978 305 1998 a
315 1974 365 2011 patre
375 1974 392 1999 et
404 1966 439 2000 filio
450 1979 513 2012 proce-
560 1972 588 1997 tae
597 1964 678 1997 haeretici
689 1964 771 2009 originem
782 1973 884 2010 acceperunt
894 1966 917 2001 ib.

156 2022 182 2055 dit
193 2025 233 2056 899.
247 2042 265 2048 -
290 2022 325 2056 eius
339 2023 426 2068 praeclara
437 2024 513 2069 epitheta
561 2040 582 2046 κ
595 2020 629 2054 eius
636 2020 716 2065 dogmata
724 2021 765 2055 ibid·
773 2041 795 2048 -
807 2022 874 2068 nuptias
883 2023 916 2057 da-

156 2079 198 2114 ibid.
559 2077 658 2113 mnatibid.
671 2098 693 2104 -
722 2079 839 2126 aquasolain
850 2088 916 2128 myste-

133 2138 205 2186 Spiritus
215 2145 282 2173 sanctus
293 2139 370 2174 omnihus
380 2147 455 2185 praestat
465 2152 514 2174 crea·
560 2138 589 2172 riis
601 2137 680 2172 utebatur
691 2139 730 2172 302.
743 2158 767 2165 --
788 2138 870 2174 Adamurn
881 2139 917 2173 sal·

156 2197 198 2231 turis
209 2200 248 2231 000.
261 2217 283 2223 -
306 2197 329 2231 da
340 2198 393 2232 sancti
405 2198 473 2243 spiritus
485 2198 514 2232 di·
561 2207 600 2231 vum
609 2207 646 2229 esse
654 2202 713 2230 contra
721 2195 757 2230 eius
768 2195 866 2242 opinionem
877 2200 917 2232 392.

156 2254 228 2289 vinitate
238 2255 336 2289 testimonia
348 2258 387 2289 986.
425 2282 428 2286 .
538 2253 652 2291 Tannetum
667 2265 702 2288 non
717 2254 762 2288 idem
774 2254 791 2288 in
804 2254 865 2289 divinis
876 2267 916 2300 per-

134 2312 206 2358 Spiritus
220 2324 268 2346 verus
278 2325 298 2346 ae
309 2319 376 2347 sanctus
387 2312 447 2359 quibus
457 2313 514 2347 nomi·
561 2313 606 2346 souis
618 2310 664 2357 quud
676 2309 765 2357 dttootr'otot
777 2315 817 2346 920.

156 2370 205 2404 nibus
213 2369 326 2415 distinguatur
333 2377 351 2404 et
358 2370 410 2416 signis
420 2382 514 2416 cognosce·
538 2371 665 2405 Testamentum
681 2376 729 2403 retus
740 2381 777 2403 cunr
787 2381 833 2404 novo
844 2382 917 2405 eonsen-

156 2435 185 2461 tur
198 2430 238 2462 414.
560 2427 583 2461 tit
595 2428 664 2461 705.-
687 2427 734 2473 quod
743 2427 816 2472 eleganti
827 2439 916 2475 compara-

134 2485 206 2531 Spiritus
215 2493 282 2520 sanctus
293 2485 367 2531 aequalis
380 2485 449 2526 Christi,
461 2492 479 2519 et
488 2493 513 2520 at·
561 2485 608 2519 tione
620 2484 691 2519 docetur
702 2484 745 2518 ibid.

156 2543 220 2577 tributa
232 2543 280 2578 unius
290 2542 339 2577 alteri
348 2543 399 2578 etiam
411 2543 515 2578 conveniunt
537 2543 603 2578 Thana
620 2541 663 2576 filius
674 2542 743 2576 Naelror
760 2542 886 2577 simulacrorum
896 2555 917 2577 ex

158 2604 197 2634 892.
560 2599 619 2645 argilla
636 2599 728 2645 figlinoque
742 2610 794 2645 opere
805 2606 884 2646 repertor
900 2607 918 2635 et

134 2658 206 2703 Spiritus
217 2664 285 2691 sanctus
297 2658 338 2692 deus
351 2664 378 2691 est
389 2660 429 2692 804.
560 2657 623 2691 artilex
633 2656 697 2702 primus
709 2659 724 2689 S.

134 2715 206 2761 Spiritus
217 2723 285 2749 sanctus
301 2715 396 2749 adorandus
408 2717 447 2749 805.
460 2734 479 2740 -
504 2727 514 2749 a
537 2714 613 2749 Theclae
624 2713 694 2748 historia
708 2716 758 2747 1048.

157 2780 205 2818 patre
214 2773 267 2806 oritur
277 2779 295 2806 et
301 2772 336 2806 lilio
346 2772 388 2806 ibid.
399 2792 422 2799 -
445 2772 467 2805 de
477 2772 514 2817 spi·
537 2771 693 2806 Theodotionorum
699 2771 772 2806 haeresis
780 2774 808 2806 tt.
818 2779 858 2818 post
866 2771 916 2807 chri-

157 2830 191 2865 ritu
201 2836 270 2870 saneto,
287 2841 317 2863 eur
328 2829 347 2863 iu
358 2829 433 2863 Nicaena
448 2829 514 2874 synodo
561 2828 665 2862 stianisrnurn
693 2829 752 2863 ordine
781 2830 916 2875 quinquagesima

158 2886 200 2921 nihil
213 2886 276 2920 diserte
288 2886 310 2920 sit
322 2887 417 2932 expositum
429 2889 468 2920 904.
561 2892 620 2931 quarta
637 2888 676 2920 462.
695 2906 717 2913 -
746 2886 805 2920 similis
824 2887 916 2932 Alogorum

135 2944 207 2989 Spiritus
218 2950 285 2977 sanetus
297 2955 346 2977 verus
359 2951 385 2991 est
397 2944 438 2977 deus
451 2946 491 2977 741.
560 2943 626 2976 haeresi
637 2943 677 2976 ibid.
690 2963 713 2969 —-
735 2943 780 2977 unde
791 2943 832 2978 dicti
843 2947 882 2977 463.

135 3001 188 3035 Stoici
202 3007 289 3034 eteorum
302 3000 376 3035 haeresis
391 3001 442 3036 tertia
456 3000 514 3045 genti·
538 2999 624 3034 Theodoti
629 2999 700 3035 historia
707 3000 777 3034 ibid-
789 3001 873 3035 Christum
883 3000 916 3035 ab·

157 3057 208 3099 lium,
221 3057 280 3092 ordine
292 3060 308 3092 5.
320 3060 349 3091 12.
561 3057 677 3102 negavititrtt,
689 3077 709 3085 -·
722 3056 795 3092 eundem
805 3069 842 3092 esse
853 3058 916 3092 nudum
