1988 3392
219 243 313 278 PANARIl
325 243 369 279 Lis.
377 245 408 279 ΙΙΙ.
419 245 498 280 TOM.1.
510 244 578 278 HAER.
586 244 670 278 LXXlll.
796 237 838 278 115

51 338 111 379 vero,
131 324 250 382 sapientiam
266 324 327 368 lilium
343 325 452 383 esapicnti
468 326 506 370 deo
522 340 546 369 ac
563 332 632 384 patre,
654 332 674 367 et
688 331 709 368 ut
722 339 762 367 nuo
776 324 839 367 verbo

51 393 127 447 dicam,
144 394 204 437 lilium
216 395 278 452 patris
290 394 427 451 undecumque
441 395 537 449 similem,
560 395 589 438 uti
602 394 662 437 lilium
677 393 748 452 patris.
778 393 811 436 Ac
821 393 840 436 si

51 463 96 519 quis
107 463 174 520 aliqua
183 463 247 506 solum
259 470 355 520 exparte
366 461 451 506 similem
463 478 508 507 esse
520 464 584 517 dieat,
601 471 623 507 ut
634 471 681 506 ante
692 462 787 520 scriptum
798 468 838 515 cst,

51 532 75 574 ab
87 532 173 575 ecclesia
184 532 282 575 catholica
294 531 381 575 alienum
394 546 441 576 esse
452 547 537 587 censeo,
554 548 579 577 eo
591 532 643 591 quod
656 547 667 575 e
678 546 781 575 sacrarum
795 532 840 574 lite-

51 615 118 644 rarum
136 602 260 660 praescripto
276 601 327 659 patri
344 600 428 645 similem
443 616 489 645 esse
507 603 567 646 lilium
584 618 625 646 non
640 609 745 660 agnoscat.
775 599 841 644 Lecta

51 678 83 713 cst
97 671 147 713 baec
164 670 296 728 subscriptio,
320 678 339 713 et
352 669 524 714 Valentitradita.
554 670 752 724 AdluereMarens,
774 668 841 713 Geor·
881 698 884 701 ι

50 739 107 796 gius,
123 738 230 794 Urseius,
247 738 361 783 Germanus
372 747 393 783 et
402 740 539 799 llypatranus
556 741 656 800 episcopi,
679 755 723 784 cum
735 739 841 798 presbyte-

51 809 80 852 ris
95 823 118 852 ac
134 809 223 853 diaconis
238 809 335 866 pluribus.

110 877 154 921 Hae
166 893 226 936 porro
238 877 334 935 epistolae
347 893 359 921 a
370 878 428 921 nobis
440 878 471 920 bic
483 885 573 921 attentae
585 886 643 930 suut,
660 886 682 921 ut
692 878 740 921 illud
750 852 839 922 eruditus
873 886 914 930 cap.

52 947 135 1005 quisque
147 961 170 990 ac
180 962 241 990 verae
252 947 297 989 bdei
309 947 411 990 studiosus
422 947 519 1003 intelligat
531 961 571 989 non
580 945 667 989 inaniter
678 961 702 990 ac
713 948 756 991 sinc
767 962 840 990 caussa
855 932 923 967 xxm

52 1031 89 1059 nos
107 1016 128 1059 in
144 1017 229 1073 aliquem
252 1015 332 1069 invehi,
357 1016 394 1058 sed
415 1015 533 1058 certissimis
554 1015 705 1073 probationibus
724 1016 760 1058 niti
779 1016 839 1059 velle.

53 1083 148 1129 Geterum
163 1085 223 1128 idemv
232 1084 260 1127 illi
274 1098 344 1127 rursus
356 1099 367 1127 a
378 1084 422 1127 suis
433 1084 581 1138 discesserunt,
606 1100 650 1128 eum
665 1085 690 1127 ob
705 1085 783 1142 privata
796 1085 842 1127 odia

52 1154 187 1211 humanasque
201 1153 312 1196 simultates
327 1161 347 1196 et
357 1154 501 1197 aemulationes
517 1168 563 1197 sese
575 1154 661 1198 invicem
673 1154 743 1211 iurgiis
755 1155 843 1197 lacesse·

52 1231 109 1277 rent,
132 1230 153 1265 et
166 1223 190 1265 de
202 1222 312 1280 principatu
329 1223 482 1265 contenderent.
513 1223 598 1266 Actum
611 1221 783 1266 Semiariauorum
793 1223 843 1265 istc·

53 1307 97 1335 rum
113 1290 202 1349 partibus
218 1291 279 1334 robur
294 1292 393 1344 accessit,
417 1292 437 1333 in
453 1291 523 1347 quibus
538 1293 594 1335 luere
609 1290 710 1346 Basilius,
732 1291 842 1348 Georgius,

53 1359 149 1404 Silvanus
161 1375 184 1403 ac
195 1360 257 1403 ceteri
271 1360 341 1417 quibus
353 1360 420 1402 caruis
431 1361 532 1402 bracbinm
544 1360 658 1404 adiumento
669 1368 725 1414 erat,
741 1358 843 1404 Constan-

54 1430 103 1471 tium
114 1429 254 1486 imperatorem
266 1428 362 1483 intelligo.
394 1426 506 1471 Obtinuere
518 1436 584 1471 tamen
594 1431 718 1484 postmodum
727 1428 842 1482 Eudoxius,

54 1505 75 1540 et
86 1497 187 1554 Georgius
200 1497 362 1550 Alexandrinus,
378 1504 399 1539 ct
411 1496 502 1540 Euzoius
513 1497 661 1541 Antiochenns.
694 1496 781 1540 Basilius
793 1511 844 1550 vero

54 1581 78 1608 ac
90 1565 191 1622 Georgius
200 1563 329 1608 Laodicenus
346 1580 391 1608 cum
408 1566 450 1608 suis
462 1566 540 1609 minore
550 1568 571 1609 in
582 1567 647 1624 pretio
664 1580 710 1609 esse
725 1573 843 1623 coeperunt,

55 1649 100 1677 enm
117 1634 213 1677 hacteuus
228 1634 333 1691 plurimum
347 1635 466 1676 auctoritate
481 1634 599 1678 valuissent.
629 1633 663 1677 Ex
677 1635 704 1677 iis
716 1648 796 1677 rursum
811 1634 845 1676 alii

55 1703 80 1745 ab
93 1703 162 1745 eadem
179 1703 258 1746 baeresi
271 1718 295 1746 ac
307 1704 384 1760 synodo
397 1702 469 1746 divulsi
480 1710 538 1756 sunt,
558 1704 609 1746 adeo
622 1711 644 1746 ut
655 1704 778 1746 Ariauorum
789 1709 845 1745 secta

56 1772 93 1813 tria
112 1771 133 1813 iu
150 1771 257 1814 factionum
275 1772 360 1814 divortia
380 1771 503 1814 discesserit.
540 1771 593 1815 Nam
610 1772 699 1815 Aeacius
717 1770 845 1814 Palaestinas

58 1838 171 1883 Caesareae
182 1840 298 1897 episcopus,
321 1855 365 1883 curn
377 1838 475 1893 Meletio,
497 1847 517 1882 et
527 1839 604 1883 Uranio
616 1840 694 1898 Tyrio,
715 1847 736 1882 ct
745 1839 846 1897 Eutychio
894 1847 896 1850 ’

57 1907 257 1966 Eleutheropolitano
271 1923 306 1966 pro
318 1898 343 1951 eo
354 1923 393 1965 qno
404 1909 425 1951 in
436 1906 535 1966 Cyrillum
545 1908 753 1967 Hierosolymitannm
768 1909 814 1951 odio
826 1915 847 1951 ct

57 1977 133 2021 invidia
142 1977 251 2033 flagrabat,
267 1975 357 2029 Basilio,
373 1991 397 2018 ac
408 1976 498 2033 Georgio
509 1976 639 2029 Laodiceno,
657 1975 740 2020 Silvano
755 1976 846 2019 Tarsen-

58 2045 88 2098 si,
109 2043 193 2088 Eleusin
207 2043 324 2102 Cyzicena,
344 2043 465 2088 Macedonio
479 2044 715 2102 Constantinopolitano,
738 2044 846 2087 Eustatlrio

58 2111 184 2166 suasione,
206 2120 227 2156 et
238 2113 318 2156 Arriano
331 2111 459 2156 Antiocheno
471 2114 559 2170 seipsum
574 2114 678 2170 opposuit,
700 2114 732 2170 qui
746 2121 786 2156 tum
798 2128 846 2155 eou-

58 2182 122 2225 stituti
133 2197 177 2224 eum
193 2189 272 2235 essent,
294 2196 341 2225 suas
351 2182 372 2224 in
382 2196 418 2224 eos
430 2182 485 2225 vires
496 2182 576 2238 collegit
586 2182 688 2235 Aeacius,
708 2196 732 2224 ac
743 2181 846 2224 turbarum

58 2250 164 2307 plurimum
180 2250 275 2293 concivit.
306 2248 337 2292 lta
354 2251 426 2293 iactum
443 2258 474 2293 est
485 2257 507 2293 ut
517 2265 561 2292 eum
574 2250 595 2292 iu
609 2251 678 2293 eadem
691 2250 765 2307 alioqui
777 2263 847 2292 omnes

59 2319 153 2376 opinione
170 2319 247 2371 forent,
269 2333 309 2360 non
325 2319 395 2361 eodem
412 2327 478 2361 taureu
495 2320 554 2361 modo
569 2319 642 2375 singuli
654 2318 786 2375 professionis
799 2331 848 2361 suae

59 2387 164 2430 formulam
181 2387 321 2443 conciperent,
343 2394 362 2429 et
375 2401 387 2429 a
399 2401 422 2430 se
435 2387 522 2430 invicem
538 2387 666 2430 dissiderent.
697 2385 732 2430 Ex
747 2401 786 2444 qua
797 2386 848 2430 divi·

59 2457 116 2499 sione
132 2456 152 2497 in
170 2463 212 2497 tres
230 2455 286 2508 illas,
309 2469 358 2511 unas
376 2457 435 2498 modo
452 2456 552 2508 diximus,
574 2456 672 2498 factiones
686 2455 777 2497 distracti
793 2462 848 2497 sunt.

60 2522 140 2566 Etenim
153 2523 240 2566 Aeacius
257 2538 302 2565 cum
318 2523 360 2566 suis
378 2537 442 2579 neque
456 2524 645 2566 consubstantialem
657 2523 758 2567 fatebatur
769 2536 815 2565 esse
827 2523 850 2564 li·

60 2591 120 2645 lium,
136 2605 202 2651 neque
215 2599 327 2635 creaturam
339 2606 366 2634 ex
378 2599 490 2635 ceterarum
502 2593 572 2635 ordine
584 2607 608 2634 ae
618 2606 709 2635 numero.
740 2591 768 2634 Et
781 2606 850 2648 quam·

60 2660 91 2702 vis
103 2661 172 2702 eadem
183 2674 227 2702 cum
239 2660 283 2702 aliis
294 2660 405 2712 sentirent,
422 2674 478 2703 suam
489 2668 556 2703 tamen
566 2660 679 2716 opinionem
689 2660 849 2712 dissimulabant,

60 2742 84 2776 ae
100 2728 185 2785 tempori
200 2729 313 2773 servientes
328 2734 432 2771 creaturae
450 2743 522 2772 nomen
539 2729 619 2771 silentio
634 2728 783 2785 praeteribant,
805 2742 850 2770 eum

60 2796 140 2842 interim
152 2797 201 2840 nibil
210 2798 235 2840 ab
247 2797 329 2840 Arianis
343 2796 472 2840 dissiderent.
503 2795 579 2841 Verum
591 2811 626 2854 per
638 2798 686 2840 illud
703 2804 781 2855 tempus
799 2797 851 2853 quod

61 2933 94 2967 τα,
113 2921 159 2959 κατά
175 2934 196 2958 τε
211 2923 246 2959 τῶι
266 2920 323 2960 atinde
341 2920 448 2967 στρατεύσας
466 2935 516 2969 psum
527 2922 607 2964 armavit,
620 2929 638 2957 et
649 2927 683 2957 cett.

62 2972 97 3003 eett
129 2970 216 3003 domarius
235 2979 255 3004 cc
271 2972 320 3004 vebo
337 2970 407 3003 reddidit
423 2972 448 3003 ite
490 2968 506 3024 4.
522 2967 623 3014 cleperent
635 2971 670 3003 ced.
682 2970 749 3011 Rbedr'p.

61 3014 128 3048 Amiano
142 3014 255 3049 Antiocheno.
278 3017 327 3050 Tune
343 3014 369 3048 his
385 3014 446 3048 confir·
491 3014 535 3050 ber
548 3026 578 3049 em.
590 3017 607 3049 in
618 3016 643 3049 ed.
654 3017 709 3049 Peme.
723 3016 777 3048 Geton.
788 3018 836 3056 repet.

61 3061 111 3095 matis
123 3067 182 3095 contra
193 3060 258 3106 ipsum,
270 3060 316 3095 idem
329 3059 399 3095 Aeacius
410 3061 445 3094 sei·

682 3117 716 3164 8,
