1988 3392
242 217 337 252 rnnnnn
348 218 390 252 nra.
403 220 433 253 nr.
445 219 501 254 ron.
511 219 525 252 r.
536 217 606 251 nanu.
615 217 698 251 cxxiv.
822 209 862 250 151

76 297 133 339 celae
147 296 275 352 propaginem
293 298 394 353 capientes
413 306 455 340 tote
472 298 521 340 orbe
536 304 662 354 sparserunt.
693 295 780 338 Veteres
797 304 863 338 antem

76 365 163 407 cultores
173 365 261 408 evulsam
273 374 343 421 suapte
353 366 432 421 pertidia
444 367 581 423 profligarunt.
612 364 649 407 llle
659 372 731 420 gentes
742 380 779 407 sno
791 378 864 406 eruere

76 433 197 485 sanctificat,
218 433 252 476 ille
264 449 299 491 per
315 433 405 490 spiritum
422 442 512 476 sanetum
528 449 577 490 ques
590 434 672 477 vocavit
686 434 710 474 ad
723 446 806 488 regnum
818 447 865 474 cce·

75 503 126 544 teste
136 501 233 557 perducit.
264 501 319 545 Sane
336 506 448 557 quecumque
463 506 523 556 prim
532 512 620 556 agenna
634 505 716 556 spiritu,
734 501 772 543 dee
783 501 821 557 ipsi
833 501 863 542 ri·
873 517 918 546 Rom.
924 518 939 554 s,
947 518 969 546 ta.

76 577 132 612 runt.
163 568 288 626 Quicumque
299 585 396 613 veronen
408 578 501 626 aguntur,
518 572 576 613 morti
585 572 648 613 adbuc
659 569 749 612 attributi
758 569 864 621 animales,

75 638 108 679 vel
123 638 215 680 carnales
232 639 297 695 potius
317 639 449 696 appellantur.
483 637 571 680 Proinde
587 640 653 681 earnis
674 638 774 692 extinguit
794 651 863 693 opera,

75 720 126 762 quae
138 706 278 750 munimentum
291 709 388 765 quoddam
401 715 433 750 est
445 707 534 764 peceati,
556 714 576 749 et
589 707 679 749 membra
689 707 761 748 mortis
771 720 807 748 sua
819 719 865 761 gra-

75 775 102 816 tia
118 776 231 827 mertificat.
263 776 316 819 ldem
336 778 427 833 accipere
443 777 533 833 spiritum
555 784 658 827 sanetum,
683 790 721 831 que
737 774 864 825 carebamus,

75 843 170 900 imperat,
187 845 219 901 qui
231 860 263 888 me
273 847 348 903 pridem
359 852 450 887 enectum
464 844 568 887 revocavit
579 845 602 886 ad
613 845 688 895 vitam,
712 859 770 899 qnem
783 843 821 885 nisi
833 856 866 884 re-

75 928 156 970 cepero,
174 914 257 958 subinde
269 916 351 958 moriar.
382 912 435 956 Nam
447 913 521 970 absque
534 913 577 955 eius
589 914 661 971 spiritu
674 913 757 970 quilibet
768 920 800 956 est
811 927 865 955 mor-

76 991 129 1026 tuus.
161 987 215 1037 Quod
229 989 249 1026 si
260 988 341 1040 spiratus
356 987 397 1025 eires
408 985 493 1026 elenchis
508 991 547 1033 est,
571 987 606 1038 qni
619 986 713 1024 recitauit
725 986 779 1025 illum
791 991 915 1024 emer-Rom·
924 990 938 1030 Β,
947 991 970 1021 rt.

76 1057 124 1103 nias,
141 1055 247 1108 crbpiecbit
255 1057 344 1096 mortalita
355 1068 437 1107 colpam
450 1061 517 1094 nostra
525 1068 563 1107 per
575 1055 712 1095 inhabitantem
723 1056 813 1106 spiritum
823 1056 865 1093 ertu

76 1126 96 1164 in
105 1124 166 1164 nodab.
199 1122 274 1166 Verum
286 1124 345 1166 ambo
354 1124 374 1166 in
385 1123 447 1176 iusto,
463 1130 485 1165 ut
495 1122 578 1179 opiner,
596 1122 692 1174 habitant,
710 1119 803 1165 Christus
812 1122 866 1164 eius-

75 1206 113 1248 que
128 1192 218 1249 spiritus.

133 1259 175 1303 lam
187 1275 236 1304 vero
247 1276 291 1304 enm
304 1259 397 1304 Christus
411 1276 423 1304 a
437 1268 493 1318 patre
506 1261 621 1317 prolectas,
638 1261 687 1302 deus
700 1260 794 1301 videlicet
803 1273 815 1300 a
825 1259 863 1300 deo
877 1260 918 1306 Gap.
929 1264 957 1298 tv.

75 1330 180 1379 credatur,
198 1337 217 1371 et
228 1330 259 1371 dei
270 1330 350 1385 spiritns
363 1345 374 1372 a
387 1328 480 1382 Christo,
503 1336 571 1385 utpote
583 1330 616 1386 qni
628 1329 652 1371 ab
664 1335 748 1383 utroque
760 1328 864 1384 procedit;

74 1398 93 1439 id
108 1399 160 1453 quod
171 1395 264 1439 Christus
276 1399 319 1453 ipse
332 1405 429 1439 testatur:
452 1401 684 1451 Quiupctreproeedit,
705 1397 781 1451 iuquit,
803 1398 864 1436 ethic
877 1397 930 1427 tuam.

896 1434 901 1439 '
921 1435 930 1452 Ἰ

74 1469 98 1505 cle
107 1481 147 1506 meo
160 1469 252 1518 accepiet,
269 1480 353 1520 cumque
367 1463 460 1507 Christus
475 1465 569 1520 espiritu
584 1472 654 1507 saneto
669 1471 727 1505 natus
744 1464 778 1505 sit.
810 1466 865 1515 Quod
882 1434 903 1495 ep
904 1434 961 1504 ’1⁸2⁶st

74 1536 123 1573 enirn
139 1536 160 1573 in
175 1536 217 1586 apsa
230 1542 261 1573 est
273 1536 297 1573 de
308 1536 379 1586 spirim
395 1541 461 1574 saneto
474 1541 540 1573 natum
555 1542 594 1582 est,
619 1540 640 1574 ut
650 1531 715 1588 angeli
728 1531 795 1573 verbis
805 1538 862 1582 utar,
890 1501 948 1571 libbi

16 1634 18 1638 ,
75 1601 192 1657 mysterium
201 1602 249 1643 illud
261 1615 296 1657 per
307 1602 359 1656 qnod
372 1615 415 1642 sum
428 1602 554 1657 redemptus,
571 1602 676 1656 libeatque
689 1600 757 1641 auditu
768 1600 867 1641 duntaxat

75 1669 176 1724 intellige,
194 1677 233 1710 tum
246 1683 314 1711 aniore
325 1683 374 1723 erga
384 1669 438 1710 illum
450 1684 473 1710 ae
485 1669 625 1712 benevolentia
637 1669 669 1724 qui
679 1669 703 1709 ad
715 1682 747 1709 me
758 1681 821 1724 usque
832 1668 866 1708 de-

76 1738 161 1779 seendit.
192 1736 249 1780 Deus
267 1737 319 1779 enim
337 1737 424 1793 seipsum
441 1737 556 1793 cognoscit,
581 1735 674 1780 Christus
691 1750 737 1777 sese
754 1735 864 1793 praedicat,

76 1805 158 1862 spiritns
169 1813 251 1847 sanetus
262 1806 347 1861 denique
360 1806 447 1861 seipsum
461 1805 487 1846 iis
502 1805 535 1861 qni
547 1806 601 1861 digni
612 1813 659 1847 sunt
674 1805 769 1846 ostendit.
799 1803 865 1846 Porro

76 1873 140 1916 saeris
156 1874 175 1915 in
194 1873 258 1916 literis
275 1873 364 1916 nurniata
380 1874 437 1916 nobis
452 1880 484 1917 est
495 1874 580 1930 fideique
596 1881 677 1917 nestrae
693 1872 795 1930 proposita
807 1872 865 1914 trini-

77 1951 118 1997 tas3
135 1944 156 1985 iu
168 1958 206 1999 qua
220 1943 268 1986 nibil
281 1943 382 1986 curiosum
396 1951 437 1995 est,
454 1943 600 1987 contentiosum
612 1943 673 1996 nibil,
687 1957 747 2000 quam
759 1958 786 1986 ex
798 1943 866 1985 audita

77 2021 154 2056 tessera
171 2013 301 2070 symbclcqne
316 2012 383 2054 didici.
415 2011 493 2070 Quippe
510 2028 537 2055 ex
548 2014 591 2070 ipsa
608 2015 645 2056 title
660 2014 738 2069 gratiae
751 2013 818 2066 salus,
841 2029 866 2054 ec
873 2029 969 2064 eman.

71 2085 115 2138 fide
125 2085 211 2132 iustitia,
228 2087 278 2124 citra
290 2085 339 2135 legis
350 2097 419 2135 opera,
443 2083 471 2124 uti
483 2083 577 2139 seriptum
590 2091 632 2135 est,
654 2098 682 2125 ex
695 2083 752 2135 fidei,
774 2065 971 2138 i11quam‚²“³³¹·²‘¹'⁵'

77 2153 145 2195 auditu
157 2152 181 2193 iis
193 2152 225 2208 qui
237 2152 322 2194 salutem
334 2151 424 2193 obtinent
435 2152 517 2209 spiritus
528 2149 603 2194 Christi
614 2152 737 2193 conceditur.
769 2149 865 2194 Ceterum

77 2229 171 2278 quantum
183 2235 195 2262 e
205 2221 349 2278 seripturarum
362 2220 465 2278 disciplina
475 2221 563 2263 iudicare
575 2236 667 2278 pessum,
684 2221 783 2278 generalis
797 2221 831 2262 illa
842 2221 865 2262 li-

78 2292 113 2333 des
125 2304 246 2346 praeccnnm
258 2290 340 2333 vocibus
352 2289 464 2331 declaratur
475 2289 584 2333 eiusmodi:
608 2290 659 2332 Tria
672 2304 718 2332 esse
728 2298 811 2344 saneta,
827 2290 866 2331 tria

79 2359 137 2401 simul
155 2365 238 2411 saneta,
261 2359 300 2400 tria
321 2358 440 2411 existentia,
464 2358 502 2400 tria
520 2359 580 2401 simul
595 2360 715 2411 existentia,
741 2359 780 2401 tria
802 2360 867 2400 lcrma

78 2427 180 2485 praedita,
203 2427 243 2469 tria
260 2429 343 2470 earrde'm
360 2428 443 2468 formam
459 2427 564 2479 babentia,
588 2429 626 2470 tria
638 2428 737 2476 efficacia,
758 2428 796 2470 tria
809 2428 868 2470 simul

78 2495 195 2547 efficientia,
211 2496 249 2538 tria
261 2496 399 2547 subsistentia,
416 2497 454 2538 tria
463 2497 521 2538 simul
533 2497 673 2550 subsistentia,
690 2505 710 2539 et
720 2498 806 2539 invicem
818 2512 866 2538 eon-

77 2566 152 2607 iuneta.
184 2564 251 2619 Atque
262 2579 285 2605 ea
298 2565 375 2605 demum
390 2572 459 2606 saneta
469 2566 547 2607 trinitas
560 2567 670 2622 appellatur
679 2566 700 2607 in
712 2580 750 2620 qua
760 2565 799 2607 tria
809 2573 864 2618 sunt,

77 2657 122 2688 Libri
137 2657 180 2688 caim
193 2664 244 2687 menn
259 2657 323 2687 ceurae·
334 2659 348 2687 et
359 2656 396 2687 edit.
410 2658 461 2697 princ
509 2657 534 2692 17.
548 2656 582 2700 ἐγώ
594 2659 629 2690 eod.
641 2658 707 2698 Rbedtq.

78 2702 134 2734 labem
146 2697 255 2754 ᾆῑῑῑξίεθῖῦς,
266 2697 378 2738 ἆφῑλόνῑῑκῦς·
509 2712 535 2746 18.
549 2712 646 2756 ἐνύπαρκτα
662 2715 729 2754 seipsi,
746 2724 783 2746 euna
796 2715 867 2746 videam

103 2746 128 2778 ¹¹·
141 2756 198 2788 ‘²2⁶0‘ss
209 2747 265 2778 ᾸΜΟΥ·
484 2759 530 2790 codd.
540 2759 577 2790 inas.
587 2762 602 2790 et
611 2761 635 2791 eet.
643 2761 694 2799 princ.
705 2756 795 2802 ἔμπρακτα
804 2760 869 2791 babere.

103 2801 128 2834 12.
140 2799 205 2843 ταύτης
214 2811 244 2840 pru
252 2799 272 2835 δὲ
281 2797 336 2843 αὐτῆς
346 2801 392 2833 babet
402 2803 459 2835 Anam.
483 2805 559 2836 Petaurus
575 2805 625 2835 edidit
641 2801 725 2845 ὑπαρκτὰ.
754 2806 772 2836 tn
788 2806 867 2836 Anecrctc

103 2846 130 2879 13.
142 2844 196 2889 ἔργων
208 2855 238 2878 ern
250 2849 306 2879 rneor.
484 2850 594 2881 desideranter
604 2851 653 2881 verbe
663 2847 702 2891 τρία
712 2867 723 2872 -
730 2866 741 2872 -
752 2846 864 2891 συνύπαρκτα.

104 2900 129 2936 ll·
152 2900 234 2938 διδόσὲαι
253 2905 289 2936 edd.
304 2904 355 2944 princ.
374 2907 389 2936 et
404 2905 460 2938 Petcv.
508 2904 534 2940 19.
549 2907 599 2938 Verba
612 2905 652 2949 epta
666 2902 866 2942 oblectamenta-

78 2951 144 2982 Petcnto
155 2950 239 2981 videbatur
250 2948 323 2984 δέδοται.
484 2954 508 2985 bet
519 2954 575 2984 Ancon.

106 3006 131 3038 15.
143 3002 197 3048 πιστή
209 3007 266 3039 ancer.
507 3008 535 3044 20.
546 3004 559 3052 τῙ
571 3005 613 3054 ἁγία
624 3010 680 3049 Anser,

107 3061 133 3097 16.
145 3059 195 3108 φωνὴ
207 3064 263 3098 tneor.
