1988 3392
260 230 354 264 nauauu
365 230 408 264 nin.
419 231 448 264 ru.
460 229 515 265 Tou.
525 231 538 264 r.
549 229 618 263 nanu.
628 229 710 263 uxxrr.
836 222 879 264 229

27 342 29 344 .
91 311 167 351 careno
177 324 236 363 supro
249 318 322 352 montes
333 313 415 359 uranos,
431 313 457 352 ud
469 314 575 365 aquilonem
585 312 686 351 ascendam
698 324 758 364 supro
768 312 840 360 arabes,
861 318 882 351 et
952 351 957 357 ,

92 392 124 418 ern
134 380 203 419 stiut'b's
214 381 319 420 altissimo:
340 394 391 420 natae
409 393 453 420 nero
463 382 489 419 nd
499 382 571 434 anseres
584 381 697 428 descendes,
720 381 746 419 ad
751 381 880 434 fundamenta

91 454 156 487 terroe
169 453 209 490 eta.

303 605 305 608 v
338 584 458 619 INGlPlUNT
469 585 531 619 anun
545 584 631 619 cattTA.

149 651 166 695 Ι.
184 651 207 696 si
218 654 319 710 ingenitus
332 654 380 696 deus
391 661 457 710 potest
468 654 520 710 quod
533 653 620 709 genitum
632 661 662 696 est
677 653 788 710 ingenitum
802 654 877 696 facere.

149 720 231 765 Cuulut.
247 722 263 765 l.
288 722 381 779 luprimis
398 736 443 764 esse
465 722 537 777 aliquid
556 722 607 778 quod
629 723 677 764 deus
699 724 766 764 lacere
784 729 878 777 nequeat,

89 789 169 846 impium
184 799 215 833 est
230 792 327 847 cogitare.
352 790 378 832 Et
388 791 465 846 quidem
477 790 549 846 aliquid
561 798 592 833 est
602 791 700 832 duntaxat
710 792 762 847 quoal
773 792 830 833 deum
842 791 878 832 mi-

90 859 143 901 nime
154 860 236 912 deeaat3
254 875 293 901 uou
305 859 357 915 quod
368 860 392 901 ad
404 859 452 901 itura
469 858 580 900 laciendum
594 860 642 901 satis
655 860 726 901 virium
744 873 784 901 nou
796 859 876 911 babeat,

90 929 125 969 sed
138 928 189 984 quotl
202 927 289 980 malitia,
305 928 362 970 verbi
372 928 448 982 gratia,
465 928 531 978 deum,
548 927 579 968 eui
593 927 641 968 nihil
652 926 774 983 impossibile
786 932 824 977 est,
841 926 878 969 mi·

90 997 143 1038 uime
159 997 241 1049 deceat3
264 997 350 1052 eoquod
362 997 434 1037 nralunr
452 1010 511 1037 omne
526 995 605 1036 divinae
622 995 676 1036 illins
688 1010 711 1037 ae
728 996 879 1051 potentissimae

89 1065 181 1118 bonitati,
198 1063 275 1121 ipsique
291 1065 341 1106 aleo
356 1065 389 1120 qui
406 1064 469 1105 bouus
486 1071 516 1105 est
531 1063 653 1119 impassibile
668 1063 702 1104 sit.

145 1132 268 1186 Praeterea,
284 1133 302 1175 si
313 1134 364 1189 quod
377 1133 449 1175 latitura
460 1147 483 1174 ae
494 1133 582 1188 genitum
595 1139 626 1173 est
636 1132 746 1188 ingenitum
757 1133 812 1174 redtli
826 1133 878 1175 litato

89 1202 133 1258 ipso
147 1203 219 1243 bouum
233 1202 329 1243 ituliearet
342 1202 402 1252 deus,
424 1215 488 1256 aeque
506 1208 571 1241 tamen
583 1200 636 1241 istud
649 1200 695 1241 boui
713 1200 764 1242 bene
781 1201 878 1257 perlicere

89 1277 168 1327 posset,
191 1277 230 1312 tum
248 1270 325 1312 demum
343 1277 461 1325 praepotens
473 1269 505 1310 ille
516 1269 564 1310 deus
580 1268 656 1309 viribus
670 1269 778 1310 destitutus
791 1283 837 1311 esse
849 1270 878 1311 ri-

90 1339 182 1391 deretur;
206 1339 238 1393 qui
250 1339 301 1393 quod
317 1339 452 1393 praestantius
464 1345 495 1378 est
506 1338 570 1378 moliri
582 1337 664 1392 cupieris
676 1352 798 1393 nequaquam
810 1346 878 1394 posset

89 1407 178 1464 assequi.
209 1405 286 1449 Verum
305 1421 349 1449 eum
366 1413 386 1448 et
404 1407 455 1462 quoal
472 1406 581 1460 ingenitum
596 1412 628 1447 est
645 1405 719 1447 bouum
735 1407 772 1456 sit,
794 1413 814 1447 et
825 1408 877 1462 quot

89 1476 177 1532 genitum
189 1482 221 1517 est
232 1490 269 1517 sno
283 1475 303 1517 in
316 1476 386 1517 ordine
398 1476 450 1516 beue
463 1476 490 1516 sit
501 1475 602 1530 genitum,
619 1476 711 1531 quoniam
722 1475 834 1529 genitarum
845 1490 878 1517 re-

89 1559 132 1588 rum
149 1544 237 1587 conditio
250 1544 302 1587 baua
314 1550 346 1586 εει
355 1550 375 1586 ει
386 1558 396 1585 a
408 1543 460 1585 bono
472 1544 510 1585 deo
522 1544 622 1600 prolaeta,
644 1557 682 1584 nee
694 1543 753 1585 aliter
765 1546 789 1585 ab
799 1558 823 1585 eo
835 1545 877 1601 ipso

88 1614 198 1666 inclinatur,
215 1627 315 1669 uunquam
326 1613 360 1655 ille
371 1615 422 1668 quod
434 1613 535 1669 praeclare
546 1613 634 1669 genitum
646 1621 676 1654 est
688 1613 798 1669 ingenitum
811 1615 878 1657 lacere

89 1684 153 1737 volet3
170 1682 328 1740 quandoquidem
338 1682 365 1724 ita
375 1697 397 1724 se
409 1696 451 1724 rem
463 1682 537 1724 babere
548 1682 621 1724 bonum
632 1696 678 1723 esse
689 1682 740 1724 itlem
750 1682 783 1724 ille
796 1697 877 1739 persua·

88 1766 132 1794 sum
150 1752 216 1794 babet.
252 1750 388 1807 Quamobrem
409 1766 453 1793 eum
469 1751 516 1792 boui
534 1752 621 1793 conditio
637 1751 691 1793 nullo
706 1752 765 1793 modo
780 1759 875 1808 mutetur,

88 1835 128 1863 nou
140 1821 192 1877 quod
203 1821 223 1863 it
233 1821 261 1863 illi
273 1821 395 1877 impossibile
406 1821 443 1872 sit,
466 1820 501 1862 sed
514 1821 566 1875 quod
578 1820 629 1863 bene
642 1821 666 1862 ad
679 1833 724 1862 eum
737 1822 816 1863 motlnm
828 1836 876 1863 aon-

87 1889 156 1932 stituta
168 1890 206 1942 sit,
227 1889 292 1931 bouus
303 1890 370 1945 utique
382 1891 445 1931 laetus
456 1889 531 1930 anullo
543 1889 591 1931 deus
603 1897 646 1941 εει,
669 1889 720 1930 baua
732 1889 808 1941 itidem,
825 1905 876 1945 quae

88 1958 148 2001 abeo
159 1966 206 2001 sunt
217 1959 237 2000 iu
249 1958 319 2000 ordine
330 1973 367 2000 suo
379 1960 439 2010 lerata,
457 1957 535 1998 tametsi
545 1956 629 2012 ingeniti
640 1957 772 2014 appellatione
785 1966 874 2002 careant.

87 2025 134 2070 Nou
147 2027 199 2068 euim
213 2033 291 2068 oreatus
303 2027 351 2068 aeos
364 2025 462 2078 condidit,
478 2032 500 2066 ut
510 2025 594 2066 alterurn
607 2041 651 2068 cunr
664 2027 728 2068 altero
741 2036 875 2084 comparatum

88 2095 220 2152 appellatione
229 2095 272 2151 ipsa
282 2094 391 2151 superioris
403 2109 462 2150 supra
474 2093 588 2136 inferiorem
600 2095 748 2145 excellentiam,
760 2111 812 2151 qnae
822 2097 874 2139 nulla

88 2164 219 2221 appellatione
238 2163 377 2220 eoruprebeutli
395 2170 472 2220 potest,
494 2163 588 2205 obseuret
606 2170 626 2205 ει
643 2163 757 2219 extinguat.
788 2162 841 2206 Nam
857 2166 874 2207 si

88 2234 136 2275 aens
148 2233 199 2275 alter
210 2246 222 2274 a
234 2232 288 2274 nullo
301 2234 364 2275 laetus
377 2233 428 2274 alter
438 2233 501 2274 laetus
515 2240 554 2284 εει,
571 2246 614 2273 eum
626 2233 678 2273 nulla
690 2233 716 2273 sit
728 2232 782 2273 iuter
792 2240 874 2276 naturas

88 2301 212 2355 eommunia,
235 2301 277 2343 lieri
297 2316 337 2343 nou
359 2309 426 2359 potest
445 2308 467 2343 ut
481 2302 589 2343 seeundum
609 2308 699 2343 naturam
721 2302 806 2344 nominis
821 2303 874 2346 illius

88 2371 203 2427 dignitatem
214 2385 338 2412 communem
349 2370 433 2423 habeat,
450 2370 487 2411 uisi
500 2371 552 2411 forte
564 2370 661 2412 abusione
673 2372 755 2426 quadarn
769 2378 789 2412 ει
801 2372 874 2427 gratia,

88 2440 126 2482 boe
137 2446 167 2481 est
178 2439 328 2497 participatione
340 2441 435 2495 quadam,
453 2439 494 2480 lieri
507 2438 583 2480 dicatur
594 2446 616 2480 ut
628 2440 724 2481 eiusmodi
735 2440 832 2482 benetia-‚io
845 2443 875 2482 iu-

88 2510 182 2551 feriorem
200 2509 256 2551 ‹ttres
273 2508 352 2551 afficiat.
382 2507 436 2551 Nam
453 2508 487 2549 ille
503 2507 581 2563 quitlern
594 2508 632 2549 sibi
649 2523 748 2565 nunqnam
764 2509 874 2566 superioris

88 2592 160 2620 nomeu
170 2577 293 2635 imposuerit,
310 2585 332 2619 ut
344 2577 375 2633 qui
387 2592 409 2620 se
421 2577 445 2619 ab
456 2577 490 2620 illa
501 2584 583 2619 naturae
595 2578 691 2633 dignitate
702 2578 874 2635 appellationeque

88 2647 173 2690 alienum
186 2660 268 2704 prorsus
280 2646 384 2700 intelligat.
417 2645 471 2689 Saue
483 2647 542 2698 illud,
564 2648 649 2698 oneri,
672 2648 743 2688 merito
757 2648 791 2689 tibi
803 2648 874 2703 aliquis

88 2716 196 2768 obiecerit,
212 2717 410 2767 transmutantem,
427 2730 500 2771 neque,
517 2714 605 2757 Verbum
617 2715 665 2757 deus
678 2719 749 2759 laetum
761 2725 799 2759 εει.
823 2715 873 2773 Qui·
881 2731 934 2761 [nanu.
940 2732 955 2768 1,
964 2731 977 2762 ι.

88 2799 133 2828 uam
154 2800 203 2828 vero
222 2785 364 2827 nobilissimam
385 2785 535 2840 appellationem
552 2792 622 2826 natura
642 2786 679 2828 sibi
694 2786 813 2838 vindicabit,
840 2795 874 2829 aut

87 2855 206 2911 aequabitur
218 2855 282 2911 patri,
304 2853 379 2909 siquid
392 2854 415 2894 atl
428 2851 504 2896 Christi
517 2854 632 2910 dignitatem
645 2856 766 2897 accesserit?
796 2855 838 2897 Ant
851 2856 874 2897 il-

88 2924 120 2965 lud
136 2937 220 2980 quanam
236 2924 313 2965 ratione
329 2923 425 2979 amputari
442 2923 525 2979 poterit,
541 2927 593 2964 neas
607 2932 661 2974 erat,
684 2939 728 2966 oum
743 2939 796 2977 vox,
812 2927 870 2974 Erat,

112 3039 128 3073 3.
141 3035 220 3080 α’γενειας
232 3040 257 3072 etl.
268 3041 318 3080 prino.

111 3082 127 3122 4-
140 3084 173 3119 mir
186 3087 243 3120 vitium
257 3089 279 3119 est
292 3086 317 3119 ed.
334 3086 389 3120 Petne.
405 3085 459 3119 Coton.
471 3088 520 3127 repet.
