1988 3392
155 188 185 231 90
447 195 654 232 ειοιοτιτοιοιιιοιιι

154 274 182 330 μῆ
197 277 291 331 προςέγοτ
304 281 333 335 τῷ
349 279 371 321 έν
388 279 450 335 σοφίᾳ
467 275 528 331 λόγον
544 273 666 331 κηρύγματι,
688 275 723 318 καὶ
738 271 787 329 μετά
801 277 885 327 πίστεως
900 276 937 333 τῆν

154 342 264 399 ὁμοιότητα
275 347 309 388 καὶ
320 344 364 393 κατ’ι
378 345 449 388 οὐσίαν
459 348 495 386 τοῦ
506 345 553 386 οἱοῦ
564 343 616 398 πρός
626 344 703 400 πατέρα
714 341 831 399 ὁμολογοίη,
847 342 875 394 τίς
886 356 937 398 ψεα-

154 412 251 468 ῦωνάμως
262 414 324 470 λέγων
336 413 371 457 τόν
381 414 456 466 πατέρα
464 411 499 454 καί
510 411 545 455 τόν
557 410 610 463 υἱόν,
625 414 659 455 καὶ
673 411 722 467 μήτε
732 412 808 468 πατέρα
816 412 878 468 λέγων
890 411 935 469 ἀλη-

153 486 209 533 θῶς,
231 482 280 536 μήτε
293 480 349 534 υἱόν,
368 479 418 525 ἀλλά
430 478 510 533 κτιστῆν
526 480 561 523 καί
573 483 656 534 κτίσμα,
676 482 711 524 καί
721 484 843 524 κοινοποιιῦν
855 479 891 535 τῆν
900 488 936 526 τοῦ

153 549 230 606 πατρός
241 552 276 593 καὶ
287 555 323 593 τοῦ
333 552 380 592 οίοῦ
391 550 468 591 ἔννοιαν
482 549 515 591 ἐπὶ
527 552 567 590 τοῖν
579 553 656 591 λοιπῶν
666 547 794 603 ποιημάτων,
814 549 849 592 καί
860 552 937 603 σοφίζε-

154 624 204 661 σθαι
219 620 296 670 θέλων,
321 619 373 659 ῑείτε
387 619 442 675 χρεία
457 614 485 666 οἷς
499 614 521 658 τά
535 620 616 671 πρῶτον
632 616 750 670 ποιημάτων
767 615 792 660 δι’
804 617 879 669 αὐτοῦ,
899 620 937 662 ε’ίτε

153 684 254 745 ὑπερβολῇ
262 691 299 729 τοῦ
309 686 417 741 μεγέθους,
433 685 468 726 καὶ
478 682 528 727 κατά
539 684 601 739 μηθέν
612 682 715 740 ὁμολογοῦν
726 683 763 739 τῆν
774 684 937 740 ε’κκλησιαστικῆν

153 757 219 798 πίστιν
228 754 264 809 τῆν
274 756 303 803 είς
312 754 388 809 πατέρα
401 769 421 795 τε
431 753 466 795 καί
476 751 532 805 υἱόν,
554 749 582 803 τάς
593 751 640 809 παρ’
650 752 663 796 ό
675 752 841 809 2εὐαγγελίσαντο
853 751 907 807 ἡμᾶς
917 756 939 797 οἰ

153 821 260 866 ἀπόστολοι
277 822 344 864 θέλων
361 819 534 878 εὐαγγελίσασθαι,
557 820 651 876 ἀνάθεμα
671 823 727 866 έστω.
762 823 815 874 Καὶ,
835 820 887 865 κατά
901 822 937 866 τόν

153 889 252 947 μακάριον
264 894 358 942 Παῦλον,
373 890 530 947 προειρήκαμεν,
546 891 580 933 καὶ
592 888 637 946 ἀρτι
647 889 707 934 πάλιν
721 891 786 948 3λέγω
801 889 936 946 ἀνειληφότες,

152 960 186 1003 καὶ
198 958 238 1004 4τό
252 959 367 1017 ἀναγκαίως
376 960 451 1015 φαμέν·
481 961 512 1003 Εί
520 977 550 1011 τις
559 958 594 1004 τόν
605 958 670 1014 σοφόν
683 961 747 1015 μόνον
757 959 838 1005 ἀκοῦων
854 960 937 1018 πατέρα,

152 1031 187 1073 καὶ
196 1032 270 1084 σοφίαν
281 1028 317 1074 τόν
328 1035 428 1087 μονογενῆ
437 1028 510 1074 τοῦτον
525 1028 581 1084 νίῦν,
602 1029 675 1074 ταῦτόν
688 1028 738 1074 εἶναι
750 1031 804 1088 λέγοι
815 1028 852 1086 τῆν
863 1034 938 1085 σοφίαν

152 1105 180 1159 τρῖ
191 1099 247 1160 μόνῳ
263 1105 332 1160 σοφῷ,
352 1100 441 1156 ἀναιρῶν
457 1099 480 1144 τό
493 1097 544 1144 εἶναι
557 1098 611 1153 νίίν,
633 1099 727 1155 ἀνάθεμα
740 1101 795 1144 έστω.
825 1102 867 1145 Καὶ
880 1103 900 1145 εἰ
908 1120 938 1154 τις

151 1168 187 1213 τόν
197 1169 262 1223 σοφόν
274 1168 356 1213 άκοάων
365 1172 451 1227 πατέρα,
472 1170 507 1213 καί
517 1172 591 1223 σοφίαν
602 1169 637 1212 τόν
648 1168 695 1213 οἷόν
705 1167 780 1223 αῦτοῦ,
800 1169 898 1226 ἀνόμοιον
908 1172 938 1215 λέ-

152 1257 193 1296 γων
204 1241 238 1282 καὶ
250 1237 293 1283 κατ’
306 1238 377 1283 οῦσίαν
391 1238 427 1294 τῆν
443 1241 517 1293 σοφίαν
531 1243 568 1282 τοῦ
584 1243 651 1291 σοφοῦ
663 1243 726 1291 θεοῦ,
748 1237 776 1290 τίς
790 1238 818 1294 μῆ
830 1241 893 1297 λέγων
903 1239 938 1284 τόν

152 1307 217 1362 σοφόν
232 1314 268 1363 τῆς
282 1311 356 1361 σοφίας
372 1307 454 1363 ἀληθῶς
469 1309 556 1365 πατέρα,
580 1306 673 1362 ἀνάθεμα
687 1309 742 1350 ἔστω.
772 1310 814 1351 Καὶ
829 1311 848 1352 εί
861 1327 891 1360 τις
904 1308 939 1353 τόν

151 1375 202 1421 θεόν
212 1382 265 1421 νοῶν
280 1376 315 1421 τόν
326 1378 412 1433 πατέρα,
432 1376 468 1421 τόν
479 1377 501 1420 ῦέ
514 1379 535 1420 ἕν
544 1376 596 1437 ἀργῇ
611 1376 672 1434 λόγον
687 1394 708 1420 τε
720 1378 755 1420 καὶ
765 1376 827 1432 θεόν,
849 1375 939 1422 5ταάτόν

152 1447 205 1504 λέγοι
215 1445 267 1503 πρός
278 1445 314 1490 τόν
324 1446 374 1490 θεόν
385 1446 445 1504 λόγον
458 1464 478 1490 τε
492 1448 527 1489 καί
544 1445 594 1489 θεόν
610 1444 666 1506 αὐτῷ
677 1451 705 1505 τῷ
716 1451 759 1505 θεῷ
771 1452 799 1505 τῷ
808 1446 860 1505 πρός
871 1447 896 1492 ῦν
905 1447 936 1492 λό-

151 1533 187 1573 γος
196 1532 217 1559 τε
229 1517 279 1559 ὓκαί
292 1514 349 1568 θεός,
366 1514 393 1566 τίς
404 1515 431 1571 μῆ
442 1517 504 1573 λέγω-ν
515 1513 597 1570 άληθοίς
607 1514 660 1568 υίόν,
678 1514 773 1571 ἀνάθεμα
783 1517 839 1560 έστω.
869 1518 911 1560 Καὶ
922 1520 941 1560 εἰ

151 1602 183 1635 τις.
191 1583 226 1627 τόν
237 1590 336 1642 μονογενῆ
347 1584 397 1628 θεόν
410 1585 470 1641 λόγον
483 1584 529 1628 νίόν
541 1583 621 1628 ἀκοάων
635 1588 671 1627 τοῦ
683 1588 745 1637 θεοῦ,
760 1583 812 1641 πρός
822 1585 847 1628 ὃν
857 1584 870 1628 ό
880 1584 940 1642 λόγος

151 1670 172 1696 τε
182 1654 217 1696 καὶ
227 1653 287 1705 θεός,
308 1651 407 1708 ἀνόμοιον
421 1654 475 1709 λέγοι
485 1654 520 1696 καί
531 1651 573 1696 κατ’
586 1651 658 1696 οάσίαν
671 1650 707 1695 τόν
720 1651 770 1696 θεόν
780 1652 840 1710 λόγον
852 1659 889 1697 τοῦ
901 1672 939 1697 πα-

151 1720 214 1777 τρός,
236 1722 272 1765 τόν
284 1720 334 1765 θεόν
349 1727 386 1765 τοῦ
395 1727 447 1764 θεοῦ
456 1724 491 1765 καὶ
505 1721 592 1777 πατρός,
613 1720 665 1776 πρός
676 1720 699 1763 όν
711 1719 723 1764 ό
734 1722 843 1778 μονογενὴς
854 1724 876 1765 έν
887 1722 939 1782 ἀργῆ

151 1785 238 1844 ῆνθεός
253 1789 322 1846 λόγος,
344 1787 372 1840 τίς
383 1789 410 1845 μῆ
421 1792 483 1846 λέγων
499 1790 582 1845 ἀληθῶς
598 1788 654 1841 οἷόν,
675 1789 769 1844 ἀνάθεμα
784 1792 840 1834 ἔστω.
871 1792 942 1834 Καίεί

150 1876 180 1908 τις
191 1858 259 1902 εἰκόνα
270 1857 353 1901 ἀκοῦων
364 1858 399 1901 τόν
410 1858 455 1901 αίόν
465 1863 501 1901 τοῦ
510 1863 562 1902 θεοῦ
572 1864 608 1901 τοῦ
617 1856 708 1913 ἀοράτου
717 1856 790 1901 ταύτόν
801 1860 854 1915 λέγοι
866 1858 903 1914 τῆν
913 1861 938 1902 εί-

151 1927 202 1970 κόνα
215 1932 242 1986 τῷ
259 1932 301 1984 θεῷ
313 1932 342 1984 τῷ
352 1925 444 1985 άοράτφ,
465 1925 493 1976 οἷς
507 1925 535 1981 μῆ
551 1924 655 1981 ὁμολογοῦν
668 1925 752 1980 ἀληθοῦς
767 1925 823 1978 νίόν,
846 1925 939 1981 ἀνάθεμα

152 1997 207 2037 ἔστω,
238 1997 280 2036 Καί
290 1997 309 2037 εί
316 2011 346 2043 τις
357 1993 425 2036 εἰκόνα
440 1992 523 2036 ἀκούων
533 1992 568 2036 τόν
579 1998 677 2049 μονογενῆ
687 1993 733 2037 οἶόν
743 1998 779 2037 τοῦ
790 1992 879 2050 ἀοράτου
888 2000 940 2038 θεοῦ

151 2062 249 2117 ἀνόμοιον
260 2063 314 2118 λέγοι
330 2064 365 2104 καί
380 2060 422 2104 κατ’
437 2060 509 2104 οάσίαν
519 2060 555 2104 τόν
567 2061 623 2112 υἱόν,
646 2061 715 2104 εἰκόνα
731 2060 779 2104 ὅντα
791 2068 828 2104 τοῦ
840 2068 892 2105 θεοῦ
902 2065 939 2106 τοῦ

151 2130 251 2187 ἀοράτου,
273 2125 298 2172 οῦ
315 2128 374 2173 εἰκάν
391 2131 425 2172 καὶ
439 2128 482 2172 κατ’
499 2129 571 2172 οὐσίαν
585 2135 670 2180 νοεῖται,
692 2127 720 2179 οἷς
734 2128 818 2184 ἀληθοῦς
835 2129 863 2185 μῆ
877 2131 940 2186 λέγων

150 2199 207 2253 αἰόν,
223 2198 317 2253 ἀνάθεμα
326 2200 382 2241 έστω.
412 2199 453 2240 Καὶ
465 2200 485 2241 εἰ
495 2216 526 2248 τις
541 2195 622 2241 ἀκοάων
634 2202 671 2240 τοῦ
686 2200 733 2241 υἱοῦ
744 2199 847 2254 λέγοντος,
861 2198 939 2257 Ὣςπερ

151 2267 189 2325 γάρ
202 2265 291 2321 όπατῆρ
303 2269 342 2321 ἔχει
353 2265 405 2321 ζωὴν
418 2269 439 2309 ἕν
451 2267 527 2324 ἑαυτῷ,
542 2264 595 2309 οὕτω
607 2268 641 2309 καί
654 2271 682 2325 τῷ
692 2269 730 2325 υἱῷ
742 2269 817 2310 ὃέὸωκε
826 2266 879 2322 ζωῆν
891 2270 941 2323 ἔχειν

151 2338 256 2395 ἐνέοντρί,
275 2333 349 2378 ταύτόν
359 2335 410 2391 λέγει
420 2333 456 2378 τόν
466 2333 563 2390 εἰληφότα
578 2334 633 2391 παρά
652 2335 777 2392 τοῦπατρὸς
794 2335 831 2392 τῆν
843 2335 940 2393 ζωῆνκαὶ

151 2402 334 2464 όμολογοῦντατό,
356 2403 420 2463 Κάγοί
435 2409 461 2457 ζῶ
473 2402 553 2449 θιάτόν
569 2406 655 2462 πατέρα,
676 2411 704 2465 τῷ
717 2404 825 2460 δεδωκότι,
846 2406 940 2463 ἀνάθεμα

153 2477 163 2493 ’λ
272 2476 277 2491 l
303 2477 312 2494 71
368 2475 373 2492 2
409 2475 414 2489 ί
474 2473 478 2490 λ
505 2473 516 2489 fl

151 2491 207 2519 εστω.
238 2480 279 2518 Και
293 2493 310 2519 ει
321 2493 350 2526 τις
363 2493 443 2520 ακοαων
456 2494 491 2529 το,

513 2478 583 2533 Ωςπερ
598 2473 636 2533 γάρ
648 2473 660 2519 ό
672 2473 737 2533 πατῆρ
750 2474 802 2532 ζαῆν
813 2478 852 2533 ἔχει
863 2479 885 2522 έν
895 2479 940 2522 ἕαυ-

151 2551 191 2605 τῷ,
213 2545 266 2589 οῦτοι
281 2547 316 2588 καί
330 2550 358 2604 τῷ
375 2547 414 2605 vigi
430 2546 493 2589 ἔδωκε
508 2544 560 2601 ζαῆν
577 2547 628 2601 ἔχειν
641 2547 663 2590 έν
679 2547 755 2606 ἑαυτῷ,
776 2545 873 2603 ἀνόμοιον
887 2550 942 2606 λέγοι

152 2614 212 2659 7καί
222 2613 293 2659 οάσίαν
305 2613 340 2658 τόν
354 2614 400 2658 υἱόν
414 2621 442 2676 τῷ
454 2617 527 2672 πατρὶ,
548 2615 731 2673 διαμαρτυρόμενος
744 2616 775 2661 ότι
788 2617 853 2668 οῦτως
864 2619 903 2674 έχει
913 2616 941 2670 οἷς

152 2688 241 2743 είρηκεν,
262 2684 358 2739 ἀνάθεμα
369 2686 425 2729 ἔστω.
456 2683 548 2743 Φανερόν
561 2683 599 2741 γάρ
614 2684 645 2729 ότι
656 2690 692 2741 τῆς
702 2691 754 2741 ζωῆς
765 2692 801 2741 τῆς
812 2689 834 2731 ε’ν
842 2691 871 2746 τῷ
880 2689 941 2743 πατρὶ

152 2755 264 2810 νοουμένης
278 2754 350 2805 οῦσίας
365 2756 520 2810 σημαινομένης,
542 2754 576 2797 καί
594 2758 631 2809 τῆς
646 2759 698 2811 ζωῆς
714 2759 749 2811 τῆς
765 2761 802 2799 τοῦ
817 2761 941 2814 μονογενοῦς

198 2871 238 2904 διε.
251 2872 311 2904 Χ,-
334 2872 348 2904 1.
362 2871 396 2906 εἴτε
412 2871 460 2918 χρείᾳ
475 2874 539 2913 reposui
560 2875 575 2904 ιλ
585 2873 627 2904 ταῦτ’,
652 2872 669 2907 εἰ
677 2884 694 2907 τι
705 2874 740 2907 cod.
752 2873 818 2915 Βασιλίς.

152 2928 171 2951 εκ
183 2919 260 2951 emendat.
278 2919 445 2959 Οονιιοιὶὶοαίοαιιι
456 2924 473 2950 et
484 2917 534 2950 cavil·
581 2916 598 2950 λ,
611 2913 743 2963 εῦηγγελίσαντο
754 2919 788 2952 νοῦ.
801 2920 866 2961 Βλνάίς.

151 2963 183 2996 lari
200 2963 269 3002 volens,
290 2964 326 2996 sive
342 2963 364 2996 ob
381 2963 482 3007 utilitatem,
500 2962 536 2995 sive
582 2962 598 2996 3.
610 2962 680 3008 λέγομεν
690 2966 752 3006 placuit
762 2966 833 2998 Patauio.

152 3008 271 3052 magnitudinis
280 3009 403 3049 excellentiam,
416 3009 488 3054 primum
496 3020 532 3040 esse
578 3004 594 3040 4.
606 3007 625 3043 τό
638 3012 690 3043 unicis
703 3012 764 3043 notauit
775 3012 855 3044 petavius.
878 3013 939 3046 Rescri-

153 3062 266 3094 οιεειαιααπα
277 3059 311 3090 cett.
335 3056 352 3090 εἷ’
360 3066 386 3094 τις
396 3056 446 3103 χρείᾳ
457 3058 491 3089 τοῦ.
502 3056 534 3088 λιιι.
558 3056 626 3088 bendum
637 3057 703 3097 sortasse
714 3054 744 3091 καὶ
756 3054 791 3098 ἔτι,
802 3058 828 3090 vel
838 3055 868 3094 καί
879 3068 909 3093 τοι
