1988 3392
149 197 191 239 326
438 205 521 239 τιαοτι
532 206 650 239 τοιοιιιαιι

149 279 217 332 φωτός
227 297 248 322 τε
259 282 294 322 καὶ
309 282 404 333 σκότους,
428 277 457 323 ὧν
469 282 505 336 μὲν
517 279 543 323 τά
553 279 643 336 όνόματα
660 282 766 336 ἕνηχεῖται,
788 278 814 324 οά
824 279 938 338 μῆνδὲγι-

148 347 219 392 ντίσκει
236 347 294 393 τίτί
312 348 375 405 εἶδος,
397 348 440 394 οὐδ’
459 348 543 403 Μ’ὅλως
559 349 643 396 δύναται
655 347 704 395 αάτό
719 349 850 408 ἑρμηνεῦσαι,
871 349 905 396 διά
915 350 938 398 τό

152 417 242 477 ἀπαρχῆς
255 419 317 465 αὐτόν
328 419 404 476 τυφλόν
414 426 546 479 γεννηθῆναι,
566 423 602 467 καλ
612 421 649 479 τῆν
661 420 770 479 έναλλαγῆν
782 420 867 476 έκάστης
880 422 938 467 παιό-

150 507 210 544 τητος
224 492 335 547 χρωμάτων
349 491 460 546 θῧάγνοεῖ,
481 493 517 534 καὶ
528 490 550 534 τό
566 490 624 541 εἶδος.
647 490 749 534 Ἕκαστον
764 489 803 547 γάρ
815 490 885 533 αάτοῖν
899 495 939 534 τάν

152 557 258 612 ὀνομάτων
265 556 288 599 τό
298 556 418 610 κατάλληλον
429 563 466 612 τῆς
475 561 594 613 διακρίσεως
605 556 658 600 26δι’
667 556 767 613 όρατικῶν
776 557 891 611 αίσθῆσεων
901 558 940 611 ἔχει
972 576 973 579 ’

151 622 189 677 τῆν
205 630 287 680 πεῖραν,
308 623 333 667 οὐ
350 623 390 678 μῆν
407 625 429 667 δὲ
444 624 478 668 διά
491 624 585 681 φράσεως
599 628 628 683 τῷ
642 623 670 679 μῆ
683 622 801 681 γινάσκοντι
813 622 905 682 ἀπαργῆς
916 624 938 668 τό

153 689 207 744 εἶδος
218 691 264 737 οὔτε
274 690 308 737 διά
319 692 458 751 ψηλαφῆσεως
467 694 502 739 καὶ
512 691 568 752 ἀφῆς
577 691 688 752 δυνάμενον
697 696 852 753 δοκιμασθῆναι.
875 693 940 739 Ὅταν

153 768 202 822 γοῦν
220 766 242 807 οἱ
255 761 295 808 ἀπό
310 770 389 822 γενετῆς
404 767 477 820 τυφλοὶ
494 767 539 823 περὶ
555 764 633 809 τοότων
648 765 793 822 διαλεγόμενοι,
814 767 849 809 καὶ
866 763 941 815 εἰδότες

155 833 416 888 Ἢάντιιταρακατατιθέναι
427 833 449 876 τό
462 835 523 887 μέλαν
534 832 585 888 πρός
595 832 618 875 τό
627 832 706 884 λευκόν,
721 835 756 876 καὶ
766 833 789 876 τό
801 832 877 888 χλωρόν
889 831 941 887 πρός

152 898 175 941 τό
185 899 280 952 κυάνεον,
295 902 329 942 καὶ
341 900 460 956 πορφύρεόν
473 906 524 943 Μτε
535 899 637 955 κοκκηρόν
649 916 680 950 τε,
695 902 730 942 καὶ
742 899 767 942 τά
778 899 827 943 ἀλλα
837 898 939 957 χρώματα,

153 968 273 1021 έρωτηθῶσι
289 968 311 1010 δέ
326 967 362 1021 ἀφ’
374 966 433 1023 ῆμοῖν
445 967 481 1023 τῆν
494 967 592 1023 ποιότητα
601 972 638 1010 τοῦ
653 969 720 1020 είδους
734 969 769 1011 καὶ
779 967 803 1012 τό
815 973 885 1027 χρῶμα
895 966 941 1012 έκά-

153 1051 201 1092 στης
217 1035 335 1095 ποιότητος,
357 1036 403 1083 οότε
420 1037 516 1083 δύνανται
533 1041 606 1093 εἰπεῖν,
626 1035 672 1083 οίίτε
688 1036 723 1093 ἀφ’
737 1037 795 1095 ῆμῶν
811 1042 941 1096 διδαχθῆναι,

154 1106 218 1162 μόνον
235 1108 257 1150 δέ
273 1106 307 1152 διά
321 1108 383 1164 λόγου
400 1112 538 1152 29πείθουσιν
550 1110 626 1151 ἑαυτῶν
641 1107 677 1163 τῆν
692 1108 793 1160 διάνοιαν,
814 1108 905 1151 ἀπατῶσι
916 1109 938 1150 δὲ

154 1174 202 1224 τούς
216 1174 339 1226 ἀκούοντας,
361 1174 389 1223 αἱς
405 1176 480 1225 εἰδότες
494 1177 567 1217 τέλειον
577 1177 622 1230 περὶ
637 1180 673 1229 τῆς
684 1178 811 1230 διακρίσεως,
832 1174 870 1218 κάν
882 1191 903 1216 τε
913 1179 941 1231 τῷ

153 1241 205 1300 λόγῳ
216 1242 297 1297 λέγωσι,
318 1241 355 1297 τῆν
370 1241 470 1298 ἀγνωσίαν
485 1241 519 1284 διά
530 1246 565 1301 τῆς
577 1242 717 1296 ἀκαταληψίας
728 1242 850 1297 κεκτημένοι.
881 1241 941 1285 Οὕτω

153 1311 188 1353 καὶ
198 1303 258 1361 οὗτος
267 1308 311 1366 ῆιιει
321 1308 369 1367 ῆμῖν
379 1312 440 1370 λέγων
450 1311 497 1370 περὶ
507 1315 569 1366 θεοῦ,
591 1311 626 1356 καὶ
639 1313 753 1369 έπιφημίζει
768 1312 804 1368 μὲν
818 1316 941 1369 σκωπτηλοῖς

154 1386 190 1437 τῆς
202 1381 277 1425 ἀλάλου
287 1383 323 1426 καλ
331 1388 404 1439 κωφῆς
414 1383 449 1427 καὶ
458 1388 535 1438 τνφλῆς
545 1384 651 1440 παρθένου
662 1382 699 1439 τῆν
710 1381 803 1440 φθοράν,
819 1381 881 1434 αάτός
890 1382 942 1426 κατά

154 1450 191 1505 τῆν
204 1452 268 1494 αὐτοῦ
282 1455 410 1505 βλασφημίαν
426 1453 571 1507 πεφθαρμένος
588 1457 674 1504 μᾶλλον,
693 1453 729 1493 καλ
742 1450 779 1505 τῆν
795 1450 896 1506 ἀγνωσίαν
914 1449 942 1500 ὥς

156 1518 197 1560 ἀπό
214 1523 295 1573 γενετῆς
309 1518 411 1571 τύφλωσιν
429 1520 561 1572 κεκτημένος,
580 1520 641 1573 λέγων
653 1519 689 1572 μέν
702 1520 749 1573 περὶ
761 1523 822 1568 θεοῦ,
842 1517 909 1574 λόγοις
920 1518 942 1559 δὲ

156 1585 281 1637 ἀπεικάζων,
300 1585 371 1628 λοιπόν
384 1586 405 1628 δὲ
421 1587 455 1628 καὶ
468 1588 496 1636 είς
511 1584 650 1641 ἀναισχυντίαν
666 1584 714 1636 τούς
726 1584 760 1628 ἀπ’
774 1585 838 1629 αὐτοῦ
851 1590 943 1642 μεμαθη-

156 1655 263 1711 τευμένονς
277 1652 438 1714 παρασκευάσας.

214 1795 280 1838 Οὐδέν
291 1795 329 1852 γάρ
340 1794 409 1845 αὐτοῖς
422 1795 539 1849 ἀτόλμητον,
569 1799 714 1848 Βλασφημοῦσι
730 1795 766 1848 μὲν
780 1790 818 1837 οάν
833 1799 944 1850 προφητῶν

74 1879 108 1908 pag.
118 1872 148 1900 σοι.
158 1860 247 1916 όνόματα
258 1864 293 1904 καὶ
304 1861 427 1914 ἀποστόλων,
443 1862 491 1904 όταν
503 1860 624 1917 ἐλεγχόμενοι
633 1859 676 1903 ἀπό
686 1878 747 1903 τινων
759 1859 943 1913 30ῆποτιιάζωνται,

157 1927 221 1979 εάθός
237 1930 409 1986 Ὴάποτρέγοντες
426 1931 460 1971 καὶ
471 1927 617 1983 ἀποπηδῶντες
629 1929 663 1971 καὶ
673 1930 772 1987 λέγοντες,
796 1933 859 1974 Τοῦτο
871 1926 883 1973 ό
893 1928 944 1973 ἀπό-

157 2004 226 2050 στολος
238 1996 266 2051 οἷς
277 1997 388 2056 άνθρωπος
400 2000 451 2056 έφη,
473 1997 541 2043 άλλοτε
555 1999 588 2053 δὲ,
611 2003 634 2044 Τί
645 2018 681 2056 μοι
693 2000 761 2057 φέρεις
775 1998 800 2044 τά
811 2005 847 2056 τῆς
859 2005 945 2053 παλαιᾶς

158 2069 271 2126 διαθήκης,-
303 2069 346 2114 Οάκ
363 2072 404 2113 έστι
418 2071 440 2114 δέ
452 2067 573 2125 θαυμαστόν
585 2068 636 2112 κατά
650 2068 674 2112 τά
687 2068 728 2113 άπό
741 2075 777 2113 τοῦ
790 2075 881 2126 σωτῆρος
892 2071 945 2127 είρη-

158 2141 208 2193 μένα
223 2139 265 2190 ότι,
286 2141 316 2181 Εἰ
331 2138 366 2181 τόν
381 2138 527 2190 οἰκοδεσπότην
541 2136 658 2190 Βεελζεβοάλ
673 2138 778 2188 έκάλεσαν,
799 2138 857 2194 πόσῳ
871 2143 945 2192 μᾶλλον

157 2205 205 2254 νοός
216 2205 330 2254 οίκειακοάς
343 2205 417 2255 αότοῦ,
447 2207 477 2246 Εἰ
487 2209 537 2259 γοῦν
552 2203 614 2245 αὐτόν
626 2203 662 2245 τόν
672 2203 743 2259 κόριον
752 2205 787 2246 καὶ
798 2203 835 2258 τῆν
845 2203 945 2258 ἀληθινῆν

157 2272 221 2315 αὐτοῦ
232 2272 294 2324 δόξαν
304 2270 422 2330 ἀρνοῦνται,
442 2273 500 2331 πόσῳ
510 2287 531 2328 γε
541 2275 614 2326 μᾶλλον
624 2271 730 2329 προφήτας
742 2271 836 2316 3ῑαάτοῦ
848 2273 884 2317 καλ
894 2269 945 2317 ἀπο-

159 2342 251 2397 στόλοαςς
275 2340 322 2387 Ἔτι
337 2343 358 2388 δέ
370 2344 398 2395 εἷς
407 2343 549 2401 περισσοτέραν
564 2345 638 2399 μανίαν
648 2341 745 2400 ἀρθέντες
756 2346 777 2389 οἱ
790 2342 826 2388 ἀπ’
837 2344 901 2389 αὐτοῦ
913 2363 946 2401 με·

160 2416 320 2469 μαθητενμένοι,
341 2416 376 2457 καλ
387 2412 400 2458 ό
409 2413 485 2457 τούτων
497 2412 592 2467 διάδοχος
607 2411 711 2468 Εάνόμιός
722 2432 753 2465 τις
763 2415 899 2470 ψευδονόμως
910 2433 945 2458 κα-

159 2483 265 2537 λούμενος,
287 2484 316 2526 έτι
331 2484 366 2526 καὶ
385 2486 445 2537 δεῦρο
461 2481 536 2537 περιων
550 2486 579 2538 τῷ
594 2484 642 2539 βίῳ,
666 2484 716 2539 μέγα
734 2482 829 2526 33κακόν
846 2482 945 2537 τόλμημα

160 2551 286 2602 ἀναβαπτίζει
302 2551 340 2605 γάρ
354 2550 402 2598 τοῆς
416 2549 456 2603 ῆδη
471 2549 629 2603 βαπτισθέντος,
650 2548 675 2590 οά
692 2549 757 2603 μόνον
768 2549 815 2599 τοάς
826 2548 867 2591 ἀπό
882 2550 945 2605 ὄρθο-

160 2616 226 2667 δόξωυ
236 2616 288 2674 πρός
297 2616 359 2660 αὐτόν
371 2618 498 2674 ἐρχομένους,
512 2616 548 2658 καὶ
558 2615 659 2672 αἱρέσεων,
675 2616 723 2660 ἀλλά
734 2618 769 2661 καὶ
777 2616 825 2669 τούς
834 2615 868 2662 ἀπ’
878 2617 946 2662 αὐτῶν

182 2734 211 2772 24.
223 2732 263 2778 δλος
272 2739 330 2771 vitium
341 2741 363 2771 ast
373 2740 409 2772 εδίλ.
419 2740 474 2772 Ρειου.
488 2738 541 2770 Colon-
565 2735 618 2773 θέντα.

160 2789 209 2827 repet.
587 2785 614 2818 ’λά
626 2786 660 2818 Hoc
671 2796 691 2819 τε
700 2786 774 2818 cancellis
782 2787 844 2818 notavit
853 2787 933 2819 Ρελανίιιε.

183 2832 211 2864 25.
223 2829 289 2874 ἀγνοεῖν
302 2832 339 2862 libri
350 2840 407 2863 οιιιαιε.
588 2828 616 2862 29.
627 2832 673 2863 Libri
687 2833 734 2871 ναλρο
749 2829 837 2864 πείθωσιν.
858 2832 892 2863 Pro
907 2829 947 2864 ἐαυ-

183 2875 211 2909 26.
219 2875 241 2911 δι’
250 2873 334 2919 δρατικῶν
343 2877 446 2908 emendarunt
456 2876 544 2907 Carnarius
565 2873 599 2908 τῶν
609 2877 627 2907 ιιι
637 2877 671 2907 cod.
684 2876 750 2914 Rhedn'y.
762 2878 805 2906 ταλαί
815 2871 876 2908 αὐτῶν,

161 2923 196 2964 (qui
205 2924 251 2953 vertit
263 2932 292 2963 per
301 2930 368 2950 sensum
377 2920 429 2961 visus]
440 2924 454 2951 et
460 2921 543 2957 Petavius,
588 2918 615 2950 30.
632 2917 759 2957 ιλποπιάζωνται
776 2919 811 2949 cod.
828 2920 860 2950 λιιι,
877 2922 892 2950 εί
908 2920 946 2951 edit.

157 2968 247 3007 postulante
257 2966 339 2997 sententia.
356 2964 455 3007 διορατικῶν
465 2965 543 2996 librorum
564 2965 614 3004 μυῖαν.
631 2961 805 3003 δτυιτικίζωνταιαοδ.
815 2964 882 3005 Ηλεδίρ.
899 2960 947 2997 ἀτω-

160 3013 261 3052 υνλραιιιειι
273 3012 357 3050 scriptura.
564 3006 658 3050 σιάζωνται
678 3010 714 3043 edit.
732 3010 799 3043 Ριλαοίί.
831 3006 947 3053 δαοιαέζανται

183 3057 211 3094 ’λλ
224 3058 274 3102 Vulgo
282 3058 337 3092 vitiose
348 3058 404 3103 λεςιλια
413 3052 543 3104 ἀντιταμακατι·
565 3056 604 3107 (αι)
621 3060 686 3094 coniecit
695 3058 776 3094 Ριιονίατ.
805 3059 848 3103 Quid
859 3060 947 3095 comorius
