1988 3392
142 212 184 256 208
429 222 511 257 ειοιοτι
522 223 638 257 εειεειιιιιι

142 305 182 343 τῦν
196 301 224 351 είς
237 298 290 355 ἡμᾶς
303 302 323 345 έν
334 301 420 359 άληθείμ
434 303 568 356 σωτηριωδῦς
578 303 601 345 ἐκ
610 307 662 345 θεοῦ
671 299 705 345 διά
716 306 756 345 τῶν
767 300 884 346 ἀποστόλων
894 320 925 347 κε-

56 386 93 416 γας.
101 379 133 408 κιο.
142 369 279 425 κηρυγμένων.
310 372 437 422 Καταλείψας
447 369 470 410 δέ
483 367 494 411 ό
506 369 568 421 αῦτός
578 368 692 425 Ἀνόμοιος,
712 370 747 412 καὶ
759 371 780 413 οἷ
791 372 811 420 ἐξ
820 368 882 413 αὐτοῦ
894 388 926 427 γε-

142 435 231 493 γονότες,
253 436 291 492 τήν
302 436 350 480 όδόυ
365 441 401 490 τῆς
416 434 512 490 άληθείας
526 436 650 494 ἐτράπησαν,
672 442 740 487 κακῶς
748 436 784 487 τδς
793 442 845 480 θεοῦ
857 436 926 494 ῥήσεις

143 504 302 559 ἐπινενοηκότες,
324 506 358 547 καὶ
376 502 447 546 λοιπόν
462 506 490 554 εἰς
504 505 646 561 διαλογισμοῦς
660 507 695 548 καὶ
706 507 735 555 είς
746 504 840 560 διαλογυῖς
855 506 926 564 λέξεων

141 575 313 630 παρεκτρέψαντες
330 571 365 615 τόν
382 576 432 615 νοῦν
452 570 586 628 άπεπήδησαν
602 578 638 628 τῆς
653 573 761 628 άληθείας,
782 574 817 616 καὶ
835 573 926 624 ἐξέπεσον
956 604 957 607 =

141 646 181 684 τῶν
193 643 322 699 ἐπουρανίων.
354 644 415 683 Πᾶσα
430 639 468 698 γάρ
484 641 535 692 λέξις
550 641 620 698 ἐλέγξει
635 640 720 695 αὐτοῦς,
742 640 794 686 3έόιν
806 643 880 685 θέλωσι
891 640 926 686 τόν

143 711 218 756 έαυτιῦυ
235 716 284 755 νοῦν
300 713 373 755 δοῦναι
389 712 417 762 είς
432 708 587 767 φωτισμόντοῦ
603 709 722 770 εὐαγγελίου.
754 709 853 768 Οῦδαμοῦ
863 710 926 771 γόρό

143 780 251 840 μονογενὴς
261 782 323 840 λέγει,
338 783 372 825 καί
381 784 412 825 τοί
422 798 443 839 γε
455 782 476 826 έν
486 783 545 839 σαρκὶ
558 782 726 840 παραγενόμενος,
742 782 780 836 ότι,
794 781 818 826 Ὅ
825 785 894 833 κτίσας
903 800 927 839 με

143 850 209 909 πατήρ
225 849 333 895 άπέσιαλκέ
348 868 383 907 με,
404 849 452 895 οόδέ
464 849 475 895 ό
488 851 571 909 4πατήρ
583 870 624 896 που
636 853 657 896 ἐν
669 857 697 912 τῷ
708 850 814 912 εὐαγγελίῳ
829 853 925 908 διελέχθη,

142 921 190 964 οῦδὲ
201 923 222 965 έν
231 925 307 980 παλαιᾷ
320 920 422 981 διαθήκη,
438 920 479 974 ότι,
489 919 572 965 ’Έκτισα
585 920 634 976 ῦμῖν
643 921 678 965 τόν
689 921 745 974 υἱόν,
760 921 813 974 ἀλλ’,
827 920 850 964 ‘0
860 921 925 978 πατήρ

142 1005 165 1044 με
177 989 287 1043 ίιπέστειλε,
307 992 353 1043 καὶ,
372 988 407 1032 Ἐκ
418 995 455 1032 τοῦ
468 989 544 1047 πατρός
555 992 651 1045 ἐξῆλθον,
672 991 707 1033 καὶ
722 990 777 1045 ἥκω,
797 991 842 1042 καὶ,
861 988 885 1032 Ὁ
898 988 927 1033 τόν

142 1059 171 1106 εἰς
181 1056 216 1100 τόν
227 1057 303 1101 κόλπον
314 1063 351 1100 τοῦ
362 1056 443 1113 πατρός.
473 1059 524 1109 Καὶ,
544 1055 567 1099 ‘0
583 1056 642 1113 λόγος
653 1053 679 1112 ἦν
694 1057 746 1114 πρός
763 1056 798 1100 τόν
810 1056 871 1110 θεόν,
891 1059 926 1100 καὶ

141 1123 191 1174 θεός
200 1120 227 1179 ἦν
237 1123 248 1168 ό
258 1125 322 1181 λόγος.
353 1127 394 1167 Καὶ
408 1122 470 1166 πολλά
487 1126 527 1167 έσιι
545 1126 590 1180 περὶ
604 1130 640 1179 της
652 1123 710 1179 ἡμῶν
719 1128 818 1181 σωτηρίας
828 1129 926 1179 κατανοῆ-

143 1206 188 1246 σαι,
202 1193 237 1235 καὶ
252 1191 280 1247 μη
291 1192 452 1250 συναρπάζεσθαι
464 1190 505 1235 οἷπό
516 1196 552 1246 τῆς
565 1196 602 1235 τοῦ
615 1192 712 1246 διαβόλου
724 1192 796 1236 τοότου
807 1195 926 1248 κυβευτικὴς

142 1262 275 1310 διδασκαλίας.
305 1258 327 1303 Ὁ
341 1259 379 1317 γάρ
397 1258 490 1314 διάβολος
505 1258 628 1315 βουλόμενος
644 1258 741 1303 ιἰπολέσαι
757 1259 779 1304 τό
790 1265 833 1304 νῦν
845 1259 926 1319 άνθροί·

141 1347 187 1379 πων
196 1330 263 1388 γένος,
283 1328 357 1391 φθόνῳ
375 1328 507 1387 κατεχόμενος
518 1327 570 1388 πρός
579 1327 616 1386 την
627 1334 663 1375 τοῦ
674 1328 787 1390 άνθράπου
797 1329 869 1385 δόξαν,
889 1349 926 1387 μη-

141 1399 203 1459 γανός
215 1399 308 1457 ε’πενόησε
321 1401 442 1460 διαφόρους,
457 1399 479 1445 τό
488 1405 568 1458 πρῶτον
579 1401 615 1457 μὲν
627 1400 661 1446 διό
672 1406 707 1458 τῆς
717 1401 808 1460 άγνοίας,
823 1400 846 1446 τό
857 1401 925 1445 δεῦτε-

143 1489 180 1528 ρον
195 1472 217 1515 δέ
229 1470 263 1515 διό
278 1476 314 1526 τῆς
329 1473 500 1529 είδωλολατρείας,
524 1469 591 1514 όίλλοτε
602 1471 624 1514 δὲ
634 1470 668 1515 διό
679 1474 825 1529 κακοτροπίας,
846 1472 892 1515 νυνὶ
904 1472 926 1515 δὲ

143 1539 254 1597 είςόστερον
266 1539 300 1584 διό
314 1545 350 1596 τῆς
361 1539 437 1596 πλάνης
450 1542 484 1584 καὶ
493 1538 572 1595 άπάτης
582 1545 622 1583 νῦν
632 1541 735 1598 αἱρέσεων·
755 1543 790 1584 ’ίνα
799 1540 926 1597 πανταχόθεν

143 1610 274 1669 καταστρέψῃ,
285 1608 321 1652 τόν
335 1608 447 1667 άνθρωπον
461 1607 502 1653 άπό
517 1613 558 1653 τῶν
573 1610 706 1667 ἐπουρανίων.

203 1678 263 1721 Πόσα
278 1673 315 1721 οῦν
326 1678 400 1733 ίσχόσει
415 1676 486 1728 όνοῦς
498 1683 534 1732 τῆς
548 1676 606 1732 ἡμῶν
621 1676 746 1734 μετριότητος
759 1679 822 1720 εἰπεῖν
834 1677 886 1734 πρός
896 1678 924 1730 σὲ,

144 1740 161 1789 τό
167 1744 271 1799 ’Λνόμοιες
302 1749 374 1795 Καλῶς
384 1744 422 1802 γάρ
431 1745 538 1800 Ἀνόμοιος
549 1743 657 1801 τυγχάνεις,
673 1742 685 1787 ό
696 1746 730 1787 καὶ
742 1743 783 1787 ἆπό
793 1748 832 1787 τῶν
844 1744 925 1802 όινθρυί-

143 1830 188 1857 πων
205 1811 253 1862 τοῦς
266 1811 364 1869 τρόπους,
386 1814 421 1855 καὶ
433 1813 471 1867 τὴν
483 1811 574 1855 διάνοιαν
586 1813 725 1869 παρεκτρέψας
739 1817 778 1854 τῶν
792 1811 828 1866 την
845 1812 925 1855 σύνεσιν

143 1886 180 1924 τοῦ
188 1885 241 1923 θεοῦ
251 1881 387 1936 κεκτημένων,
403 1881 438 1923 καλ
446 1879 483 1935 τὴν
493 1882 560 1923 πίστιν
570 1878 656 1934 ἐχόντων
666 1883 701 1934 τῆς
712 1879 813 1934 ἀληθείας.
845 1877 876 1923 Οῦ
885 1877 924 1937 γάρ

143 1951 172 2000 εἰς
184 1948 264 2006 ἀγαθόν
276 1949 385 2006 προκόψας
397 1947 493 2004 όυόμοιος
502 1950 585 2007 γέγονας
595 1945 724 2006 οἷνθροόποις,
740 1944 781 1991 ἄλλ’
794 1950 816 1992 ἐκ
827 1951 863 2004 τῆς
873 1945 924 1993 όδοῦ

142 2024 178 2076 τῆς
194 2016 290 2076 άληθείας
304 2020 447 2078 παρεκκλίυας,
467 2016 562 2076 ἀνόμοιος
576 2018 645 2077 ἐγένου
661 2022 701 2063 τῶν
714 2020 764 2063 υίιῦν
774 2023 811 2076 τῆς
822 2022 859 2063 τοῦ
871 2023 924 2065 θεοῦ

143 2092 256 2147 ἐκκλησίας,
275 2089 378 2149 πρόφασιν
394 2088 460 2147 λαβιόν
475 2088 511 2134 τόν
527 2088 572 2134 υίδν
587 2094 624 2133 τοῦ
638 2094 689 2134 θεοῦ
701 2088 736 2134 τόν
748 2088 799 2134 κατά
811 2088 847 2134 τόν
859 2090 923 2135 αὐτοῦ

143 2162 218 2217 πατέρα
229 2159 288 2214 όυτα,
308 2161 343 2205 καὶ
352 2159 449 2215 ἀνόμοιον
460 2161 519 2217 πατρί
529 2160 601 2216 λέγων,
621 2157 646 2202 σῦ
656 2157 753 2215 άνόμοιος
764 2160 857 2217 γέγονας,
878 2165 924 2215 κλη-

144 2231 218 2288 ρωθεὶς
232 2234 291 2274 τοῦτο
306 2228 329 2273 τό
345 2227 418 2285 όνομα,
437 2229 508 2284 μηκέτι
522 2226 592 2283 όμοιος
606 2225 702 2286 ῦπάργωυ
716 2232 756 2272 νῦν
770 2229 792 2271 ἐν
805 2232 849 2288 θεῷ
863 2233 924 2281 σωζο-

144 2301 215 2356 μένων.

193 2366 239 2410 ’Ίνα
254 2367 276 2409 δὲ
294 2365 321 2421 μή
338 2367 385 2422 περὶ
402 2364 438 2414 τός
455 2363 518 2408 αὐτοῦ
535 2365 623 2420 ζητήσεις
640 2364 807 2420 κατατριβόμενος
823 2363 923 2409 άναλίσκω

145 2435 245 2492 1γρόνον,
260 2433 294 2488 εἶφ’
308 2430 337 2477 οῦν
347 2435 417 2485 λέξεων
429 2432 491 2484 αῦτός
502 2431 632 2489 ῦφηγήσατο,
647 2435 773 2483 διαλεκτικῶς
783 2432 866 2489 γράφων
877 2435 923 2486 τισὶ,

144 2506 193 2559 φέρε
208 2502 233 2545 τά
248 2500 291 2545 κατ’
304 2500 365 2544 ου’τόν
378 2502 511 2557 διελέγξομεν.
535 2499 608 2550 Ἔδοξε
625 2498 663 2556 γάρ
677 2500 802 2553 διαλεκτικήν
815 2517 860 2543 τινα
873 2499 923 2543 ῦπο-

144 2574 223 2623 φαίνειν
240 2568 317 2624 πλάνην
331 2571 352 2612 ἐν
368 2569 423 2627 αῦτῷ
439 2571 467 2627 τῷ
483 2567 546 2611 αὐτοῦ
561 2566 690 2623 συντάγματι,
710 2569 737 2626 τῷ
754 2565 797 2610 οὐδ’
813 2568 848 2610 ἕνα
864 2566 925 2625 λόγον

60 2649 135 2688 γυμναί,
145 2639 210 2693 έχονιι
222 2641 305 2688 πίστεως
315 2642 351 2692 της
366 2634 512 2691 2οἰᾳιελωτάτης
523 2637 559 2679 καὶ
571 2633 724 2692 όικεραιοτότης,
744 2636 778 2678 καλ
792 2637 813 2679 ἒν
829 2634 925 2690 πνεόματι

144 2705 194 2769 όγίηι
209 2707 244 2751 καὶ
255 2704 314 2766 πράῳ
325 2707 479 2764 κεκοσμημένης.
502 2704 565 2749 ’Όλον
576 2705 598 2749 δὲ
613 2704 681 2750 διόλου
693 2703 715 2749 τό
727 2707 802 2750 δοκοῦν
813 2702 876 2750 αότοῦ
888 2722 925 2750 πο·

143 2777 241 2836 νημάτιου
251 2777 274 2822 τό
285 2779 312 2830 είς
322 2775 375 2834 ἡμᾶς
386 2776 447 2824 ἐλθόν
457 2779 478 2822 έν
488 2775 575 2836 πράτοις
587 2777 688 2831 κατέταξα,
703 2778 738 2835 ἵνα
749 2774 782 2820 ἄπ’
793 2775 856 2822 αῦτοῦ
868 2794 925 2833 ποιη·

144 2850 228 2907 κείμεθα
242 2847 294 2907 πρός
309 2847 369 2894 αῦιόν
383 2847 420 2906 τόν
434 2847 506 2904 λοιπὴν
521 2845 636 2905 άνατροπην
650 2852 686 2903 τῆς
700 2848 809 2899 διαλέξεως.

167 2989 390 3033 3.καλέἀιοοό.1ἰλειλι“ρ.
570 2989 675 3023 θιν.Χ.-
699 2988 715 3022 1.
726 2984 797 3034 χρόνον
809 2989 887 3025 editorum
902 2990 925 3022 ιιι

167 3034 184 3070 4.
197 3035 253 3080 πατὴρ
268 3039 304 3072 τοῦ.
320 3037 387 3078 Ηλειλιμ,
411 3034 470 3080 σωτήρ
487 3036 522 3069 τοῦ.
545 3037 606 3069 vitium.

143 3084 175 3118 len.
188 3086 202 3116 ει
213 3084 255 3116 aditi.
278 3085 299 3117 λι
312 3085 397 3117 Carnarius
412 3088 462 3127 pater
472 3083 522 3115 vertit.
568 3081 584 3115 2.
598 3079 711 3123 Reponendum
722 3075 846 3123 οἷφελεοτοὶτης.
