<?xml version="1.0" encoding="UTF-8"?>
<!DOCTYPE html PUBLIC "-//W3C//DTD XHTML 1.0 Transitional//EN"
    "http://www.w3.org/TR/xhtml1/DTD/xhtml1-transitional.dtd">
<html xmlns="http://www.w3.org/1999/xhtml" xml:lang="en" lang="en">
 <head>
  <title>
</title>
<meta http-equiv="Content-Type" content="text/html;charset=utf-8" />
  <meta name='ocr-system' content='tesseract 3.04.00' />
  <meta name='ocr-capabilities' content='ocr_page ocr_carea ocr_par ocr_line ocrx_word'/>
</head>
<body>
  <div class='ocr_page' id='page_1' title='image "./MN41650ucmf_1/MN41650ucmf_1_0483.png"; bbox 0 0 1988 3392; ppageno 0'>
   <div class='ocr_carea' id='block_1_1' title="bbox 227 232 848 276">
    <p class='ocr_par' dir='ltr' id='par_1_1' title="bbox 227 232 848 276">
     <span class='ocr_line' id='line_1_1' title="bbox 227 232 848 276; baseline -0.005 -1"><span class='ocrx_word' id='word_1_1' title='bbox 227 240 321 275; x_wconf 75' lang='lat' dir='ltr'>raanan</span> <span class='ocrx_word' id='word_1_2' title='bbox 331 240 413 275; x_wconf 67' lang='lat' dir='ltr'>Linon.</span> <span class='ocrx_word' id='word_1_3' title='bbox 424 242 480 276; x_wconf 80' lang='lat' dir='ltr'>nom.</span> <span class='ocrx_word' id='word_1_4' title='bbox 492 243 513 275; x_wconf 92' lang='lat' dir='ltr'>n.</span> <span class='ocrx_word' id='word_1_5' title='bbox 525 240 594 274; x_wconf 80' lang='lat' dir='ltr'>naun.</span> <span class='ocrx_word' id='word_1_6' title='bbox 602 240 686 273; x_wconf 69' lang='lat' dir='ltr'>dxxix.</span> <span class='ocrx_word' id='word_1_7' title='bbox 808 232 848 273; x_wconf 83' lang='grc'>461</span> 
     </span>
    </p>
   </div>
   <div class='ocr_carea' id='block_1_2' title="bbox 66 321 955 2992">
    <p class='ocr_par' dir='ltr' id='par_1_2' title="bbox 66 321 954 512">
     <span class='ocr_line' id='line_1_2' title="bbox 66 321 851 378; baseline -0.006 -11"><span class='ocrx_word' id='word_1_8' title='bbox 66 322 94 367; x_wconf 92' lang='lat' dir='ltr'>uti</span> <span class='ocrx_word' id='word_1_9' title='bbox 107 322 254 378; x_wconf 87' lang='lat' dir='ltr'>scriptumest,</span> <span class='ocrx_word' id='word_1_10' title='bbox 277 336 301 363; x_wconf 88' lang='lat' dir='ltr'>ac</span> <span class='ocrx_word' id='word_1_11' title='bbox 313 321 362 363; x_wconf 80' lang='lat' dir='ltr'>cibis</span> <span class='ocrx_word' id='word_1_12' title='bbox 379 322 443 378; x_wconf 81' lang='lat' dir='ltr'>impiis</span> <span class='ocrx_word' id='word_1_13' title='bbox 460 330 580 373; x_wconf 78' lang='lat' dir='ltr'>vescuntur3</span> <span class='ocrx_word' id='word_1_14' title='bbox 602 321 621 362; x_wconf 91' lang='lat' dir='ltr'>id</span> <span class='ocrx_word' id='word_1_15' title='bbox 634 321 685 376; x_wconf 83' lang='lat' dir='ltr'>qued</span> <span class='ocrx_word' id='word_1_16' title='bbox 699 335 768 363; x_wconf 90' lang='lat' dir='ltr'>sacrae</span> <span class='ocrx_word' id='word_1_17' title='bbox 780 322 851 363; x_wconf 88' lang='lat' dir='ltr'>literae</span> 
     </span>
     <span class='ocr_line' id='line_1_3' title="bbox 67 391 954 445; baseline -0.005 -11"><span class='ocrx_word' id='word_1_18' title='bbox 67 397 176 442; x_wconf 80' lang='lat' dir='ltr'>testamur,</span> <span class='ocrx_word' id='word_1_19' title='bbox 196 392 498 444; x_wconf 62' lang='lat' dir='ltr'>Muturessotzgroorsoouom,</span> <span class='ocrx_word' id='word_1_20' title='bbox 520 399 541 430; x_wconf 84' lang='lat' dir='ltr'>et</span> <span class='ocrx_word' id='word_1_21' title='bbox 542 392 692 444; x_wconf 61' lang='lat' dir='ltr'>filti&#39;eolltguut</span> <span class='ocrx_word' id='word_1_22' title='bbox 702 391 767 442; x_wconf 61' lang='lat' dir='ltr'>lagno,</span> <span class='ocrx_word' id='word_1_23' title='bbox 789 399 811 431; x_wconf 91' lang='lat' dir='ltr'>ut</span> <span class='ocrx_word' id='word_1_24' title='bbox 813 392 850 445; x_wconf 85' lang='lat' dir='ltr'>fo·</span> <span class='ocrx_word' id='word_1_25' title='bbox 859 394 902 424; x_wconf 69' lang='lat' dir='ltr'>Hier.</span> <span class='ocrx_word' id='word_1_26' title='bbox 911 395 925 429; x_wconf 76' lang='lat'>⁷,</span> <span class='ocrx_word' id='word_1_27' title='bbox 932 396 954 422; x_wconf 72' lang='lat'>13·</span> 
     </span>
     <span class='ocr_line' id='line_1_4' title="bbox 67 457 851 512; baseline -0.003 -10"><span class='ocrx_word' id='word_1_28' title='bbox 67 464 120 502; x_wconf 81' lang='lat' dir='ltr'>ciant</span> <span class='ocrx_word' id='word_1_29' title='bbox 126 461 227 512; x_wconf 79' lang='lat' dir='ltr'><em>placentas</em></span> <span class='ocrx_word' id='word_1_30' title='bbox 238 462 318 500; x_wconf 80' lang='lat' dir='ltr'>mib&#39;tiue</span> <span class='ocrx_word' id='word_1_31' title='bbox 327 462 382 499; x_wconf 77' lang='lat' dir='ltr'>coeli.</span> <span class='ocrx_word' id='word_1_32' title='bbox 406 458 509 501; x_wconf 83' lang='lat' dir='ltr'>Eiusmodi</span> <span class='ocrx_word' id='word_1_33' title='bbox 522 459 642 500; x_wconf 81' lang='lat' dir='ltr'>mulierculis</span> <span class='ocrx_word' id='word_1_34' title='bbox 656 457 768 499; x_wconf 79' lang='lat' dir='ltr'>Hieremias</span> <span class='ocrx_word' id='word_1_35' title='bbox 779 474 801 500; x_wconf 89' lang='lat' dir='ltr'>os</span> <span class='ocrx_word' id='word_1_36' title='bbox 815 460 851 500; x_wconf 91' lang='lat' dir='ltr'>ob-</span> 
     </span>
    </p>

    <p class='ocr_par' dir='ltr' id='par_1_3' title="bbox 67 527 955 721">
     <span class='ocr_line' id='line_1_5' title="bbox 68 527 851 584; baseline -0.003 -13"><span class='ocrx_word' id='word_1_37' title='bbox 68 534 142 581; x_wconf 80' lang='lat' dir='ltr'>struat3</span> <span class='ocrx_word' id='word_1_38' title='bbox 167 542 204 569; x_wconf 93' lang='lat' dir='ltr'>nec</span> <span class='ocrx_word' id='word_1_39' title='bbox 222 528 306 584; x_wconf 91' lang='lat' dir='ltr'>amplius</span> <span class='ocrx_word' id='word_1_40' title='bbox 324 535 421 570; x_wconf 86' lang='lat' dir='ltr'>terrarum</span> <span class='ocrx_word' id='word_1_41' title='bbox 440 528 507 568; x_wconf 88' lang='lat' dir='ltr'>orbem</span> <span class='ocrx_word' id='word_1_42' title='bbox 526 528 654 579; x_wconf 86' lang='lat' dir='ltr'>conturbent,</span> <span class='ocrx_word' id='word_1_43' title='bbox 679 541 731 569; x_wconf 89' lang='lat' dir='ltr'>neve</span> <span class='ocrx_word' id='word_1_44' title='bbox 751 527 803 569; x_wconf 87' lang='lat' dir='ltr'>istud</span> <span class='ocrx_word' id='word_1_45' title='bbox 821 529 851 569; x_wconf 86' lang='lat' dir='ltr'>ia-</span> 
     </span>
     <span class='ocr_line' id='line_1_6' title="bbox 68 595 955 652; baseline -0.006 -12"><span class='ocrx_word' id='word_1_46' title='bbox 68 597 151 649; x_wconf 88' lang='lat' dir='ltr'>ctitent,</span> <span class='ocrx_word' id='word_1_47' title='bbox 174 599 228 637; x_wconf 84' lang='lat' dir='ltr'>Coeli</span> <span class='ocrx_word' id='word_1_48' title='bbox 244 598 330 649; x_wconf 74' lang='lat' dir='ltr'>reginum</span> <span class='ocrx_word' id='word_1_49' title='bbox 344 599 466 638; x_wconf 79' lang='lat' dir='ltr'>honoramus.</span> <span class='ocrx_word' id='word_1_50' title='bbox 498 595 562 638; x_wconf 90' lang='lat' dir='ltr'>Novit</span> <span class='ocrx_word' id='word_1_51' title='bbox 573 596 668 652; x_wconf 85' lang='lat' dir='ltr'>Taplrnes</span> <span class='ocrx_word' id='word_1_52' title='bbox 684 597 849 652; x_wconf 76' lang='lat' dir='ltr'>quemadmodum</span> <span class='ocrx_word' id='word_1_53' title='bbox 855 608 955 643; x_wconf 59' lang='lat' dir='ltr'>uter-tta.</span> 
     </span>
     <span class='ocr_line' id='line_1_7' title="bbox 67 664 852 721; baseline 0 -14"><span class='ocrx_word' id='word_1_54' title='bbox 67 665 194 708; x_wconf 79' lang='lat' dir='ltr'>ulciscendae</span> <span class='ocrx_word' id='word_1_55' title='bbox 206 665 252 707; x_wconf 89' lang='lat' dir='ltr'>illae</span> <span class='ocrx_word' id='word_1_56' title='bbox 263 665 311 707; x_wconf 90' lang='lat' dir='ltr'>siut.</span> <span class='ocrx_word' id='word_1_57' title='bbox 341 664 406 707; x_wconf 88' lang='lat' dir='ltr'>Novit</span> <span class='ocrx_word' id='word_1_58' title='bbox 416 664 556 721; x_wconf 85' lang='lat' dir='ltr'>Magdulorum</span> <span class='ocrx_word' id='word_1_59' title='bbox 571 666 626 720; x_wconf 82' lang='lat' dir='ltr'>regio</span> <span class='ocrx_word' id='word_1_60' title='bbox 640 666 718 707; x_wconf 90' lang='lat' dir='ltr'>abiecta</span> <span class='ocrx_word' id='word_1_61' title='bbox 730 665 807 707; x_wconf 89' lang='lat' dir='ltr'>illarum</span> <span class='ocrx_word' id='word_1_62' title='bbox 820 680 852 707; x_wconf 88' lang='lat' dir='ltr'>ca-</span> 
     </span>
    </p>

    <p class='ocr_par' dir='ltr' id='par_1_4' title="bbox 66 732 950 926">
     <span class='ocr_line' id='line_1_8' title="bbox 67 732 851 791; baseline 0 -15"><span class='ocrx_word' id='word_1_63' title='bbox 67 736 142 776; x_wconf 83' lang='lat' dir='ltr'>davera</span> <span class='ocrx_word' id='word_1_64' title='bbox 156 736 180 775; x_wconf 91' lang='lat' dir='ltr'>ad</span> <span class='ocrx_word' id='word_1_65' title='bbox 192 734 362 791; x_wconf 89' lang='lat' dir='ltr'>putrefaciendum</span> <span class='ocrx_word' id='word_1_66' title='bbox 374 734 477 790; x_wconf 85' lang='lat' dir='ltr'>excipere.</span> <span class='ocrx_word' id='word_1_67' title='bbox 508 732 569 785; x_wconf 86' lang='lat' dir='ltr'>Noli,</span> <span class='ocrx_word' id='word_1_68' title='bbox 586 732 682 785; x_wconf 89' lang='lat' dir='ltr'>olsrael‚</span> <span class='ocrx_word' id='word_1_69' title='bbox 700 734 777 776; x_wconf 87' lang='lat' dir='ltr'>mulieri</span> <span class='ocrx_word' id='word_1_70' title='bbox 794 736 851 776; x_wconf 87' lang='lat' dir='ltr'>fidem</span> 
     </span>
     <span class='ocr_line' id='line_1_9' title="bbox 68 800 950 859; baseline -0.003 -15"><span class='ocrx_word' id='word_1_71' title='bbox 68 802 173 845; x_wconf 87' lang='lat' dir='ltr'>adbibere!</span> <span class='ocrx_word' id='word_1_72' title='bbox 205 801 288 843; x_wconf 82' lang='lat' dir='ltr'>Revoca</span> <span class='ocrx_word' id='word_1_73' title='bbox 301 809 343 844; x_wconf 86' lang='lat' dir='ltr'>tea</span> <span class='ocrx_word' id='word_1_74' title='bbox 357 815 432 859; x_wconf 88' lang='lat' dir='ltr'>pravae</span> <span class='ocrx_word' id='word_1_75' title='bbox 443 801 532 843; x_wconf 88' lang='lat' dir='ltr'>mulieris</span> <span class='ocrx_word' id='word_1_76' title='bbox 545 802 636 843; x_wconf 85' lang='lat' dir='ltr'>consilio.</span> <span class='ocrx_word' id='word_1_77' title='bbox 668 800 770 858; x_wconf 88' lang='lat' dir='ltr'>Siquidem</span> <span class='ocrx_word' id='word_1_78' title='bbox 782 807 950 851; x_wconf 61' lang='lat' dir='ltr'>wulteranae.</span> 
     </span>
     <span class='ocr_line' id='line_1_10' title="bbox 66 873 852 926; baseline 0 -14"><span class='ocrx_word' id='word_1_79' title='bbox 66 875 162 926; x_wconf 79' lang='lat' dir='ltr'>pretiosus</span> <span class='ocrx_word' id='word_1_80' title='bbox 173 874 257 912; x_wconf 69' lang='lat' dir='ltr'>utrorum</span> <span class='ocrx_word' id='word_1_81' title='bbox 268 874 341 911; x_wconf 80' lang='lat' dir='ltr'>animus</span> <span class='ocrx_word' id='word_1_82' title='bbox 353 879 429 924; x_wconf 80' lang='lat' dir='ltr'>captat.-</span> <span class='ocrx_word' id='word_1_83' title='bbox 451 873 508 911; x_wconf 71' lang='lat' dir='ltr'>totos</span> <span class='ocrx_word' id='word_1_84' title='bbox 516 873 575 923; x_wconf 81' lang='lat' dir='ltr'>pedes</span> <span class='ocrx_word' id='word_1_85' title='bbox 585 886 628 919; x_wconf 79' lang='lat' dir='ltr'>eos,</span> <span class='ocrx_word' id='word_1_86' title='bbox 650 873 761 924; x_wconf 79' lang='lat' dir='ltr'>quibuscum</span> <span class='ocrx_word' id='word_1_87' title='bbox 773 887 852 912; x_wconf 72' lang='lat' dir='ltr'>coritae-</span> 
     </span>
    </p>

    <p class='ocr_par' dir='ltr' id='par_1_5' title="bbox 68 937 854 1132">
     <span class='ocr_line' id='line_1_11' title="bbox 68 937 852 993; baseline 0 -12"><span class='ocrx_word' id='word_1_88' title='bbox 68 943 116 989; x_wconf 82' lang='lat' dir='ltr'>scit,</span> <span class='ocrx_word' id='word_1_89' title='bbox 137 954 180 980; x_wconf 80' lang='lat' dir='ltr'>eunt</span> <span class='ocrx_word' id='word_1_90' title='bbox 190 941 479 993; x_wconf 78' lang='lat' dir='ltr'>morteodt&#39;oserosdeclueuot.</span> <span class='ocrx_word' id='word_1_91' title='bbox 510 937 578 980; x_wconf 87' lang='lat' dir='ltr'>Malae</span> <span class='ocrx_word' id='word_1_92' title='bbox 589 938 718 980; x_wconf 87' lang='lat' dir='ltr'>mulierculae</span> <span class='ocrx_word' id='word_1_93' title='bbox 729 954 797 981; x_wconf 89' lang='lat' dir='ltr'>aurem</span> <span class='ocrx_word' id='word_1_94' title='bbox 809 941 852 981; x_wconf 91' lang='lat' dir='ltr'>ani-</span> 
     </span>
     <span class='ocr_line' id='line_1_12' title="bbox 69 1007 851 1064; baseline 0 -14"><span class='ocrx_word' id='word_1_95' title='bbox 69 1023 160 1064; x_wconf 89' lang='lat' dir='ltr'>mumque</span> <span class='ocrx_word' id='word_1_96' title='bbox 177 1021 203 1049; x_wconf 86' lang='lat' dir='ltr'>nc</span> <span class='ocrx_word' id='word_1_97' title='bbox 214 1008 323 1064; x_wconf 87' lang='lat' dir='ltr'>praebcas;</span> <span class='ocrx_word' id='word_1_98' title='bbox 345 1010 388 1049; x_wconf 86' lang='lat' dir='ltr'>Mel</span> <span class='ocrx_word' id='word_1_99' title='bbox 405 1007 457 1049; x_wconf 91' lang='lat' dir='ltr'>enim</span> <span class='ocrx_word' id='word_1_100' title='bbox 471 1024 482 1048; x_wconf 88' lang='lat' dir='ltr'>e</span> <span class='ocrx_word' id='word_1_101' title='bbox 494 1008 551 1047; x_wconf 75' lang='lat' dir='ltr'>loliis</span> <span class='ocrx_word' id='word_1_102' title='bbox 564 1010 670 1048; x_wconf 77' lang='lat' dir='ltr'>meretricis</span> <span class='ocrx_word' id='word_1_103' title='bbox 682 1010 778 1057; x_wconf 76' lang='lat' dir='ltr'>destillat,</span> <span class='ocrx_word' id='word_1_104' title='bbox 800 1010 851 1064; x_wconf 88' lang='lat' dir='ltr'>quod</span> 
     </span>
     <span class='ocr_line' id='line_1_13' title="bbox 69 1075 854 1132; baseline 0 -14"><span class='ocrx_word' id='word_1_105' title='bbox 69 1076 189 1119; x_wconf 87' lang='lat' dir='ltr'>brevissimo</span> <span class='ocrx_word' id='word_1_106' title='bbox 205 1084 293 1132; x_wconf 88' lang='lat' dir='ltr'>tempore</span> <span class='ocrx_word' id='word_1_107' title='bbox 310 1083 378 1131; x_wconf 83' lang='lat' dir='ltr'>guttur</span> <span class='ocrx_word' id='word_1_108' title='bbox 394 1083 448 1117; x_wconf 90' lang='lat' dir='ltr'>tuum</span> <span class='ocrx_word' id='word_1_109' title='bbox 462 1075 539 1117; x_wconf 87' lang='lat' dir='ltr'>leniens</span> <span class='ocrx_word' id='word_1_110' title='bbox 553 1083 624 1131; x_wconf 90' lang='lat' dir='ltr'>postea</span> <span class='ocrx_word' id='word_1_111' title='bbox 640 1075 684 1117; x_wconf 88' lang='lat' dir='ltr'>lelle</span> <span class='ocrx_word' id='word_1_112' title='bbox 697 1077 784 1118; x_wconf 89' lang='lat' dir='ltr'>amarius</span> <span class='ocrx_word' id='word_1_113' title='bbox 797 1078 854 1119; x_wconf 86' lang='lat' dir='ltr'>inve·</span> 
     </span>
    </p>

    <p class='ocr_par' dir='ltr' id='par_1_6' title="bbox 70 1141 854 1267">
     <span class='ocr_line' id='line_1_14' title="bbox 70 1141 854 1201; baseline 0 -14"><span class='ocrx_word' id='word_1_114' title='bbox 70 1145 125 1197; x_wconf 70' lang='lat' dir='ltr'>nim,</span> <span class='ocrx_word' id='word_1_115' title='bbox 147 1151 167 1187; x_wconf 88' lang='lat' dir='ltr'>et</span> <span class='ocrx_word' id='word_1_116' title='bbox 179 1145 260 1201; x_wconf 91' lang='lat' dir='ltr'>ancipiti</span> <span class='ocrx_word' id='word_1_117' title='bbox 274 1144 339 1200; x_wconf 83' lang='lat' dir='ltr'>gladio</span> <span class='ocrx_word' id='word_1_118' title='bbox 355 1145 418 1200; x_wconf 83' lang='lat' dir='ltr'>magis</span> <span class='ocrx_word' id='word_1_119' title='bbox 433 1151 549 1185; x_wconf 83' lang='lat' dir='ltr'>exacutum.</span> <span class='ocrx_word' id='word_1_120' title='bbox 581 1141 637 1186; x_wconf 82' lang='lat' dir='ltr'>Cave</span> <span class='ocrx_word' id='word_1_121' title='bbox 650 1145 711 1199; x_wconf 82' lang='lat' dir='ltr'>igitur</span> <span class='ocrx_word' id='word_1_122' title='bbox 730 1146 793 1186; x_wconf 88' lang='lat' dir='ltr'>malae</span> <span class='ocrx_word' id='word_1_123' title='bbox 808 1145 854 1187; x_wconf 91' lang='lat' dir='ltr'>huic</span> 
     </span>
     <span class='ocr_line' id='line_1_15' title="bbox 70 1205 852 1267; baseline 0 -11"><span class='ocrx_word' id='word_1_124' title='bbox 70 1205 197 1256; x_wconf 83' lang='lat' dir='ltr'>mulierculae</span> <span class='ocrx_word' id='word_1_125' title='bbox 208 1213 265 1255; x_wconf 87' lang='lat' dir='ltr'>fidem</span> <span class='ocrx_word' id='word_1_126' title='bbox 278 1212 379 1255; x_wconf 81' lang='lat' dir='ltr'>adhibeas.</span> <span class='ocrx_word' id='word_1_127' title='bbox 411 1210 483 1255; x_wconf 81' lang='lat' dir='ltr'>Omms</span> <span class='ocrx_word' id='word_1_128' title='bbox 495 1212 547 1253; x_wconf 91' lang='lat' dir='ltr'>enim</span> <span class='ocrx_word' id='word_1_129' title='bbox 560 1212 650 1253; x_wconf 84' lang='lat' dir='ltr'>haeresis</span> <span class='ocrx_word' id='word_1_130' title='bbox 664 1213 715 1254; x_wconf 87' lang='lat' dir='ltr'>mala</span> <span class='ocrx_word' id='word_1_131' title='bbox 726 1214 798 1255; x_wconf 88' lang='lat' dir='ltr'>mulier</span> <span class='ocrx_word' id='word_1_132' title='bbox 809 1222 852 1267; x_wconf 81' lang='lat' dir='ltr'>est3</span> 
     </span>
    </p>

    <p class='ocr_par' dir='ltr' id='par_1_7' title="bbox 70 1281 853 1338">
     <span class='ocr_line' id='line_1_16' title="bbox 70 1281 853 1338; baseline 0 -13"><span class='ocrx_word' id='word_1_133' title='bbox 70 1283 104 1325; x_wconf 87' lang='lat' dir='ltr'>sed</span> <span class='ocrx_word' id='word_1_134' title='bbox 119 1283 180 1324; x_wconf 91' lang='lat' dir='ltr'>multo</span> <span class='ocrx_word' id='word_1_135' title='bbox 194 1282 298 1324; x_wconf 84' lang='lat' dir='ltr'>mulierum</span> <span class='ocrx_word' id='word_1_136' title='bbox 311 1281 400 1323; x_wconf 87' lang='lat' dir='ltr'>haeresis</span> <span class='ocrx_word' id='word_1_137' title='bbox 412 1281 444 1322; x_wconf 89' lang='lat' dir='ltr'>illa</span> <span class='ocrx_word' id='word_1_138' title='bbox 459 1282 522 1336; x_wconf 81' lang='lat' dir='ltr'>magis</span> <span class='ocrx_word' id='word_1_139' title='bbox 533 1295 583 1336; x_wconf 89' lang='lat' dir='ltr'>quae</span> <span class='ocrx_word' id='word_1_140' title='bbox 593 1282 617 1322; x_wconf 91' lang='lat' dir='ltr'>ab</span> <span class='ocrx_word' id='word_1_141' title='bbox 632 1295 655 1322; x_wconf 91' lang='lat' dir='ltr'>eo</span> <span class='ocrx_word' id='word_1_142' title='bbox 667 1295 678 1321; x_wconf 90' lang='lat' dir='ltr'>a</span> <span class='ocrx_word' id='word_1_143' title='bbox 691 1297 731 1337; x_wconf 90' lang='lat' dir='ltr'>quo</span> <span class='ocrx_word' id='word_1_144' title='bbox 744 1282 807 1338; x_wconf 91' lang='lat' dir='ltr'>prima</span> <span class='ocrx_word' id='word_1_145' title='bbox 819 1285 853 1325; x_wconf 87' lang='lat' dir='ltr'>de·</span> 
     </span>
    </p>

    <p class='ocr_par' dir='ltr' id='par_1_8' title="bbox 70 1348 854 1408">
     <span class='ocr_line' id='line_1_17' title="bbox 70 1348 854 1408; baseline 0 -14"><span class='ocrx_word' id='word_1_146' title='bbox 70 1358 126 1408; x_wconf 85' lang='lat' dir='ltr'>cepta</span> <span class='ocrx_word' id='word_1_147' title='bbox 137 1350 209 1392; x_wconf 88' lang='lat' dir='ltr'>mulier</span> <span class='ocrx_word' id='word_1_148' title='bbox 220 1357 261 1402; x_wconf 88' lang='lat' dir='ltr'>est,</span> <span class='ocrx_word' id='word_1_149' title='bbox 278 1350 373 1393; x_wconf 89' lang='lat' dir='ltr'>manavit.</span> <span class='ocrx_word' id='word_1_150' title='bbox 404 1348 460 1391; x_wconf 82' lang='lat' dir='ltr'>Evae</span> <span class='ocrx_word' id='word_1_151' title='bbox 473 1349 534 1404; x_wconf 83' lang='lat' dir='ltr'>igitur</span> <span class='ocrx_word' id='word_1_152' title='bbox 545 1349 602 1391; x_wconf 90' lang='lat' dir='ltr'>matri</span> <span class='ocrx_word' id='word_1_153' title='bbox 613 1358 694 1392; x_wconf 89' lang='lat' dir='ltr'>nostrae</span> <span class='ocrx_word' id='word_1_154' title='bbox 706 1351 769 1392; x_wconf 92' lang='lat' dir='ltr'>bonor</span> <span class='ocrx_word' id='word_1_155' title='bbox 781 1352 854 1394; x_wconf 90' lang='lat' dir='ltr'>habea-</span> 
     </span>
    </p>

    <p class='ocr_par' dir='ltr' id='par_1_9' title="bbox 70 1418 853 1477">
     <span class='ocr_line' id='line_1_18' title="bbox 70 1418 853 1477; baseline 0.001 -15"><span class='ocrx_word' id='word_1_156' title='bbox 70 1427 113 1472; x_wconf 86' lang='lat' dir='ltr'>tur,</span> <span class='ocrx_word' id='word_1_157' title='bbox 130 1426 197 1475; x_wconf 84' lang='lat' dir='ltr'>utpote</span> <span class='ocrx_word' id='word_1_158' title='bbox 211 1433 261 1475; x_wconf 87' lang='lat' dir='ltr'>quae</span> <span class='ocrx_word' id='word_1_159' title='bbox 275 1433 286 1460; x_wconf 93' lang='lat' dir='ltr'>a</span> <span class='ocrx_word' id='word_1_160' title='bbox 298 1419 336 1460; x_wconf 92' lang='lat' dir='ltr'>deo</span> <span class='ocrx_word' id='word_1_161' title='bbox 348 1419 443 1475; x_wconf 90' lang='lat' dir='ltr'>producta</span> <span class='ocrx_word' id='word_1_162' title='bbox 454 1418 491 1469; x_wconf 79' lang='lat' dir='ltr'>sit3</span> <span class='ocrx_word' id='word_1_163' title='bbox 514 1419 548 1459; x_wconf 91' lang='lat' dir='ltr'>sed</span> <span class='ocrx_word' id='word_1_164' title='bbox 562 1419 579 1459; x_wconf 88' lang='lat' dir='ltr'>ei</span> <span class='ocrx_word' id='word_1_165' title='bbox 593 1432 715 1473; x_wconf 88' lang='lat' dir='ltr'>nequaqnam</span> <span class='ocrx_word' id='word_1_166' title='bbox 728 1420 853 1477; x_wconf 91' lang='lat' dir='ltr'>obtempere-</span> 
     </span>
    </p>

    <p class='ocr_par' dir='ltr' id='par_1_10' title="bbox 70 1486 853 1543">
     <span class='ocr_line' id='line_1_19' title="bbox 70 1486 853 1543; baseline 0.001 -13"><span class='ocrx_word' id='word_1_167' title='bbox 70 1496 114 1543; x_wconf 78' lang='lat' dir='ltr'>tur,</span> <span class='ocrx_word' id='word_1_168' title='bbox 135 1502 160 1530; x_wconf 89' lang='lat' dir='ltr'>ne</span> <span class='ocrx_word' id='word_1_169' title='bbox 171 1488 239 1529; x_wconf 90' lang='lat' dir='ltr'>liberis</span> <span class='ocrx_word' id='word_1_170' title='bbox 255 1487 297 1528; x_wconf 92' lang='lat' dir='ltr'>suis</span> <span class='ocrx_word' id='word_1_171' title='bbox 312 1487 442 1543; x_wconf 87' lang='lat' dir='ltr'>persuadeat,</span> <span class='ocrx_word' id='word_1_172' title='bbox 464 1493 485 1527; x_wconf 90' lang='lat' dir='ltr'>ut</span> <span class='ocrx_word' id='word_1_173' title='bbox 498 1500 526 1527; x_wconf 87' lang='lat' dir='ltr'>ex</span> <span class='ocrx_word' id='word_1_174' title='bbox 536 1486 607 1527; x_wconf 83' lang='lat' dir='ltr'>arbore</span> <span class='ocrx_word' id='word_1_175' title='bbox 619 1495 726 1528; x_wconf 85' lang='lat' dir='ltr'>vescamur</span> <span class='ocrx_word' id='word_1_176' title='bbox 737 1502 760 1529; x_wconf 90' lang='lat' dir='ltr'>ac</span> <span class='ocrx_word' id='word_1_177' title='bbox 774 1491 853 1531; x_wconf 87' lang='lat' dir='ltr'>manda·</span> 
     </span>
    </p>

    <p class='ocr_par' dir='ltr' id='par_1_11' title="bbox 70 1546 945 1681">
     <span class='ocr_line' id='line_1_20' title="bbox 70 1546 945 1612; baseline 0.002 -13"><span class='ocrx_word' id='word_1_178' title='bbox 70 1563 112 1599; x_wconf 88' lang='lat' dir='ltr'>tum</span> <span class='ocrx_word' id='word_1_179' title='bbox 128 1555 211 1598; x_wconf 88' lang='lat' dir='ltr'>violent.</span> <span class='ocrx_word' id='word_1_180' title='bbox 245 1546 277 1597; x_wconf 79' lang='lat' dir='ltr'>&#39;At</span> <span class='ocrx_word' id='word_1_181' title='bbox 293 1554 347 1597; x_wconf 89' lang='lat' dir='ltr'>illam</span> <span class='ocrx_word' id='word_1_182' title='bbox 363 1569 441 1612; x_wconf 92' lang='lat' dir='ltr'>quoque</span> <span class='ocrx_word' id='word_1_183' title='bbox 459 1555 580 1597; x_wconf 87' lang='lat' dir='ltr'>vanissimae</span> <span class='ocrx_word' id='word_1_184' title='bbox 597 1555 650 1597; x_wconf 91' lang='lat' dir='ltr'>illius</span> <span class='ocrx_word' id='word_1_185' title='bbox 666 1555 722 1597; x_wconf 86' lang='lat' dir='ltr'>vocis</span> <span class='ocrx_word' id='word_1_186' title='bbox 740 1558 848 1612; x_wconf 85' lang='lat' dir='ltr'>poeniteat.</span> <span class='ocrx_word' id='word_1_187' title='bbox 860 1573 945 1610; x_wconf 68' lang='lat' dir='ltr'>acuar.</span> 
     </span>
     <span class='ocr_line' id='line_1_21' title="bbox 71 1624 853 1681; baseline 0.003 -13"><span class='ocrx_word' id='word_1_188' title='bbox 71 1625 150 1668; x_wconf 78' lang='lat' dir='ltr'>Redeat</span> <span class='ocrx_word' id='word_1_189' title='bbox 166 1625 190 1666; x_wconf 92' lang='lat' dir='ltr'>ad</span> <span class='ocrx_word' id='word_1_190' title='bbox 207 1632 293 1667; x_wconf 89' lang='lat' dir='ltr'>mentem</span> <span class='ocrx_word' id='word_1_191' title='bbox 312 1639 359 1681; x_wconf 87' lang='lat' dir='ltr'>prae</span> <span class='ocrx_word' id='word_1_192' title='bbox 379 1624 513 1676; x_wconf 84' lang='lat' dir='ltr'>verecundia,</span> <span class='ocrx_word' id='word_1_193' title='bbox 539 1631 559 1665; x_wconf 90' lang='lat' dir='ltr'>et</span> <span class='ocrx_word' id='word_1_194' title='bbox 577 1625 666 1667; x_wconf 86' lang='lat' dir='ltr'>ficulneis</span> <span class='ocrx_word' id='word_1_195' title='bbox 684 1625 736 1667; x_wconf 86' lang='lat' dir='ltr'>l&#39;oliis</span> <span class='ocrx_word' id='word_1_196' title='bbox 753 1626 853 1670; x_wconf 88' lang='lat' dir='ltr'>induatur.</span> 
     </span>
    </p>

    <p class='ocr_par' dir='ltr' id='par_1_12' title="bbox 72 1692 856 1813">
     <span class='ocr_line' id='line_1_22' title="bbox 72 1692 855 1753; baseline 0.003 -17"><span class='ocrx_word' id='word_1_197' title='bbox 72 1692 126 1750; x_wconf 80' lang='lat' dir='ltr'>Quin</span> <span class='ocrx_word' id='word_1_198' title='bbox 138 1702 158 1736; x_wconf 85' lang='lat' dir='ltr'>et</span> <span class='ocrx_word' id='word_1_199' title='bbox 168 1694 258 1735; x_wconf 83' lang='lat' dir='ltr'>Adamas</span> <span class='ocrx_word' id='word_1_200' title='bbox 268 1693 320 1735; x_wconf 90' lang='lat' dir='ltr'>illam</span> <span class='ocrx_word' id='word_1_201' title='bbox 330 1700 432 1749; x_wconf 86' lang='lat' dir='ltr'>agnoscat,</span> <span class='ocrx_word' id='word_1_202' title='bbox 449 1707 486 1734; x_wconf 90' lang='lat' dir='ltr'>nec</span> <span class='ocrx_word' id='word_1_203' title='bbox 496 1693 579 1748; x_wconf 90' lang='lat' dir='ltr'>amplius</span> <span class='ocrx_word' id='word_1_204' title='bbox 590 1707 665 1734; x_wconf 84' lang='lat' dir='ltr'>morem</span> <span class='ocrx_word' id='word_1_205' title='bbox 680 1701 745 1749; x_wconf 81' lang='lat' dir='ltr'>gerat.</span> <span class='ocrx_word' id='word_1_206' title='bbox 777 1694 855 1753; x_wconf 78' lang='lat' dir='ltr'>Quippe</span> 
     </span>
     <span class='ocr_line' id='line_1_23' title="bbox 72 1760 856 1813; baseline 0.005 -9"><span class='ocrx_word' id='word_1_207' title='bbox 72 1762 165 1813; x_wconf 86' lang='lat' dir='ltr'>fraudes,</span> <span class='ocrx_word' id='word_1_208' title='bbox 187 1760 294 1804; x_wconf 82' lang='lat' dir='ltr'>blanditiae</span> <span class='ocrx_word' id='word_1_209' title='bbox 310 1769 330 1803; x_wconf 88' lang='lat' dir='ltr'>et</span> <span class='ocrx_word' id='word_1_210' title='bbox 347 1762 467 1803; x_wconf 87' lang='lat' dir='ltr'>contrarium</span> <span class='ocrx_word' id='word_1_211' title='bbox 485 1760 573 1803; x_wconf 87' lang='lat' dir='ltr'>mulieris</span> <span class='ocrx_word' id='word_1_212' title='bbox 589 1762 692 1803; x_wconf 89' lang='lat' dir='ltr'>consilinm</span> <span class='ocrx_word' id='word_1_213' title='bbox 709 1770 792 1805; x_wconf 89' lang='lat' dir='ltr'>mortem</span> <span class='ocrx_word' id='word_1_214' title='bbox 808 1779 856 1808; x_wconf 86' lang='lat' dir='ltr'>con-</span> 
     </span>
    </p>

    <p class='ocr_par' dir='ltr' id='par_1_13' title="bbox 72 1829 855 1887">
     <span class='ocr_line' id='line_1_24' title="bbox 72 1829 855 1887; baseline 0.005 -15"><span class='ocrx_word' id='word_1_215' title='bbox 72 1830 113 1887; x_wconf 82' lang='lat' dir='ltr'>iugi</span> <span class='ocrx_word' id='word_1_216' title='bbox 125 1830 199 1887; x_wconf 84' lang='lat' dir='ltr'>pariter</span> <span class='ocrx_word' id='word_1_217' title='bbox 207 1845 230 1873; x_wconf 90' lang='lat' dir='ltr'>ac</span> <span class='ocrx_word' id='word_1_218' title='bbox 241 1829 305 1872; x_wconf 85' lang='lat' dir='ltr'>soboli</span> <span class='ocrx_word' id='word_1_219' title='bbox 316 1830 450 1873; x_wconf 88' lang='lat' dir='ltr'>consciscunt.</span> <span class='ocrx_word' id='word_1_220' title='bbox 481 1829 534 1872; x_wconf 88' lang='lat' dir='ltr'>Nam</span> <span class='ocrx_word' id='word_1_221' title='bbox 545 1829 589 1872; x_wconf 82' lang='lat' dir='ltr'>Eva</span> <span class='ocrx_word' id='word_1_222' title='bbox 600 1845 636 1887; x_wconf 89' lang='lat' dir='ltr'>per</span> <span class='ocrx_word' id='word_1_223' title='bbox 646 1833 789 1874; x_wconf 88' lang='lat' dir='ltr'>contumaciam</span> <span class='ocrx_word' id='word_1_224' title='bbox 800 1849 855 1876; x_wconf 90' lang='lat' dir='ltr'>suam</span> 
     </span>
    </p>

    <p class='ocr_par' dir='ltr' id='par_1_14' title="bbox 73 1899 855 1956">
     <span class='ocr_line' id='line_1_25' title="bbox 73 1899 855 1956; baseline 0.004 -14"><span class='ocrx_word' id='word_1_225' title='bbox 73 1901 161 1942; x_wconf 86' lang='lat' dir='ltr'>divinum</span> <span class='ocrx_word' id='word_1_226' title='bbox 179 1900 277 1956; x_wconf 84' lang='lat' dir='ltr'>opificium</span> <span class='ocrx_word' id='word_1_227' title='bbox 293 1900 378 1952; x_wconf 79' lang='lat' dir='ltr'>evertit,</span> <span class='ocrx_word' id='word_1_228' title='bbox 400 1914 444 1940; x_wconf 91' lang='lat' dir='ltr'>cum</span> <span class='ocrx_word' id='word_1_229' title='bbox 461 1899 560 1954; x_wconf 84' lang='lat' dir='ltr'>serpentis</span> <span class='ocrx_word' id='word_1_230' title='bbox 573 1914 623 1941; x_wconf 90' lang='lat' dir='ltr'>voce</span> <span class='ocrx_word' id='word_1_231' title='bbox 637 1914 661 1941; x_wconf 91' lang='lat' dir='ltr'>ac</span> <span class='ocrx_word' id='word_1_232' title='bbox 673 1900 776 1956; x_wconf 87' lang='lat' dir='ltr'>promissis</span> <span class='ocrx_word' id='word_1_233' title='bbox 789 1903 855 1945; x_wconf 87' lang='lat' dir='ltr'>illecta</span> 
     </span>
    </p>

    <p class='ocr_par' dir='ltr' id='par_1_15' title="bbox 74 1968 796 2024">
     <span class='ocr_line' id='line_1_26' title="bbox 74 1968 796 2024; baseline 0.003 -13"><span class='ocrx_word' id='word_1_234' title='bbox 74 1968 98 2011; x_wconf 90' lang='lat' dir='ltr'>ab</span> <span class='ocrx_word' id='word_1_235' title='bbox 113 1983 163 2011; x_wconf 91' lang='lat' dir='ltr'>sano</span> <span class='ocrx_word' id='word_1_236' title='bbox 179 1969 271 2024; x_wconf 84' lang='lat' dir='ltr'>dogmate</span> <span class='ocrx_word' id='word_1_237' title='bbox 287 1968 395 2010; x_wconf 88' lang='lat' dir='ltr'>deflectens</span> <span class='ocrx_word' id='word_1_238' title='bbox 411 1968 469 2009; x_wconf 86' lang='lat' dir='ltr'>aliam</span> <span class='ocrx_word' id='word_1_239' title='bbox 485 1969 509 2009; x_wconf 91' lang='lat' dir='ltr'>ad</span> <span class='ocrx_word' id='word_1_240' title='bbox 524 1975 611 2009; x_wconf 89' lang='lat' dir='ltr'>mentem</span> <span class='ocrx_word' id='word_1_241' title='bbox 627 1983 673 2011; x_wconf 86' lang='lat' dir='ltr'>sese</span> <span class='ocrx_word' id='word_1_242' title='bbox 689 1970 796 2013; x_wconf 74' lang='lat' dir='ltr'>transtulit.</span> 
     </span>
    </p>

    <p class='ocr_par' dir='ltr' id='par_1_16' title="bbox 73 2036 952 2992">
     <span class='ocr_line' id='line_1_27' title="bbox 131 2036 948 2099; baseline 0.01 -19"><span class='ocrx_word' id='word_1_243' title='bbox 131 2036 241 2093; x_wconf 83' lang='lat' dir='ltr'>Propterea</span> <span class='ocrx_word' id='word_1_244' title='bbox 260 2037 351 2079; x_wconf 88' lang='lat' dir='ltr'>dominus</span> <span class='ocrx_word' id='word_1_245' title='bbox 365 2036 451 2078; x_wconf 90' lang='lat' dir='ltr'>omnium</span> <span class='ocrx_word' id='word_1_246' title='bbox 467 2050 490 2077; x_wconf 82' lang='lat' dir='ltr'>ae</span> <span class='ocrx_word' id='word_1_247' title='bbox 502 2036 602 2087; x_wconf 87' lang='lat' dir='ltr'>salvator,</span> <span class='ocrx_word' id='word_1_248' title='bbox 624 2045 646 2078; x_wconf 90' lang='lat' dir='ltr'>nt</span> <span class='ocrx_word' id='word_1_249' title='bbox 659 2038 676 2078; x_wconf 91' lang='lat' dir='ltr'>ei</span> <span class='ocrx_word' id='word_1_250' title='bbox 691 2038 753 2080; x_wconf 90' lang='lat' dir='ltr'>dolori</span> <span class='ocrx_word' id='word_1_251' title='bbox 766 2041 905 2099; x_wconf 78' lang='lat' dir='ltr'>medere-Gap.</span> <span class='ocrx_word' id='word_1_252' title='bbox 917 2055 948 2088; x_wconf 85' lang='lat' dir='ltr'>tx.</span> 
     </span>
     <span class='ocr_line' id='line_1_28' title="bbox 73 2105 855 2163; baseline 0.004 -15"><span class='ocrx_word' id='word_1_253' title='bbox 73 2113 117 2159; x_wconf 82' lang='lat' dir='ltr'>tur,</span> <span class='ocrx_word' id='word_1_254' title='bbox 141 2114 161 2149; x_wconf 88' lang='lat' dir='ltr'>et</span> <span class='ocrx_word' id='word_1_255' title='bbox 174 2108 225 2162; x_wconf 87' lang='lat' dir='ltr'>quod</span> <span class='ocrx_word' id='word_1_256' title='bbox 237 2120 328 2149; x_wconf 88' lang='lat' dir='ltr'>eversum</span> <span class='ocrx_word' id='word_1_257' title='bbox 340 2112 384 2147; x_wconf 85' lang='lat' dir='ltr'>erat</span> <span class='ocrx_word' id='word_1_258' title='bbox 398 2105 532 2157; x_wconf 86' lang='lat' dir='ltr'>instauraret,</span> <span class='ocrx_word' id='word_1_259' title='bbox 555 2106 605 2160; x_wconf 89' lang='lat' dir='ltr'>quod</span> <span class='ocrx_word' id='word_1_260' title='bbox 617 2106 718 2149; x_wconf 83' lang='lat' dir='ltr'>deiecerat</span> <span class='ocrx_word' id='word_1_261' title='bbox 732 2109 855 2163; x_wconf 83' lang='lat' dir='ltr'>restitueret,</span> 
     </span>
     <span class='ocr_line' id='line_1_29' title="bbox 75 2174 857 2232; baseline 0.001 -13"><span class='ocrx_word' id='word_1_262' title='bbox 75 2176 231 2232; x_wconf 89' lang='lat' dir='ltr'>quandoquidem</span> <span class='ocrx_word' id='word_1_263' title='bbox 243 2190 297 2217; x_wconf 88' lang='lat' dir='ltr'>mors</span> <span class='ocrx_word' id='word_1_264' title='bbox 309 2174 329 2216; x_wconf 91' lang='lat' dir='ltr'>in</span> <span class='ocrx_word' id='word_1_265' title='bbox 343 2175 437 2216; x_wconf 89' lang='lat' dir='ltr'>mundum</span> <span class='ocrx_word' id='word_1_266' title='bbox 448 2188 459 2214; x_wconf 88' lang='lat' dir='ltr'>a</span> <span class='ocrx_word' id='word_1_267' title='bbox 472 2174 555 2215; x_wconf 89' lang='lat' dir='ltr'>muliere</span> <span class='ocrx_word' id='word_1_268' title='bbox 567 2175 655 2217; x_wconf 84' lang='lat' dir='ltr'>derivata</span> <span class='ocrx_word' id='word_1_269' title='bbox 668 2177 746 2230; x_wconf 84' lang='lat' dir='ltr'>fuerat⁷</span> <span class='ocrx_word' id='word_1_270' title='bbox 763 2191 774 2218; x_wconf 86' lang='lat' dir='ltr'>e</span> <span class='ocrx_word' id='word_1_271' title='bbox 787 2179 857 2220; x_wconf 90' lang='lat' dir='ltr'>mulie-</span> 
     </span>
     <span class='ocr_line' id='line_1_30' title="bbox 73 2243 857 2302; baseline 0.004 -15"><span class='ocrx_word' id='word_1_272' title='bbox 73 2259 97 2287; x_wconf 87' lang='lat' dir='ltr'>re</span> <span class='ocrx_word' id='word_1_273' title='bbox 107 2245 186 2302; x_wconf 79' lang='lat' dir='ltr'>virgine</span> <span class='ocrx_word' id='word_1_274' title='bbox 199 2252 258 2287; x_wconf 88' lang='lat' dir='ltr'>natus</span> <span class='ocrx_word' id='word_1_275' title='bbox 275 2251 316 2296; x_wconf 81' lang='lat' dir='ltr'>est,</span> <span class='ocrx_word' id='word_1_276' title='bbox 338 2258 376 2299; x_wconf 88' lang='lat' dir='ltr'>quo</span> <span class='ocrx_word' id='word_1_277' title='bbox 393 2251 413 2285; x_wconf 85' lang='lat' dir='ltr'>et</span> <span class='ocrx_word' id='word_1_278' title='bbox 422 2250 507 2294; x_wconf 88' lang='lat' dir='ltr'>mortem</span> <span class='ocrx_word' id='word_1_279' title='bbox 520 2243 648 2297; x_wconf 86' lang='lat' dir='ltr'>excluderet,</span> <span class='ocrx_word' id='word_1_280' title='bbox 671 2253 692 2286; x_wconf 87' lang='lat' dir='ltr'>et</span> <span class='ocrx_word' id='word_1_281' title='bbox 703 2247 753 2301; x_wconf 89' lang='lat' dir='ltr'>quod</span> <span class='ocrx_word' id='word_1_282' title='bbox 765 2262 857 2290; x_wconf 88' lang='lat' dir='ltr'>mancum</span> 
     </span>
     <span class='ocr_line' id='line_1_31' title="bbox 75 2312 858 2371; baseline 0.004 -16"><span class='ocrx_word' id='word_1_283' title='bbox 75 2321 119 2357; x_wconf 85' lang='lat' dir='ltr'>erat</span> <span class='ocrx_word' id='word_1_284' title='bbox 131 2314 244 2371; x_wconf 87' lang='lat' dir='ltr'>suppleret,</span> <span class='ocrx_word' id='word_1_285' title='bbox 266 2322 287 2355; x_wconf 88' lang='lat' dir='ltr'>et</span> <span class='ocrx_word' id='word_1_286' title='bbox 297 2313 349 2369; x_wconf 89' lang='lat' dir='ltr'>quod</span> <span class='ocrx_word' id='word_1_287' title='bbox 363 2312 498 2364; x_wconf 88' lang='lat' dir='ltr'>imminutum,</span> <span class='ocrx_word' id='word_1_288' title='bbox 521 2313 633 2367; x_wconf 85' lang='lat' dir='ltr'>perliceret.</span> <span class='ocrx_word' id='word_1_289' title='bbox 663 2312 728 2356; x_wconf 91' lang='lat' dir='ltr'>Porro</span> <span class='ocrx_word' id='word_1_290' title='bbox 741 2316 858 2358; x_wconf 88' lang='lat' dir='ltr'>eademite-</span> 
     </span>
     <span class='ocr_line' id='line_1_32' title="bbox 75 2381 857 2439; baseline 0.004 -14"><span class='ocrx_word' id='word_1_291' title='bbox 75 2397 119 2425; x_wconf 89' lang='lat' dir='ltr'>rum</span> <span class='ocrx_word' id='word_1_292' title='bbox 131 2383 218 2439; x_wconf 88' lang='lat' dir='ltr'>nequitia</span> <span class='ocrx_word' id='word_1_293' title='bbox 234 2382 357 2436; x_wconf 65' lang='lat' dir='ltr'>revvolvitur3</span> <span class='ocrx_word' id='word_1_294' title='bbox 378 2389 401 2430; x_wconf 87' lang='lat' dir='ltr'>ut</span> <span class='ocrx_word' id='word_1_295' title='bbox 411 2381 481 2423; x_wconf 86' lang='lat' dir='ltr'>vitium</span> <span class='ocrx_word' id='word_1_296' title='bbox 496 2396 519 2423; x_wconf 91' lang='lat' dir='ltr'>ac</span> <span class='ocrx_word' id='word_1_297' title='bbox 532 2381 630 2424; x_wconf 86' lang='lat' dir='ltr'>delectum</span> <span class='ocrx_word' id='word_1_298' title='bbox 642 2383 662 2425; x_wconf 90' lang='lat' dir='ltr'>in</span> <span class='ocrx_word' id='word_1_299' title='bbox 673 2383 741 2426; x_wconf 80' lang='lat' dir='ltr'>nubem</span> <span class='ocrx_word' id='word_1_300' title='bbox 760 2393 857 2428; x_wconf 88' lang='lat' dir='ltr'>terrarum</span> 
     </span>
     <span class='ocr_line' id='line_1_33' title="bbox 75 2449 857 2511; baseline 0.004 -17"><span class='ocrx_word' id='word_1_301' title='bbox 75 2451 164 2495; x_wconf 86' lang='lat' dir='ltr'>invehat.</span> <span class='ocrx_word' id='word_1_302' title='bbox 195 2449 236 2494; x_wconf 89' lang='lat' dir='ltr'>Sed</span> <span class='ocrx_word' id='word_1_303' title='bbox 252 2451 330 2493; x_wconf 87' lang='lat' dir='ltr'>mulieri</span> <span class='ocrx_word' id='word_1_304' title='bbox 346 2465 411 2507; x_wconf 88' lang='lat' dir='ltr'>neque</span> <span class='ocrx_word' id='word_1_305' title='bbox 426 2450 523 2503; x_wconf 84' lang='lat' dir='ltr'>iuvenes,</span> <span class='ocrx_word' id='word_1_306' title='bbox 546 2464 610 2507; x_wconf 87' lang='lat' dir='ltr'>neque</span> <span class='ocrx_word' id='word_1_307' title='bbox 626 2465 698 2505; x_wconf 82' lang='lat' dir='ltr'>senes,</span> <span class='ocrx_word' id='word_1_308' title='bbox 720 2461 802 2511; x_wconf 86' lang='lat' dir='ltr'>propter</span> <span class='ocrx_word' id='word_1_309' title='bbox 813 2469 857 2497; x_wconf 89' lang='lat' dir='ltr'>eam</span> 
     </span>
     <span class='ocr_line' id='line_1_34' title="bbox 76 2513 952 2577; baseline 0.003 -14"><span class='ocrx_word' id='word_1_310' title='bbox 76 2535 115 2577; x_wconf 88' lang='lat' dir='ltr'>qua</span> <span class='ocrx_word' id='word_1_311' title='bbox 125 2521 220 2565; x_wconf 91' lang='lat' dir='ltr'>divinitus</span> <span class='ocrx_word' id='word_1_312' title='bbox 232 2520 315 2576; x_wconf 80' lang='lat' dir='ltr'>praediti</span> <span class='ocrx_word' id='word_1_313' title='bbox 333 2527 379 2563; x_wconf 89' lang='lat' dir='ltr'>sunt</span> <span class='ocrx_word' id='word_1_314' title='bbox 393 2520 543 2576; x_wconf 87' lang='lat' dir='ltr'>temperantiam</span> <span class='ocrx_word' id='word_1_315' title='bbox 561 2520 704 2576; x_wconf 90' lang='lat' dir='ltr'>obsequuntur.</span> <span class='ocrx_word' id='word_1_316' title='bbox 735 2522 782 2565; x_wconf 90' lang='lat' dir='ltr'>Non</span> <span class='ocrx_word' id='word_1_317' title='bbox 793 2524 857 2567; x_wconf 88' lang='lat' dir='ltr'>illudit</span> <span class='ocrx_word' id='word_1_318' title='bbox 875 2537 914 2566; x_wconf 74' lang='lat' dir='ltr'>ceu</span> <span class='ocrx_word' id='word_1_319' title='bbox 924 2513 952 2567; x_wconf 26' lang='lat' dir='ltr'>aa.-</span> 
     </span>
     <span class='ocr_line' id='line_1_35' title="bbox 77 2587 857 2648; baseline 0.003 -15"><span class='ocrx_word' id='word_1_320' title='bbox 77 2590 178 2648; x_wconf 82' lang='lat' dir='ltr'>Aegyptia</span> <span class='ocrx_word' id='word_1_321' title='bbox 192 2589 262 2632; x_wconf 89' lang='lat' dir='ltr'>mulier</span> <span class='ocrx_word' id='word_1_322' title='bbox 279 2589 393 2632; x_wconf 78' lang='lat' dir='ltr'>castissimo</span> <span class='ocrx_word' id='word_1_323' title='bbox 409 2587 507 2646; x_wconf 86' lang='lat' dir='ltr'>losepho,</span> <span class='ocrx_word' id='word_1_324' title='bbox 531 2604 567 2631; x_wconf 90' lang='lat' dir='ltr'>uec</span> <span class='ocrx_word' id='word_1_325' title='bbox 584 2598 666 2632; x_wconf 82' lang='lat' dir='ltr'>auecta</span> <span class='ocrx_word' id='word_1_326' title='bbox 682 2599 749 2634; x_wconf 88' lang='lat' dir='ltr'>mente</span> <span class='ocrx_word' id='word_1_327' title='bbox 767 2593 857 2648; x_wconf 79' lang='lat' dir='ltr'>deducit3</span> 
     </span>
     <span class='ocr_line' id='line_1_36' title="bbox 77 2657 859 2715; baseline 0.004 -13"><span class='ocrx_word' id='word_1_328' title='bbox 77 2659 167 2715; x_wconf 87' lang='lat' dir='ltr'>quamvis</span> <span class='ocrx_word' id='word_1_329' title='bbox 178 2672 248 2701; x_wconf 90' lang='lat' dir='ltr'>omues</span> <span class='ocrx_word' id='word_1_330' title='bbox 265 2657 358 2700; x_wconf 87' lang='lat' dir='ltr'>adhibeat</span> <span class='ocrx_word' id='word_1_331' title='bbox 374 2658 487 2710; x_wconf 86' lang='lat' dir='ltr'>machinas,</span> <span class='ocrx_word' id='word_1_332' title='bbox 510 2673 548 2714; x_wconf 89' lang='lat' dir='ltr'>quo</span> <span class='ocrx_word' id='word_1_333' title='bbox 562 2659 698 2701; x_wconf 87' lang='lat' dir='ltr'>detestandum</span> <span class='ocrx_word' id='word_1_334' title='bbox 711 2661 731 2702; x_wconf 89' lang='lat' dir='ltr'>in</span> <span class='ocrx_word' id='word_1_335' title='bbox 743 2662 859 2705; x_wconf 87' lang='lat' dir='ltr'>adolescen-</span> 
     </span>
     <span class='ocr_line' id='line_1_37' title="bbox 78 2726 859 2788; baseline 0.006 -19"><span class='ocrx_word' id='word_1_336' title='bbox 78 2734 117 2770; x_wconf 92' lang='lat' dir='ltr'>tem</span> <span class='ocrx_word' id='word_1_337' title='bbox 130 2727 233 2771; x_wconf 87' lang='lat' dir='ltr'>cousilium</span> <span class='ocrx_word' id='word_1_338' title='bbox 250 2734 368 2783; x_wconf 83' lang='lat' dir='ltr'>exequatur.</span> <span class='ocrx_word' id='word_1_339' title='bbox 399 2726 476 2771; x_wconf 87' lang='lat' dir='ltr'>Verum</span> <span class='ocrx_word' id='word_1_340' title='bbox 494 2727 588 2770; x_wconf 89' lang='lat' dir='ltr'>ludilieari</span> <span class='ocrx_word' id='word_1_341' title='bbox 606 2741 650 2770; x_wconf 90' lang='lat' dir='ltr'>eum</span> <span class='ocrx_word' id='word_1_342' title='bbox 667 2743 727 2771; x_wconf 89' lang='lat' dir='ltr'>nemo</span> <span class='ocrx_word' id='word_1_343' title='bbox 744 2738 810 2787; x_wconf 89' lang='lat' dir='ltr'>potest</span> <span class='ocrx_word' id='word_1_344' title='bbox 826 2732 859 2788; x_wconf 92' lang='lat' dir='ltr'>qui</span> 
     </span>
     <span class='ocr_line' id='line_1_38' title="bbox 77 2795 859 2855; baseline 0.004 -15"><span class='ocrx_word' id='word_1_345' title='bbox 77 2811 89 2839; x_wconf 88' lang='lat' dir='ltr'>a</span> <span class='ocrx_word' id='word_1_346' title='bbox 101 2797 172 2855; x_wconf 88' lang='lat' dir='ltr'>spiritu</span> <span class='ocrx_word' id='word_1_347' title='bbox 183 2803 253 2840; x_wconf 88' lang='lat' dir='ltr'>sancto</span> <span class='ocrx_word' id='word_1_348' title='bbox 266 2797 389 2852; x_wconf 90' lang='lat' dir='ltr'>prudentiam</span> <span class='ocrx_word' id='word_1_349' title='bbox 405 2797 513 2853; x_wconf 84' lang='lat' dir='ltr'>acceperit.</span> <span class='ocrx_word' id='word_1_350' title='bbox 543 2795 629 2839; x_wconf 89' lang='lat' dir='ltr'>Proinde</span> <span class='ocrx_word' id='word_1_351' title='bbox 645 2811 709 2854; x_wconf 87' lang='lat' dir='ltr'>neque</span> <span class='ocrx_word' id='word_1_352' title='bbox 723 2800 859 2843; x_wconf 88' lang='lat' dir='ltr'>castimoniam</span> 
     </span>
     <span class='ocr_line' id='line_1_39' title="bbox 78 2866 860 2924; baseline 0.003 -15"><span class='ocrx_word' id='word_1_353' title='bbox 78 2880 134 2909; x_wconf 87' lang='lat' dir='ltr'>suam</span> <span class='ocrx_word' id='word_1_354' title='bbox 148 2867 197 2924; x_wconf 90' lang='lat' dir='ltr'>eripi</span> <span class='ocrx_word' id='word_1_355' title='bbox 210 2866 247 2908; x_wconf 89' lang='lat' dir='ltr'>sibi</span> <span class='ocrx_word' id='word_1_356' title='bbox 259 2866 343 2923; x_wconf 88' lang='lat' dir='ltr'>patitur,</span> <span class='ocrx_word' id='word_1_357' title='bbox 360 2880 384 2907; x_wconf 88' lang='lat' dir='ltr'>ne</span> <span class='ocrx_word' id='word_1_358' title='bbox 398 2866 494 2908; x_wconf 88' lang='lat' dir='ltr'>nobilitati</span> <span class='ocrx_word' id='word_1_359' title='bbox 508 2880 556 2908; x_wconf 89' lang='lat' dir='ltr'>suae</span> <span class='ocrx_word' id='word_1_360' title='bbox 567 2866 695 2921; x_wconf 84' lang='lat' dir='ltr'>ignominiam</span> <span class='ocrx_word' id='word_1_361' title='bbox 708 2868 808 2924; x_wconf 78' lang='lat' dir='ltr'>imponat3</span> <span class='ocrx_word' id='word_1_362' title='bbox 824 2883 860 2911; x_wconf 93' lang='lat' dir='ltr'>ve-</span> 
     </span>
     <span class='ocr_line' id='line_1_40' title="bbox 78 2935 860 2992; baseline 0.005 -16"><span class='ocrx_word' id='word_1_363' title='bbox 78 2935 172 2978; x_wconf 88' lang='lat' dir='ltr'>stimenta</span> <span class='ocrx_word' id='word_1_364' title='bbox 184 2935 295 2992; x_wconf 63' lang='lat' dir='ltr'>relinquit,</span> <span class='ocrx_word' id='word_1_365' title='bbox 309 2942 329 2977; x_wconf 92' lang='lat' dir='ltr'>et</span> <span class='ocrx_word' id='word_1_366' title='bbox 339 2935 429 2990; x_wconf 84' lang='lat' dir='ltr'>corporis</span> <span class='ocrx_word' id='word_1_367' title='bbox 441 2935 537 2978; x_wconf 87' lang='lat' dir='ltr'>iacturam</span> <span class='ocrx_word' id='word_1_368' title='bbox 551 2949 590 2977; x_wconf 90' lang='lat' dir='ltr'>non</span> <span class='ocrx_word' id='word_1_369' title='bbox 601 2935 660 2990; x_wconf 63' lang='lat' dir='ltr'>facin</span> <span class='ocrx_word' id='word_1_370' title='bbox 682 2937 747 2979; x_wconf 88' lang='lat' dir='ltr'>locum</span> <span class='ocrx_word' id='word_1_371' title='bbox 758 2938 811 2979; x_wconf 89' lang='lat' dir='ltr'>illum</span> <span class='ocrx_word' id='word_1_372' title='bbox 825 2939 860 2980; x_wconf 86' lang='lat' dir='ltr'>de-</span> 
     </span>
    </p>
   </div>
   <div class='ocr_carea' id='block_1_3' title="bbox 101 3048 861 3144">
    <p class='ocr_par' dir='ltr' id='par_1_17' title="bbox 101 3048 861 3144">
     <span class='ocr_line' id='line_1_41' title="bbox 102 3048 569 3094; baseline -0.002 -10"><span class='ocrx_word' id='word_1_373' title='bbox 102 3050 118 3084; x_wconf 81' lang='lat'>5.</span> <span class='ocrx_word' id='word_1_374' title='bbox 130 3048 202 3094; x_wconf 67' lang='grc' dir='ltr'>εὑρήσει</span> <span class='ocrx_word' id='word_1_375' title='bbox 213 3053 250 3085; x_wconf 74' lang='lat' dir='ltr'>edit.</span> <span class='ocrx_word' id='word_1_376' title='bbox 260 3052 316 3086; x_wconf 71' lang='lat' dir='ltr'>Puto.</span> <span class='ocrx_word' id='word_1_377' title='bbox 480 3052 511 3085; x_wconf 82' lang='lat' dir='ltr'>too.</span> <span class='ocrx_word' id='word_1_378' title='bbox 522 3054 569 3093; x_wconf 82' lang='lat' dir='ltr'>repet.</span> 
     </span>
     <span class='ocr_line' id='line_1_42' title="bbox 101 3095 861 3144; baseline 0.004 -13"><span class='ocrx_word' id='word_1_379' title='bbox 101 3095 118 3131; x_wconf 80' lang='lat'>6.</span> <span class='ocrx_word' id='word_1_380' title='bbox 129 3098 163 3142; x_wconf 71' lang='grc' dir='ltr'>τῆς</span> <span class='ocrx_word' id='word_1_381' title='bbox 172 3099 247 3131; x_wconf 79' lang='lat' dir='ltr'>emissum</span> <span class='ocrx_word' id='word_1_382' title='bbox 256 3100 279 3132; x_wconf 80' lang='lat' dir='ltr'>cst</span> <span class='ocrx_word' id='word_1_383' title='bbox 288 3099 306 3130; x_wconf 84' lang='lat' dir='ltr'>tn</span> <span class='ocrx_word' id='word_1_384' title='bbox 316 3098 353 3131; x_wconf 81' lang='lat' dir='ltr'>odit.</span> <span class='ocrx_word' id='word_1_385' title='bbox 361 3098 416 3132; x_wconf 88' lang='lat' dir='ltr'>Petcu.</span> <span class='ocrx_word' id='word_1_386' title='bbox 427 3099 458 3132; x_wconf 80' lang='lat' dir='ltr'>co·</span> <span class='ocrx_word' id='word_1_387' title='bbox 504 3098 543 3131; x_wconf 75' lang='lat' dir='ltr'>can.</span> <span class='ocrx_word' id='word_1_388' title='bbox 552 3097 582 3130; x_wconf 79' lang='lat' dir='ltr'>tx.</span> <span class='ocrx_word' id='word_1_389' title='bbox 595 3116 616 3122; x_wconf 93' lang='lat'><em>-</em></span> <span class='ocrx_word' id='word_1_390' title='bbox 636 3096 651 3132; x_wconf 89' lang='lat' dir='ltr'>t.</span> <span class='ocrx_word' id='word_1_391' title='bbox 664 3096 745 3144; x_wconf 73' lang='grc' dir='ltr'>ἐκκλείσῃ</span> <span class='ocrx_word' id='word_1_392' title='bbox 757 3100 794 3133; x_wconf 83' lang='lat' dir='ltr'>edit.</span> <span class='ocrx_word' id='word_1_393' title='bbox 805 3101 861 3135; x_wconf 76' lang='lat' dir='ltr'>Potae.</span> 
     </span>
    </p>
   </div>
   <div class='ocr_carea' id='block_1_4' title="bbox 0 0 1013 3392">
    <p class='ocr_par' dir='ltr' id='par_1_18' title="bbox 0 0 1013 3392">
     <span class='ocr_line' id='line_1_43' title="bbox 0 0 1013 3392; baseline 0 0"><span class='ocrx_word' id='word_1_394' title='bbox 0 0 1013 3392; x_wconf 95' lang='lat' dir='ltr'> </span> 
     </span>
    </p>
   </div>
  </div>
 </body>
</html>
