1988 3392
159 208 201 249 560
448 214 661 249 sANcTIEPffHANn

218 298 349 349 Νικολαίται,
364 291 404 339 οίπό
415 293 519 339 Νικολοίου
529 300 566 339 τοῦ
578 296 611 340 ἐπὶ
621 301 664 347 ταῖς
676 293 745 353 χήραις
755 292 796 339 ῦπό
806 299 846 339 τῶν
858 291 943 339 ἄποστό-

159 372 199 410 λων
210 367 328 421 ταχθέντας,
346 370 369 396 13
377 363 411 409 διαί
422 369 479 421 ζῆλον
485 371 525 421 τῆς
537 368 590 417 ἰδίας
601 371 688 423 γαμετῆς
697 365 734 422 την
746 367 889 423 αἰσχρουργίαν
902 363 944 419 ἅμα

160 441 203 486 τοῖς
219 434 286 487 ίίλλοις
303 438 397 480 ἐπιτελεῖν
413 435 460 486 τοῦς
478 437 552 480 ἑαυτοῦ
569 435 662 492 μαθητός
678 435 771 491 διδάξας,
793 436 828 479 καί
844 436 889 492 περὶ
908 439 944 477 τοῦ

161 504 285 548 Καυλακαοίκ
297 506 331 547 καί
348 508 496 560 14Προονίκου
506 507 541 547 καὶ
552 504 615 548 ίίλλων
630 507 759 560 βαρβαρικῶν
774 503 879 558 ὀνομάτων
894 503 945 557 εἰςη-

160 573 277 629 γησοίμενος.

73 653 149 690 pagum.
220 640 341 690 Γνωστικοί,
363 637 399 688 τός
417 638 480 689 αὐτός
495 641 579 696 αἱρέσεις
593 640 740 692 διαδεξόμενοι,
760 641 820 683 πλέον
835 639 871 681 καί
888 635 945 680 αῦτοὶ

161 708 242 752 πάντων
256 706 294 761 τὴν
309 706 428 762 αἰσχρότητα
444 710 536 763 ἐμμανεῖς
552 709 688 765 ἐργαζόμενοι,
709 710 730 751 ἒν
738 708 835 766 Αἰγύπτῳ
848 706 869 749 δὲ
881 710 946 762 Στρα-

125 772 128 777 ’
161 778 250 822 τιωτικοί
263 775 394 832 καλούμενοι,
415 779 450 821 καί
467 780 598 834 Φιβιωνῖται,
620 779 641 822 ἐν
653 778 675 821 δὲ
687 782 729 828 τοῖς
741 776 869 835 οίνωτερικοῖς
881 775 946 833 μέρεσι

162 849 316 900 Σεκουνδιαυοί,
332 848 353 891 ἓν
364 845 429 899 ι’ίλλοις
440 848 462 892 δὲ
473 850 539 907 μέρεσι
550 854 686 905 Σωκρατῖται,
706 848 762 907 παροί
774 849 796 892 δὲ
808 849 883 906 ἓτὲροις
894 851 945 890 Ζακ-

161 926 224 976 γαῐοι·
245 917 301 962 ίίλλοι
317 918 339 961 δὲ
355 918 501 970 15Κοδιανοῦς
516 918 591 969 αὐτοῦς
605 920 695 976 λέγουσι,
717 917 772 963 ίίλλοι
787 919 809 962 δὲ
823 919 947 975 Βορβορίτας

162 987 237 1038 αὐτοῦς
251 992 338 1031 καλοῦσι.

221 1059 410 1113 Καρποκρατιανοὶ,
426 1057 468 1099 ιἰπό
482 1056 643 1114 Καρποκροίτονς
654 1056 708 1106 τινός
719 1062 759 1099 τῶν
770 1058 792 1099 ἒν
802 1061 827 1115 τῇ
836 1056 905 1114 Ἀσία,
926 1054 948 1105 ὃς

164 1127 255 1169 ἐδίδασκε
266 1129 335 1168 πᾶσαν
345 1127 485 1180 αἰσχρουργίαν
497 1126 590 1174 ἐκτελεῖν,
610 1126 644 1166 καὶ
658 1129 699 1166 πᾶν
711 1125 832 1179 ἐπιτήδευμα
845 1122 947 1178 ἁμαρτίας.

164 1194 206 1235 Καί
218 1195 237 1234 εἰ
247 1191 274 1246 μη
285 1209 315 1241 τις
326 1191 360 1234 διαί
371 1191 464 1243 πάντων,
485 1194 547 1245 φησί,
567 1193 673 1249 παρέλθη,
693 1193 729 1234 καί
742 1191 765 1235 τό
775 1193 854 1245 θέλημα
865 1191 948 1232 πόντων

164 1259 266 1315 δαιμόνων
276 1261 311 1302 καὶ
321 1259 409 1317 ἀγγέλων
423 1261 527 1312 ἐκτελέσω,
548 1259 573 1302 οὗ
588 1259 671 1303 δόναται
682 1258 794 1315 ὑπερβῆναι
805 1261 833 1309 εἰς
841 1258 877 1301 τόν
887 1255 948 1315 οῦρα-

164 1328 211 1383 νόν,
227 1328 276 1372 οὐδὲ
286 1327 322 1379 τοίς
332 1327 404 1387 ἆρχοίς,
419 1329 454 1372 καὶ
464 1327 499 1378 τοίς
509 1330 600 1381 ἐξουσίας
610 1334 723 1387 παρελθεῖν.
747 1327 817 1387 Ἔλεγε
828 1328 849 1371 δὲ
860 1325 896 1371 τόν
908 1325 949 1384 Ἰη-

165 1405 215 1445 σοῦν
230 1397 299 1456 ψυχὴν
312 1398 384 1458 νοερόν
400 1400 513 1456 εἰληφέναι,
535 1399 633 1448 εἰδόταδὲ
643 1398 668 1444 τοί
679 1398 721 1444 ίίνω
735 1401 769 1444 καὶ
780 1398 804 1444 τοί
815 1400 904 1443 ἐνταῦθα
914 1417 949 1442 κα-

165 1472 287 1528 ταγγέλλειν,
301 1472 336 1513 καὶ
349 1468 376 1520 τίς
388 1472 407 1513 εί
415 1489 445 1521 τις
458 1468 549 1527 πράξειεν
560 1470 620 1525 ὅμοια
629 1475 657 1529 τῷ
669 1469 751 1525 Ἰησοῦ,
766 1468 808 1513 κατ’
819 1468 881 1513 αὐτόν
893 1466 948 1512 εἶναι.

169 1540 210 1583 Τόν
219 1540 241 1582 δὲ
252 1539 315 1593 νόμον
332 1539 369 1582 σῦν
381 1544 405 1598 τῇ
416 1544 457 1582 τῶν
470 1544 547 1595 νεκρῶν
562 1538 669 1582 ἀναστάσει
685 1538 815 1596 ἀπαγορεύει,
838 1537 865 1588 οίς
875 1540 898 1581 αἱ
907 1536 948 1581 οἰπό

167 1612 261 1664 Σίμωνος
277 1609 368 1665 αἱρέσεις.
401 1607 478 1651 Τούτου
497 1609 575 1664 γέγονεν
590 1606 713 1668 ηένῬοίμη
728 1610 862 1664 Μαρκελλίνα.
890 1607 950 1650 Εἰκό-

167 1696 203 1728 νας
216 1678 238 1719 δὲ
248 1676 334 1731 ποιήσας
344 1679 366 1719 ἐν
375 1681 444 1735 κρυφῇ
454 1674 529 1731 Ἰησοῦ,
544 1678 578 1719 καί
592 1676 683 1729 Παῦλον,
698 1678 734 1719 καί
742 1675 844 1733 Ὁμήρου,
859 1677 894 1718 καὶ
906 1680 949 1718 Πν-

167 1744 271 1801 θαγόρου,
285 1743 358 1793 ταύτας
373 1746 449 1797 ἐθυμία
462 1745 498 1786 καὶ
512 1743 636 1801 προςεκόνει.

226 1948 363 2005 Κηρινθιανοί
373 1947 407 1991 καὶ
417 1950 571 2005 Μηρινθιανοί,
592 1950 613 1992 οἱ
624 1946 663 1992 οἰπό
675 1950 782 2006 Κηρίνθου
793 1949 828 1992 καί
839 1950 952 2007 Μηρίνθον

167 2019 277 2074 Ἰουδαῖοι,
296 2019 367 2070 οίτινες
383 2017 492 2076 περιτομὴν
503 2017 595 2076 αῦχοῦσι,
615 2020 650 2064 καὶ
661 2018 738 2075 κόσμον
749 2017 789 2063 ῦπό
802 2016 888 2078 οἶγγέλων
900 2037 951 2078 γεγε.

168 2096 254 2147 νῆσθαι,
270 2087 305 2132 τόν
319 2090 342 2133 δὲ
354 2087 436 2145 Ἰησοῦν
451 2088 502 2133 κατοί
517 2089 624 2147 προκοπήν
641 2089 729 2147 Χριστόν
742 2095 852 2134 καλεῖσθαι.

228 2232 354 2284 Ναζωραῖον,
369 2226 449 2282 Ἰησοῦν
461 2229 497 2282 μὲν
507 2226 651 2285 ὁμολογοῦντες
661 2227 707 2271 υἱόν
716 2233 779 2280 θεοῦ,
794 2227 859 2271 ποίντα
872 2228 894 2271 δὲ
903 2226 953 2271 κατοί

168 2296 232 2353 νόμον
247 2295 402 2350 πολιτευόμενοι.

225 2362 349 2418 Ἐβιωναῖοι,
370 2367 513 2418 παραπλησίως
531 2368 572 2405 τοῖν
589 2365 739 2418 προειρημένων
757 2368 902 2418 Κηρινθιανῦν
918 2364 953 2405 καὶ

171 2433 306 2488 Ναζωραίων,
322 2429 353 2481 οἷς
364 2430 461 2484 συνηφθη
472 2430 524 2473 κατά
535 2447 554 2472 τι
564 2428 578 2484 ἡ
588 2435 628 2472 τῶν
637 2433 753 2484 Σαμψαίων
764 2447 784 2472 τε
794 2431 828 2472 καί
837 2429 954 2473 Ἑλκεσαίων

172 2503 255 2557 αἵρεσις·
276 2503 298 2542 οἳ
306 2498 341 2541 τόν
355 2499 443 2556 Χριστόν
455 2513 517 2551 φασιν
527 2500 619 2541 ἐκτίσθαι
631 2500 652 2541 ἒν
663 2503 690 2556 τῷ
702 2498 795 2556 οὐρανῷ,
817 2500 851 2541 καί
863 2497 885 2541 τό
897 2496 954 2555 ίίγιον

171 2574 259 2626 πνεῦμα,
281 2568 418 2626 ἐνδημησαντα
433 2567 454 2611 δὲ
466 2569 487 2612 ἐν
500 2565 605 2628 τῷἈδοίμ
620 2573 711 2626 πρῶτον,
732 2565 827 2613 καὶκατὰ
843 2565 955 2625 καιρόνέν-

172 2639 271 2698 δυόμενον
282 2639 344 2684 αὐτόν
355 2638 390 2684 τόν
398 2638 472 2695 Ἀδάμ,
487 2640 521 2682 καί
532 2637 592 2683 πόλιν
602 2639 729 2696 ἐκδυόμενον.
762 2644 826 2684 Τοῦτο
840 2637 907 2697 16γοίρ
916 2657 953 2695 φα-

173 2726 207 2755 σιν
218 2712 369 2754 ε’πιτετελεκέναι
384 2709 447 2753 αὐτόν
462 2711 483 2752 ἒν
497 2714 523 2768 τῇ
535 2709 624 2769 ἒνσόρκω
640 2709 703 2754 αῦτοῦ
721 2713 828 2768 παρουσία.
857 2708 956 2753 Ἰουδαῖοι

173 2782 196 2824 δὲ
208 2778 264 2831 όντες
274 2778 393 2836 εόαγγελίοις
403 2781 513 2835 κέχρηνται.
543 2783 688 2835 Σαρκοφαγίαν
697 2778 845 2834 βδελύττονται,
867 2778 889 2823 τό
899 2778 955 2834 ῦδωρ

174 2851 197 2893 δὲ
207 2849 253 2892 ἄντί
264 2853 315 2891 θεοῦ
332 2851 409 2903 ἐ’χουσι,
430 2846 465 2891 τόν
476 2847 498 2889 δὲ
512 2845 600 2902 Χριστόν
612 2847 724 2905 ἄνθρωπον
735 2849 756 2890 ἒν
766 2851 789 2906 τῇ
803 2847 893 2907 ἒνσοίρκῳ
905 2865 956 2903 παρ·

173 2921 233 2976 ουσίγι
250 2915 381 2969 ε’νδεδῦσθαι,
402 2914 430 2966 οίς
446 2917 504 2970 ἔφην.
541 2920 633 2971 Συνεχῶς
650 2917 671 2959 δὲ
689 2918 815 2970 βαπτίζονται
836 2918 857 2959 ἓν
874 2921 916 2967 τοίς
934 2915 956 2959 ῦ-

197 3032 224 3066 13.
239 3034 296 3074 Repete
312 3028 332 3070 ῦς
346 3041 432 3073 pronomen
447 3040 467 3063 εα
477 3039 515 3063 voce
525 3041 555 3063 τα·
602 3028 628 3064 14.
639 3030 728 3073 προυνικοῦ
740 3031 786 3063 codd.
798 3041 834 3064 mss.
847 3034 915 3071 uterque.

175 3076 251 3121 χθέντος.
602 3076 627 3108 15.
640 3077 702 3117 Ηομοκι
714 3074 823 3113 Κοδδιανοῦς.
