1988 3392
241 227 336 262 seusun
347 228 391 262 nm.
402 229 432 262 m.
444 228 500 262 rou.
512 228 526 262 r.
536 206 605 261 niun.
616 227 690 261 nxxn.
833 217 861 259 53

72 313 164 359 creatus,
186 321 226 350 non
240 309 316 361 factus,
339 310 374 351 sed
386 309 478 351 existens
494 323 585 366 semper,
608 322 686 350 aecum
699 308 736 349 deo
749 314 861 363 patreper-

73 383 132 434 petuo
148 390 243 433 regnans.
275 381 334 419 Cuius
348 393 416 432 regne,
438 385 556 421 uttestatur
571 377 686 434 apostolus,
709 379 965 431 oonerz'tfim'e.nuer,e³.

74 445 112 487 Hic
122 445 165 502 ipse
177 446 240 499 filius,
256 446 299 503 ipse
312 446 388 500 virtus,
404 446 448 504 ipse
462 448 572 504 sapientia,
589 447 632 504 ipse
644 446 758 503 proprium,
780 460 861 487 verum-

73 529 111 571 que
121 515 153 556 dei
163 515 259 567 verbum,
276 516 368 558 dominus
378 524 448 558 noster
458 514 515 558 iesus
527 514 629 569 Christus,
645 514 732 556 indivisa
743 514 775 556 dei
784 514 861 566 virtus3

72 597 181 641 perquem
198 591 265 626 creato
284 584 350 627 omnia
367 586 463 642 producta
479 592 538 636 sunt,
561 593 583 627 ut
599 583 725 639 ervangetium
742 583 807 624 docet.
838 586 862 623 In

69 655 177 707 principio,
198 653 273 709 inquit,
296 656 436 704 erotucrhum,
459 655 566 695 ctoerbom
581 655 687 706 erotopud
698 654 763 701 decent,
785 660 805 692 et
816 655 965 697 deusloanr.1‚l-

72 729 117 762 erut
126 723 216 762 uerbum:
238 726 301 763 onrne'o
311 738 348 776 pce·
360 726 420 776 ipsum
430 725 485 778 secto
497 731 553 772 carot,
565 726 646 764 'eterne
657 722 780 776 rpsosoctum
791 723 862 761 estni-

71 792 107 831 ln'l.
140 789 185 831 Hoc
203 791 280 832 demum
297 792 380 833 verbnm
398 799 429 833 est
444 792 468 833 de
484 806 523 847 quo
538 790 606 833 Lucas
625 789 748 846 evengelista
766 796 859 830 testatur.

71 862 136 910 Sicut,
155 858 231 914 inquit,
256 862 380 900 tradiderunt
388 861 444 900 niobes
453 864 489 913 qni
497 862 522 900 ob
535 863 591 900 r‘nr'te'o
607 864 724 913 inspectores
738 866 758 898 ct
772 860 924 898 mene'etre'hssffl,
934 859 949 888 ²·

69 929 126 982 fuere
141 929 200 967 uerbi.
232 927 264 969 Ad
283 929 365 969 eundem
385 928 442 968 etiarn
460 927 524 969 David
541 928 643 983 respexit,
666 942 709 969 cum
730 927 758 968 ita
775 926 860 968 cecinit:

71 1000 175 1038 Eructavit
184 1011 284 1037 cormeum
294 998 370 1037 verberor
381 998 456 1038 dourcm.
475 995 510 1039 Sic
521 1005 541 1037 et
553 996 644 1037 dominus
654 1002 724 1037 noster
736 997 791 1036 lesus
800 993 859 1037 Chri·
868 997 927 1026 &³¹⁰¹-

72 1066 146 1107 stusin
159 1065 313 1120 evangelionos
326 1065 404 1107 docuit:
426 1069 481 1119 Ego,
499 1064 573 1120 inquit,
595 1067 747 1118 opotreeacz'ni,
769 1067 856 1104 etoenz'o.
876 1034 931 1096 liidi-

73 1134 111 1176 Hie
122 1142 154 1176 est
167 1136 199 1190 qui
210 1134 316 1190 postremis
333 1134 455 1191 temporibus
471 1141 552 1176 nostrae
568 1134 639 1175 salutis
654 1134 719 1190 gratia
736 1133 861 1174 descendens
878 1103 901 1139 n,
911 1102 933 1131 Ἡ

72 1211 93 1246 ει
107 1217 134 1245 ex
149 1203 227 1258 virgine
242 1201 308 1245 Maria
323 1204 403 1258 genitus
419 1203 518 1244 hominem
534 1203 630 1259 suscepit.

130 1269 197 1313 Credo
216 1272 276 1326 igitur
292 1271 312 1312 in
331 1272 388 1313 deum
407 1272 574 1328 omnipotentem,
600 1271 657 1313 etin
674 1268 775 1313 Christum
794 1271 859 1311 Iesum
871 1277 911 1322 cap.
922 1278 953 1311 ιιι.

72 1340 134 1397 ipsius
157 1340 217 1381 titium
240 1340 362 1395 unigenitum
385 1340 484 1382 dominum
508 1347 610 1391 nostrum,
635 1339 723 1395 genitum
745 1339 769 1379 de
789 1337 861 1394 spiritu

72 1416 153 1458 sancto,
175 1416 195 1450 et
205 1406 271 1449 Maria
288 1408 374 1463 virgine,
406 1406 446 1463 Qui
461 1408 498 1450 suh
513 1406 586 1450 Pontio
597 1407 663 1450 Pilato
679 1407 788 1449 crucifixos
798 1413 829 1448 est
840 1414 861 1447 et

72 1478 174 1534 sepultus,
198 1483 219 1518 ει
233 1476 293 1518 tertia
308 1477 339 1517 dic
355 1477 469 1518 resurrexit
481 1491 493 1518 a
505 1476 596 1519 mortuis.
628 1476 727 1519 Ascendit
740 1475 859 1527 incoctum,

72 1552 93 1587 et
107 1546 165 1587 sedet
179 1545 203 1587 ad
219 1545 322 1586 dexteram
339 1545 413 1601 patris,
435 1546 487 1587 unde
505 1553 601 1587 venturus
619 1552 648 1587 est
663 1545 752 1586 iudicare
770 1544 828 1585 vivos
842 1550 862 1584 et

71 1621 170 1655 mortuos.
201 1611 228 1654 Et
238 1613 258 1655 in
270 1613 360 1669 spiritum
371 1620 469 1666 sanctum,
486 1621 574 1656 sanctam
586 1614 704 1665 eeclesiam,
720 1613 861 1654 remissionem

72 1689 211 1739 peecatorum,
234 1682 301 1724 caruis
316 1683 497 1735 resurrectionem,
521 1682 582 1724 vitam
598 1690 709 1724 aeternam.
741 1683 782 1723 Iam
798 1681 862 1738 patris

72 1759 92 1793 ct
105 1751 138 1793 filii
151 1750 273 1793 divinitatem
291 1750 351 1793 dividi
364 1766 403 1793 non
415 1765 475 1808 posse
487 1766 498 1793 ε
509 1752 574 1794 sacris
586 1751 650 1793 literis
664 1749 776 1792 didicimus.
807 1749 861 1792 Nam

71 1820 88 1862 si
100 1819 145 1876 quis
157 1818 229 1871 filium,
252 1819 289 1861 hoc
299 1827 330 1861 est
342 1819 484 1876 omnipotentis
496 1820 527 1861 dei
538 1820 634 1873 verbum,
656 1833 752 1876 separare
763 1819 859 1871 voluerit,

72 1902 156 1930 necesse
171 1880 202 1929 cst
215 1895 236 1929 ut
249 1895 283 1929 aut
294 1888 343 1930 duos
354 1902 399 1930 esse
410 1889 459 1930 deos
474 1888 592 1941 arbitretur,
614 1887 634 1930 it
645 1889 697 1945 quod
708 1902 720 1929 a
731 1887 814 1930 coelesti
826 1889 861 1929 do-

72 1956 136 1999 ctriua
147 1957 274 1999 confessione
287 1956 374 1999 omnium
387 1956 492 2010 abhorret,
510 1963 544 1998 eut
558 1957 639 1999 verbnm
656 1971 701 1999 esse
715 1958 773 1999 deum
784 1956 860 1998 inficie-

72 2033 113 2078 tur,
130 2026 181 2081 quod
193 2032 212 2066 ει
222 2026 285 2081 ipsum
296 2025 321 2066 ab
332 2025 411 2066 sincera
424 2026 461 2066 tide
473 2025 553 2066 videtur
566 2026 663 2077 alienum,
680 2041 724 2068 cum
735 2026 860 2080 evengelista

73 2094 136 2146 dieat,
159 2096 242 2134 Etdeos
255 2094 393 2134 erotoerhum.
425 2092 470 2149 Ego
482 2107 532 2135 vero
544 2100 600 2135 certo
610 2094 658 2135 iilud
670 2094 740 2146 didici,
764 2095 860 2136 virtutem

72 2162 146 2219 patris,
168 2161 206 2203 hoc
222 2168 254 2203 est
270 2162 342 2213 filium,
364 2175 428 2218 neque
448 2161 519 2214 dividi,
543 2176 607 2218 neque
624 2162 714 2218 separari
730 2176 797 2219 posse.
828 2160 859 2203 ita

73 2231 126 2272 enim
138 2231 227 2272 salrator
240 2244 263 2271 ae
275 2230 366 2271 dominus
382 2238 452 2272 noster
463 2229 521 2272 lesus
533 2228 626 2273 Christus
637 2231 735 2287 loquitur:
751 2234 775 2272 In
785 2246 815 2271 me
822 2238 923 2300 po-Ippnp,

73 2308 113 2349 ter,
131 2307 151 2340 et
160 2314 196 2352 ego
206 2301 225 2339 r'o
233 2306 302 2352 putre,
319 2298 380 2340 item:
396 2302 440 2352 Ego
451 2307 471 2340 et
478 2308 536 2353 poter
548 2315 605 2341 cereum
616 2315 692 2350 eternus,
715 2307 746 2352 et,
763 2303 802 2352 ont
810 2303 862 2340 mitet
874 2294 928 2371 llpinpp

73 2384 112 2418 me,
130 2371 299 2421 ouetetpanem.
331 2366 389 2409 Hanc
401 2368 462 2425 igitur
472 2383 529 2424 quam
542 2370 653 2411 etesacris
663 2369 727 2410 literis
737 2369 858 2426 acecpimus,
895 2364 900 2378 '
927 2364 931 2371 ’

73 2444 93 2478 ει
105 2451 116 2477 a
129 2436 237 2478 maioribus
253 2435 327 2478 nostris
339 2439 447 2478 secundum
464 2438 521 2479 deum
533 2437 647 2490 didicimus,
665 2438 721 2479 fidem
734 2452 778 2480 cum
793 2438 814 2479 in
827 2452 859 2479 ce·

75 2505 136 2547 etesia
148 2506 180 2547 dei
191 2505 296 2561 praedico,
319 2511 359 2546 tum
373 2506 397 2548 ad
410 2513 429 2547 ιε
441 2507 499 2548 modo
516 2506 629 2562 perscribo,
651 2506 733 2563 eiusque
751 2521 812 2562 penes
827 2520 860 2548 me

76 2574 179 2629 exemplar
190 2573 270 2615 retinui.
285 2616 287 2620 ,
301 2571 408 2616 Postremo
419 2574 466 2616 ittut
479 2589 490 2616 a
501 2582 521 2616 te
532 2582 585 2630 peto,
603 2582 624 2616 ut
637 2576 727 2617 ciusdem
742 2590 799 2617 meae
814 2591 860 2632 pro-

75 2642 169 2686 fessionis
181 2642 293 2699 excmplum
308 2642 347 2685 tuis
359 2644 383 2685 ad
395 2643 499 2701 episcopos
509 2644 573 2686 literis
584 2644 673 2698 inseras,
690 2659 715 2686 ne
726 2645 770 2701 quis
780 2659 858 2696 eorum,

75 2712 145 2768 quibus
161 2718 254 2753 accurate
265 2712 363 2768 perspecti
379 2727 418 2754 non
432 2727 513 2765 sumus,
536 2713 614 2754 iliorum
631 2714 655 2755 dc
667 2727 698 2755 me
710 2714 791 2770 scriptis
802 2702 859 2755 fidem

76 2780 171 2823 adhibens
186 2779 206 2821 in
222 2793 311 2821 errorem
326 2780 438 2823 inducatur.
471 2780 551 2824 Velete.

132 2847 236 2891 Hactenus
251 2848 342 2906 epistole.

97 2990 114 3043 β.
134 2986 187 3032 λέγων
203 2989 250 3022 codd.
266 2997 303 3022 mss.
320 2992 384 3030 uterque
401 2994 415 3023 et
429 2991 453 3023 ed.
501 2989 579 3043 Capiti,
594 3010 615 3016 -
638 2991 651 3024 Ι.
664 2989 689 3029 εἰς
699 3001 731 3023 uon
742 2994 814 3033 agnoseit
824 2995 858 3027 ced.

74 3044 181 3125 pnppklffl
195 3089 225 3113 mu·
238 3080 273 3114 eud.
284 3080 350 3122 Rhedt'u.
477 3037 628 3127 Rhiiliiieppctdeu
640 3083 674 3115 eod.
684 3083 750 3125 Rtudr'p.
