1988 3392
118 221 161 263 454
406 229 489 263 ειειατι
500 230 617 264 τειεειειιιι

24 328 59 357 pag.
68 320 107 349 ιοιε,
120 310 214 366 αἱρέσεων
222 307 287 366 χάριν·
297 310 331 351 ἵνα
341 307 369 363 μή
377 324 428 359 τινες
437 306 539 369 ὑπερβολῇ
548 308 690 365 θαυμάσαντες
697 308 734 365 τήν
742 307 801 367 άγίαν
810 311 838 361 είς
845 313 905 353 τοῦτο

120 376 236 421 ύποπέσιοσι
250 382 286 432 τῆς
301 378 394 433 αἱρέσεως
409 375 431 421 τό
445 376 577 434 ληρολόγημα.

31 460 102 505 Κερς,
179 445 257 501 Χλεύης
268 446 306 503 γάρ
323 447 363 490 ἐστι
377 445 400 489 τό
412 451 464 499 πάν,
485 447 520 490 καί
533 445 624 505 γραῶνό
635 452 713 503 μῦθος,
735 444 763 498 τίς
775 449 848 500 εἰπεῖν,
869 452 906 502 τῆς

122 516 215 571 αἱρέσεως
230 515 253 559 τό
271 514 363 572 διήγημα.
395 518 449 559 Ποία
462 516 485 558 δέ
500 534 530 566 τις
545 514 613 573 γραφή
628 514 737 573 διηγήσατο
755 518 801 573 περὶ
820 515 906 568 τούτου,Ι

123 589 188 634 Ποῖος
203 589 314 640 προφητῶν
330 585 438 640 ἐπέτρεψεν
453 583 566 641 άνθρωπον
582 591 751 641 προςκυνεῖσθαι,
771 584 796 628 ού
813 583 853 640 μήν
871 604 904 642 γυ-

122 659 181 696 ναῖκα
197 655 282 711 1λε’γεινς
311 652 422 709 Έξαίρετον
441 654 476 708 μέν
486 643 526 711 γάρ
541 656 581 697 ἐστι
592 653 614 698 τό
625 659 706 708 σκεῦος,
727 652 849 711 άλλάγυνή,
871 655 906 697 καὶ

122 722 183 765 οὐδὲν
192 721 229 778 τήν
241 721 303 776 φύσιν
318 724 481 779 παρηλλαγμένη,
503 722 540 778 τήν
552 723 574 767 δὲ
585 721 666 780 γνώμην
677 724 713 767 καί
727 721 763 777 τήν
775 725 871 777 αἴσθησιν
886 725 908 767 έν

122 796 170 851 τιμή
187 792 315 847 τετιμημένη,
336 790 402 847 σ’ίςπερ
413 790 437 834 τά
448 790 530 846 σώματα
540 795 580 835 τῶν
595 789 668 849 άγίιον,
690 793 725 836 καὶ
736 794 756 836 εἷ’
764 810 783 835 τι
794 790 908 849 περισσότε-

124 877 160 917 ρον
168 859 219 918 πρός
229 862 346 917 δοξολογίοιν
354 862 437 914 εἴποιμι,
453 859 481 911 σίς
492 858 559 911 Ἠλίας
569 863 591 905 ἐκ
602 859 677 917 μητρός
688 862 796 916 παρθένος,
811 862 846 903 καὶ
854 859 908 903 ούτοτ

124 930 189 984 μένων
201 930 228 979 εἷς
238 928 259 972 τό
270 929 368 984 διηνεκές,
388 931 423 972 καί
436 928 636 985 άναλαμβανόμενος,
656 928 747 973 θάνατον
761 931 783 973 δὲ
795 927 833 985 ούχ
847 930 907 986 έιορα-

123 996 174 1048 κυές·
190 996 218 1049 τίς
230 996 242 1041 ό
252 997 356 1053 Ἰωάννης,
371 996 383 1042 ό
394 1000 427 1042 ἐπὶ
439 997 461 1042 τό
473 1004 551 1055 στῆθος
561 1004 597 1042 τοῦ
606 1002 679 1057 κυρίου
689 997 806 1052 άναπεσάν,
826 998 850 1042 ὃν
860 997 909 1055 ήγά-

124 1084 154 1109 πα
166 1064 178 1110 ό
188 1065 276 1122 Ἰησοῦς·
292 1065 320 1118 σός
332 1069 397 1111 Θὲκλα
409 1066 488 1125 ήάγία,
507 1069 542 1111 καί
555 1071 627 1124 Μαρία
636 1066 651 1122 ή
663 1069 707 1112 Ξέτι
717 1067 791 1122 ταύτης
802 1068 910 1124 τιμιωτέρα

125 1135 149 1180 δι’
160 1136 186 1190 ἣν
198 1139 317 1190 κατηξίωται
329 1138 451 1192 οἰκονομίαν,
478 1136 527 1180 Ἀλλ’
542 1136 588 1181 ούτε
598 1135 665 1188 Ἠλίας
677 1135 822 1194 προςκυνητός,
837 1140 909 1193 καίπερ

125 1206 147 1248 ἐν
156 1209 216 1257 ζῶσιν
227 1203 264 1248 σύν·
286 1204 332 1248 ούτε
339 1205 435 1261 Ἰωάννης
446 1205 594 1263 προςκυνητός,
616 1210 650 1249 καί
662 1209 693 1250 τοί
705 1224 726 1263 γε
739 1204 773 1249 διά
785 1207 837 1256 ἰδίας
851 1204 911 1261 εὐχῆς

124 1272 162 1329 τήν
177 1276 269 1329 κοίμησιν
288 1273 351 1318 αὐτοῦ
366 1277 477 1330 ἔκπληκτον
495 1274 668 1332 ἀπεργασάμενος,
692 1279 765 1329 μᾶλλον
780 1275 802 1317 δέ
819 1276 842 1318 ἐκ
858 1278 911 1317 θεοῦ

125 1341 193 1397 λαβοίν
202 1341 239 1396 τήν
249 1342 311 1398 χάριν.
340 1341 387 1386 Ἀλλ’
400 1342 446 1387 ούτε
457 1342 470 1399 ή
482 1345 559 1397 Θέκλα,
574 1342 620 1387 ούτε
629 1361 659 1394 τις
670 1348 710 1387 τῶν
721 1341 785 1400 άγίων
795 1348 911 1396 προςκννεῖ-

126 1429 165 1454 ται.
197 1411 227 1454 Ού
246 1411 284 1468 γάρ
302 1411 403 1468 κυριεύσει
419 1410 477 1467 ήμῶν
491 1411 505 1467 ή
518 1410 591 1469 οἷρχαία
607 1412 683 1467 πλάνη,
704 1410 862 1466 καταλιμπάνειν
876 1410 912 1455 τόν

126 1484 199 1532 ζῶντα,
218 1482 253 1523 καί
265 1479 418 1537 προςκυνεῑντά
430 1479 464 1523 ὕπ’
476 1480 539 1524 αύτοῦ
550 1480 650 1539 γεγονότα.
678 1479 809 1538 Ἐλάτρεασαν
824 1480 861 1537 γάρ
877 1482 911 1523 καὶ

126 1547 267 1604 ἐσεβάσθησαν
276 1554 301 1609 τῇ
310 1553 371 1593 κτίσει
381 1548 435 1605 παρά
445 1549 479 1593 τόν
491 1553 592 1603 κτίσαντα,
606 1551 640 1593 καί
651 1549 804 1607 ἐμωράνθησαν.
835 1551 864 1592 Ei
874 1548 912 1606 γάρ

127 1615 223 1675 άγγέλους
239 1624 396 1675 προςκυνεῑσθαι
410 1617 435 1661 ού
447 1619 511 1672 θέλει,
530 1618 587 1678 πόσῳ
600 1623 673 1673 μᾶλλον
688 1617 725 1673 τήν
740 1616 781 1661 ἀπό
793 1616 870 1673 ’Ἁννης
881 1634 913 1674 γε-

127 1688 256 1743 γεννημένην,
270 1686 307 1741 τήν
318 1688 341 1729 ἐκ
352 1691 387 1729 τοῦ
394 1687 488 1740 Ἰωακεὶμ
499 1691 524 1746 τῇ
531 1686 596 1745 ’Ἁννμ
608 1688 753 1744 δεδωρημένην,
769 1685 805 1741 τήν
816 1685 840 1730 δι’
853 1685 913 1741 εύγής

128 1756 163 1798 καὶ
172 1755 238 1809 πάσης
249 1757 359 1809 ἐπιμελείας
374 1753 425 1799 κατά
440 1758 557 1812 ἐπαγγελίαν
568 1756 628 1812 πατρί
643 1757 679 1798 καί
688 1757 748 1812 μητρί
760 1758 867 1807 δοθεῖσαν,
888 1753 913 1798 ού

128 1824 164 1877 μέν
174 1825 245 1881 ἐτέρως
256 1826 398 1880 γεγεννημένην
410 1822 464 1880 παρά
474 1823 511 1878 τήν
519 1828 559 1867 τῶν
569 1823 686 1879 ἀνθρώπων
696 1823 766 1878 φύσιν,
781 1822 830 1867 άλλά
842 1822 914 1874 καθείς

128 1892 202 1942 πάντες
221 1894 243 1936 ἐκ
258 1894 370 1948 σπέρματος
387 1890 461 1949 άνὸρός
476 1894 511 1936 καὶ
527 1891 604 1950 μήτρας
618 1892 725 1948 γυνατκύςς
755 1894 784 1936 Εἰ
798 1891 835 1949 γάρ
851 1893 885 1935 καὶ
901 1891 914 1947 ή

128 1966 164 2017 τής
175 1964 258 2017 Μαρίας
269 1963 344 2017 ἱστορία
354 1963 389 2003 καὶ
399 1960 521 2016 παραδόσεις
537 1963 617 2016 ἐχονσιν
630 1960 661 2004 ότι
673 1962 747 2018 ἐρρέθη
764 1966 792 2019 τῷ
803 1962 864 2016 πατρὶ
878 1961 914 2003 αύ-

127 2035 163 2085 τής
173 2029 266 2084 Ἰωακεὶμ
279 2031 300 2072 ἐν
310 2034 333 2088 κη’
345 2029 411 2089 ἐρήμῳ
423 2029 464 2081 ότι,
478 2028 503 2072 Ἦ
513 2029 564 2086 γυνή
574 2044 612 2072 σου
623 2036 759 2085 συνειληφυῖα,
775 2029 812 2084 οὐχ
824 2029 855 2073 ότι
866 2028 914 2090 άνεν

129 2101 222 2155 συζυγίας
239 2102 297 2140 τοῦτο
314 2099 402 2154 ἐγένετο,
420 2098 468 2142 ούόἐ
485 2098 516 2141 ότι
533 2096 581 2141 άνευ
596 2100 710 2155 σπέρματος
727 2096 812 2154 α’νιλρός,
832 2096 881 2141 άλλά
891 2097 913 2142 τό

129 2168 199 2222 μέλλον
213 2168 296 2210 ἐσεσθαι
306 2165 470 2223 προεθέσπιζενό
480 2165 561 2224 άγγελος
572 2165 698 2219 ἀποσταλείς,
713 2170 746 2211 ἵνα
757 2166 785 2221 μή
795 2185 826 2216 τις
835 2168 915 2223 γένηται

129 2234 247 2293 ιλισταγμός,
262 2235 297 2279 διά
308 2236 330 2279 τό
346 2238 367 2279 ἐν
381 2236 467 2293 άληθείηι
482 2237 636 2292 γεγεννημένον,
657 2237 691 2279 καὶ
703 2235 725 2279 τό
738 2237 760 2279 ἐκ
771 2240 823 2278 θεοῦ
833 2234 873 2290 ήδη
885 2253 915 2278 τε-

129 2306 240 2361 ταγμένον,
255 2306 332 2363 καὶτῷ
348 2307 419 2362 δικαίῳ
435 2305 615 2360 ἐπιγεγεννημένον.

38 2598 72 2639 ρας,
82 2590 121 2634 ιοσμ.
189 2579 229 2620 Καὶ
245 2577 311 2631 πάντη
323 2575 359 2627 τάς
369 2576 450 2633 γραφάς
463 2574 542 2633 όρσῖμεν
558 2578 696 2633 διηγουμένας.
724 2574 806 2627 Ἡσαΐας
817 2575 855 2633 γάρ
867 2594 916 2633 προ-

37 2627 82 2671 m
96 2638 117 2665 ς’
131 2645 223 2704 κηρύττει
238 2646 284 2701 περὶ
300 2650 341 2688 τῶν
352 2644 462 2700 μελλόντων
478 2648 506 2696 εἰς
519 2644 555 2688 τόν
565 2645 610 2689 οἷόν
620 2650 656 2689 τοῦ
669 2651 720 2689 θεοῦ
731 2651 872 2702 πληροῦσθαι,
886 2647 916 2688 λέ-

130 2733 182 2771 γων,
201 2714 254 2758 Ἰδού
265 2712 279 2768 ή
290 2715 393 2768 παρθένος
409 2716 430 2757 ἐν
444 2716 512 2770 γαστρὶ
528 2716 575 2766 έξει,
595 2715 630 2756 καὶ
647 2715 719 2765 τέξεται
736 2714 793 2767 υίόν,
813 2715 848 2756 καὶ
860 2715 914 2756 καλέ-

130 2798 188 2828 σουσι
199 2781 221 2826 τό
236 2782 300 2839 όνομα
312 2783 375 2826 αὐτοῦ
385 2780 521 2837 Ἐμμανουήλ·
543 2785 577 2826 καὶ
591 2782 660 2837 ἐπειδή
673 2784 776 2840 παρθένος
786 2778 811 2837 ’ἧν
822 2780 836 2838 ή
848 2782 916 2839 μεννή·

131 2868 192 2905 σασα,
213 2854 248 2895 καὶ
263 2851 313 2901 θεός
329 2850 340 2893 ό
352 2850 397 2904 μεθ’
408 2850 466 2905 ήμῶν
478 2852 635 2906 ἑρμηνευόμενος
646 2854 668 2894 ἐν
678 2853 758 2909 γυναικί
773 2851 915 2905 κυίσκόμενος·

130 2924 164 2964 ἰ’να
177 2919 205 2976 μή
216 2922 236 2963 ἐν
249 2923 350 2979 δισταγμῷ
362 2918 458 2970 ύπο-νοίας
469 2923 497 2979 τῷ
507 2920 602 2980 προφήτη
614 2918 717 2977 γένηταιή
728 2919 824 2974 ἀλήθεια,
845 2917 885 2980 όρᾷ
896 2921 917 2963 ἐν

131 2989 210 3046 όράσει,
232 2990 265 3032 καί
276 2992 372 3045 διηγεῖται
383 2991 405 3030 ἐκ
417 2989 530 3041 πνεύματος
541 2988 600 3045 άγίου
612 2987 769 3046 ἀναγκαζόμενος
779 2986 792 3032 ό
801 2988 915 3045 προφήτης,

155 3084 195 3117 (λιν.
205 3085 225 3118 V.
241 3103 260 3109 -
286 3083 300 3117 1.
312 3086 337 3117 Αο
348 3084 414 3125 sortasse
427 3083 496 3128 σεβεῖνί
