1988 3392
331 252 404 293 runnx
416 254 502 295 aaron.
764 244 805 287 763

47 333 404 388 quisintManichaeorumelectiibid.—
427 342 502 375 Marcion
525 340 601 374 ordinem
624 339 734 385 epistolarum
759 333 807 369 Pauli

47 398 87 445 quid
107 398 180 431 sentiant
197 396 219 430 de
237 396 295 430 Adami
319 396 404 429 creatione
449 399 537 443 perturbat
550 401 589 431 373.

46 455 87 490 ibid.
104 475 127 481 -
154 465 212 488 eorum
228 453 309 488 refutatio
326 456 365 486 648.
381 471 405 478 -

46 512 128 547 ridiculae
140 510 276 549 Manichaeorum
288 521 342 554 nugae
354 511 392 542 ota.
415 498 429 568 Ξ.
450 512 512 545 futatio
524 512 610 545 subiicitur
622 513 662 543 311.
675 530 702 555 “ss
712 511 742 543 ille
751 510 808 541 Lucae

25 568 133 606 Manichacus
144 567 194 600 deum
206 566 319 611 improbitatis
331 570 417 610 accusat}
451 568 555 613 evangelium
571 567 646 612 corrupit
662 569 733 599 311.-
763 564 806 598 scri-

47 628 86 658 691.
99 643 120 649 -
141 623 241 669 phrenetico
253 612 417 667 comparabili-l
450 625 564 669 pturaelota
580 637 590 658 a
607 623 695 657 Marcione
716 622 808 666 depravata

48 682 123 715 dem.-
139 686 259 713 testamentum
268 678 311 722 legis
321 685 350 711 aut
360 690 404 711 mor·
451 693 482 725 per
497 680 561 725 singula
581 681 636 726 capita
658 678 808 724 evaugeliiLucae

48 738 70 771 tis
79 743 201 771 testamentum
212 735 282 777 asserit,
298 742 316 768 et
327 735 365 768 eius
375 746 405 768 ea·
452 740 490 771 312.
502 740 540 770 313.
553 745 571 770 et
581 749 628 782 seqq.

1 819 5 825 -
48 795 112 841 positio
128 798 167 828 693-
184 812 207 819 -
238 800 257 826 et
274 792 361 837 11110111οᾶ0
378 791 406 824 lex
429 795 520 829 Marcionis
530 795 625 828 confutatio
633 797 672 827 376.
682 814 702 820 -
715 800 732 826 et
739 792 809 836 ineptae

47 853 93 886 iusto
104 864 139 886 non
150 851 173 885 sit
185 850 240 896 posita
251 849 291 885 ibid.
304 869 326 875 —
347 849 407 884 asserit
452 852 473 885 de
490 852 522 885 deo
538 858 609 897 parente
626 858 644 884 et
657 851 724 885 Christo
741 849 809 882 fabulae

49 917 98 945 vetus
107 923 128 945 ac
137 921 200 945 novum
211 915 331 943 testamentum
341 908 362 942 ab
375 919 406 942 eo·
452 910 546 945 destructio
557 910 597 945 ibid.

49 970 88 1003 dem
104 969 185 1015 magistro
201 980 236 1002 uon
254 978 291 1001 esse
310 967 407 1013 profectum
430 969 575 1003 Marcionistarum
591 968 666 1004 haeresis
682 967 762 1014 vigesima
780 978 809 1000 se-

50 1030 89 1061 694.
454 1027 592 1071 crrnda302.-
615 1027 637 1061 ab
647 1033 716 1061 auctore
726 1025 810 1074 sno-Mar-

29 1085 136 1121 Manichacus
148 1085 202 1129 legem
214 1095 234 1118 ac
245 1082 337 1129 prophetas
349 1081 407 1128 quibus
454 1084 502 1118 cione
513 1084 553 1118 ibid.
564 1105 587 1111 -
603 1085 653 1129 longe
663 1085 733 1129 lateque
745 1094 809 1127 propa-

50 1141 173 1187 comparaverit
184 1143 222 1176 695.
230 1160 254 1167 -
265 1147 284 1174 et
294 1140 353 1190 quibus
366 1138 408 1184 ttpi-
453 1148 493 1186 gata
504 1141 545 1175 ibid.

49 1199 120 1244 phanius
132 1211 161 1233 eos
173 1206 260 1243 comparat
270 1197 311 1232 ibid.
323 1203 341 1230 et
351 1199 390 1229 696.
431 1199 521 1232 Marcionis
530 1199 600 1234 historia
609 1199 650 1232 ibid.
658 1218 680 1224 -
696 1198 719 1231 ob
727 1197 811 1230 incestum

28 1256 122 1291 Manichaei
140 1255 214 1290 obiectio
232 1246 291 1289 contra
308 1254 362 1287 carnis
378 1265 408 1287 re·
453 1268 463 1288 a
484 1262 533 1300 patre
554 1256 707 1290 excommunicatur
729 1256 768 1287 302.
787 1272 810 1279 —

52 1312 174 1346 surrectionem
192 1314 230 1345 too.
248 1331 270 1337 -
299 1310 334 1343 eius
345 1309 408 1344 solutio
454 1312 499 1345 nude
511 1319 550 1346 nata
563 1313 598 1346 eins
609 1311 683 1345 haeresis
696 1314 735 1344 303,

52 1369 94 1402 ibid.
107 1389 129 1394 -
147 1380 199 1413 opera
211 1368 264 1401 carnis
276 1378 319 1411 quae
330 1367 364 1399 sint
375 1366 408 1399 ibi·
432 1368 523 1402 Marcionis
539 1362 587 1402 error
601 1368 642 1401 ibid.
654 1387 678 1393 -
699 1379 742 1412 aqua
759 1367 812 1399 utitur

51 1425 96 1458 dem.
108 1444 129 1450 -
147 1424 179 1457 alia
189 1424 223 1456 eius
235 1423 308 1457 obiectio
319 1423 362 1456 circa
371 1434 409 1455 oar-
455 1432 473 1457 et
485 1424 567 1458 sabbatho
576 1425 639 1458 ieiunat
649 1426 689 1457 304.
700 1441 724 1449 —
746 1422 811 1456 animae

52 1493 101 1521 nem,
113 1488 131 1514 et
143 1480 206 1514 solutio
219 1483 258 1514 707.
455 1488 520 1514 tantum
536 1493 570 1515 non
588 1482 638 1515 etiam
650 1481 726 1525 corporis
737 1491 813 1519 resurre-

30 1538 124 1573 Manichaei
139 1537 213 1572 haeresis
230 1549 251 1584 ex
262 1535 336 1570 omnium
353 1541 410 1568 secta·
456 1538 530 1571 ctionem
544 1539 598 1571 credit
613 1538 654 1571 ibid.
667 1557 688 1563 -
711 1537 813 1581 baptismum

51 1607 89 1629 rum
98 1595 193 1630 colluvione
202 1595 348 1629 conflanta&-
362 1604 410 1627 com·
456 1597 507 1631 iterat
526 1596 592 1641 saepius
608 1594 649 1629 ibid.
667 1614 688 1620 -
721 1594 777 1639 legem
793 1606 814 1627 ac

52 1660 122 1700 paratur
134 1653 237 1688 Genehritldi
249 1655 288 1688 709-
457 1655 548 1703 prophetas
563 1654 628 1700 respuit
642 1655 680 1687 305.
694 1673 714 1680 -
737 1652 813 1686 mulieri-

32 1713 107 1747 Marcelli
121 1712 205 1759 professio
216 1712 256 1746 fidei
269 1714 307 1745 836.
321 1732 342 1737 -
371 1709 411 1757 quid
456 1714 487 1748 bus
498 1713 575 1760 permisit
586 1712 672 1759 baptizare
682 1712 723 1746 ibid,
735 1731 758 1736 ..
781 1710 814 1744 ad.

53 1771 75 1804 de
86 1772 168 1805 Marcello
180 1771 280 1804 Athanasius
291 1769 362 1803 senserit
372 1771 411 1802 837.

32 1829 107 1862 Marcelli
129 1828 187 1875 opinio
203 1835 221 1861 et
245 1827 307 1861 Asterii
330 1825 411 1860 refutatio

456 1773 509 1806 mittit
518 1770 678 1817 metempsychosim
688 1770 730 1803 ibid.
742 1790 765 1796 -
781 1768 815 1802 tri-

456 1830 496 1874 plex
510 1829 602 1862 Marcionis
618 1828 719 1873 principium
735 1829 775 1859 306.
795 1845 815 1852 -

54 1888 94 1919 838.
108 1906 128 1911 -
145 1885 202 1920 Aeacii
212 1886 230 1918 in
243 1884 341 1918 Marcellum
352 1883 411 1928 dispu—
457 1887 492 1920 eius
508 1886 588 1919 refutatio
605 1888 644 1919 307.
657 1905 680 1910 —
703 1896 745 1930 quos
762 1883 814 1917 libros

54 1943 97 1977 ratio
109 1944 150 1977 ibid.
456 1944 535 1977 admittat
547 1946 580 1975 309
593 1950 610 1976 et
621 1944 661 1975 310.

32 1999 108 2033 Marcelli
129 2000 208 2046 superbia
230 2000 251 2034 ab
273 1998 334 2032 beatio
353 2002 412 2030 notata
434 2000 524 2035 Marcionis
538 2000 576 2033 loca
593 2000 685 2044 depravata
701 2011 722 2032 ex
738 1998 814 2042 epistolis

55 2059 94 2090 839.
105 2077 128 2083 -
144 2057 177 2091 alia
189 2057 273 2102 expositio
284 2055 324 2088 fidei
335 2053 411 2088 Marcelli

55 2116 94 2146 842.
106 2117 146 2148 843.
158 2117 197 2147 844.

35 2169 111 2202 Marcelli
127 2169 201 2204 auctoris
216 2169 362 2202 Marcellianorum
374 2165 412 2210 epi-

55 2225 99 2258 stola
110 2226 133 2259 ad
146 2225 204 2259 lulium
216 2226 331 2258 Romanorum
345 2222 412 2267 episco-

55 2292 96 2325 pum
108 2285 147 2317 8³4.
159 2301 180 2307 -
205 2281 246 2327 quid
261 2282 298 2326 ipse
309 2277 413 2314 senseritde

56 2337 89 2371 lide
104 2339 153 2373 valde
170 2339 255 2373 occultum
269 2337 311 2371 ibid.
323 2355 347 2361 -
369 2335 414 2369 uude

56 2402 91 2428 tres
102 2396 203 2442 hypostases
212 2396 229 2429 in
240 2395 330 2429 divinitate
339 2394 373 2426 eius
385 2392 413 2425 di-
460 2396 482 2430 ad
494 2395 590 2429 corinthios
601 2394 642 2428 ibid.

56 2453 116 2499 scipuli
128 2453 205 2489 confiteri
216 2454 306 2489 noluerunt
316 2451 358 2486 ibid.
437 2454 490 2489 Marci
500 2452 574 2487 haeresis
586 2465 596 2487 a
608 2456 659 2499 poe'ta
672 2452 726 2487 veteri
738 2452 818 2487 damnata

34 2511 179 2548 Marcellianorum
191 2514 265 2548 haeresis
274 2514 301 2546 52.
314 2518 354 2558 post
365 2509 413 2545 Chri·
460 2515 544 2547 nabata.
558 2532 575 2538 --
592 2511 765 2546 misernestomnino
775 2525 818 2559 qnae

56 2570 160 2606 stianismum
170 2572 206 2606 sire
218 2572 278 2606 ordine
292 2569 414 2616 septuagesima
459 2585 490 2618 per
501 2571 552 2615 alpha
563 2578 581 2604 et
591 2571 631 2604 heta
649 2570 755 2604 divinitatem
766 2571 817 2604 stulte

57 2630 130 2664 secunda
142 2633 181 2664 833.
193 2650 216 2656 —
228 2642 277 2676 aquo
290 2630 332 2663 dicti
344 2628 414 2666 ibid.—
459 2631 513 2664 ru'olat
525 2632 564 2663 24⁷.

57 2686 94 2730 quis
109 2688 161 2722 fuerit
176 2688 266 2722 Marcellus
282 2698 339 2721 eorum
356 2691 415 2719 auctor
437 2687 527 2722 Marcionis
538 2686 602 2720 scholia
613 2687 631 2720 in
645 2687 750 2732 evangelium
761 2686 817 2719 Lucae

457 2058 514 2091 Pauli:
537 2069 557 2090 ac
575 2057 645 2101 primunr
661 2068 685 2089 ex
703 2055 775 2100 epistola
793 2054 815 2087 ad

457 2115 545 2161 Romanos
553 2116 592 2146 318.
601 2132 622 2138 -
639 2112 661 2145 ad
673 2111 816 2146 Thessalonicen-

457 2183 484 2203 ses
496 2174 512 2202 1.
524 2177 542 2202 et
553 2174 569 2202 2.
585 2177 603 2202 et
614 2169 636 2202 ad
647 2169 728 2212 Ephesios
739 2168 781 2200 ibid.
793 2187 816 2193 -

458 2227 480 2259 ad
498 2226 605 2258 colossenses
622 2228 661 2257 319.
674 2244 695 2250 -
718 2224 740 2257 ad
757 2223 815 2256 Phile·

459 2293 526 2316 monem
536 2281 577 2315 ibid.
590 2301 612 2307 —
628 2281 650 2314 ad
662 2281 731 2314 Galatas
742 2280 784 2313 ibid.
796 2299 817 2306 -

459 2340 481 2373 ad
488 2338 584 2372 Corinthios
594 2340 633 2371 320.
645 2344 663 2371 et
673 2340 711 2371 321.
721 2357 742 2363 -
766 2349 786 2370 ex
797 2339 817 2370 ll.

58 2745 120 2778 eteius
131 2746 203 2779 historia
215 2749 254 2779 834.
460 2756 551 2789 eorumque
562 2744 645 2778 refutatio
653 2747 692 2777 322.
700 2752 718 2776 et
729 2755 776 2788 seqq>
788 2756 818 2792 ns-

37 2799 183 2836 Marcellianomm
195 2801 243 2836 error
253 2802 328 2836 ibid-
357 2813 415 2835 exem·
461 2814 493 2847 que
504 2801 526 2834 ad
539 2804 577 2834 374.

58 2857 105 2900 plum
124 2859 206 2904 epistolae
227 2859 304 2893 Marcelli
324 2871 374 2904 quem
392 2858 414 2891 ob
438 2858 517 2893 Marcosii
533 2858 607 2891 haeresis
618 2858 689 2902 ³decima
706 2856 757 2890 tertia
777 2864 818 2901 post

428 456 518 489 Marcionis
529 455 568 489 libri
579 462 596 488 et
605 455 685 499 opuscula
697 463 767 499 quorum
778 463 807 484 re·
865 454 869 459 ”

58 2912 141 2949 haeresim
152 2916 226 2960 synodus
238 2915 317 2968 deposuit
328 2916 369 2949 ibid.

36 2968 126 3005 Marcellus
140 2973 158 3006 in
175 2972 244 3005 Sabellii
264 2983 338 3005 errorem
355 2968 415 3011 incidit

60 3028 98 3059 834.

35 3076 145 3118 ‘Marcelliani
161 3085 268 3130 Carpocratis
284 3086 364 3119 sectatrix
382 3097 414 3131 quo

60 3143 136 3184 tempore
147 3142 217 3175 Romam
230 3141 295 3175 venerit
308 3145 346 3176 108.

461 2914 604 2948 Christianismum
623 2918 661 2947 232.
680 2933 701 2939 -
724 2914 818 2958 aquodam

460 2975 529 3013 Marco,
546 2972 590 3005 unde
601 2971 681 3004 Maroosii
691 2970 773 3004 haeretici
783 2971 819 3004 ibi-

461 3030 505 3062 dem.
519 3048 540 3054 -
563 3028 591 3061 hic
603 3027 667 3070 magiae
681 3028 746 3071 peritus
761 3035 818 3061 secta-

460 3094 506 3118 tores
529 3097 568 3118 suos
585 3084 603 3116 in
627 3090 713 3127 stuporem
735 3084 819 3116 convertit

461 3145 499 3175 233.
507 3160 529 3166 -
541 3141 663 3175 Marcosiorum
673 3139 774 3186 praestigiae
783 3140 818 3174 ibi-
