1988 3392
244 232 336 265 ransart
348 232 392 266 LIB.
399 233 430 267 tlt.
441 232 497 267 TOM.
507 233 529 267 ΙΙ,
542 231 610 265 finan.
621 230 697 264 LXXX.
824 221 866 261 479

80 311 171 369 agnem,
188 311 280 369 ideoque,
297 321 317 355 ut
329 327 373 355 eam
385 314 530 366 consolaretur,
547 312 605 355 officii
616 311 680 367 legem
694 310 793 367 paululum
803 316 867 351 traus-

80 395 163 439 gressus
176 388 218 433 est,
240 396 264 424 ac
276 389 356 439 propter
365 381 417 423 illius
430 383 532 436 solatium,
555 382 606 439 quod
619 382 643 423 ab
655 394 677 422 ea
689 380 759 432 tiebat,
780 380 804 421 ad
817 385 867 420 tem-

81 465 116 508 pus
133 457 164 492 est
182 465 264 507 passus,
288 465 332 493 curru
349 452 410 506 pedes
426 465 474 493 suos
487 465 498 492 a
511 450 593 493 muliere
608 457 689 507 praeter
704 448 867 491 cousuetudinem

81 519 182 562 attrectari
196 519 304 561 calamitati
315 520 378 576 ipsius
390 535 413 561 ac
425 519 487 562 luctui
498 534 534 576 par
545 528 603 576 atqua
615 519 699 576 aequale
711 531 756 560 esse
767 517 865 559 crederet.

81 579 157 630 Verum
169 588 214 644 quid
227 602 265 644 ego
276 589 350 630 diutius
362 588 382 630 iu
396 589 434 630 illis
445 585 554 630 rel'ntaudis
565 589 673 640 immoror,
694 588 727 644 qui
739 601 809 628 cauum
822 601 868 643 por-

81 670 176 699 coruruve
188 657 302 713 spurcitiam
315 656 431 699 imitantur?
461 655 520 711 Quod
533 664 598 698 autem
615 654 716 699 Christum
729 670 752 697 se
765 669 812 697 esse
824 656 867 711 qni·

80 725 129 768 libet
139 739 166 767 ex
181 725 225 766 istis
239 725 324 778 asserit,
346 725 391 781 quis
405 727 493 783 prudens
510 740 550 767 nou
563 726 609 767 illud
625 725 715 767 insaniae
731 723 867 781 plenissimum

80 793 201 836 arbitretur?
215 801 249 836 aut
260 809 305 836 eum
316 808 339 836 se
349 795 456 851 prophetas
468 808 513 837 esse
524 795 619 836 narrant?
649 794 707 850 erod
718 795 771 836 enim
781 793 866 851 propbe-

80 863 120 905 tiae
131 876 195 918 geuus
207 865 257 919 apud
270 863 315 905 illos
327 865 422 920 apparet?
451 862 557 918 Quodnam
568 876 629 913 vero,
651 871 673 904 ut
685 877 697 904 a
711 861 793 906 Christo
804 877 867 918 quou-

81 931 137 984 dam,
158 931 274 973 admirabile
292 939 323 974 est
339 932 363 991 ab
382 932 420 973 illis
439 946 489 988 opus
506 931 594 973 editum?
624 929 682 985 Quod
700 932 717 973 si
734 932 819 988 ipsemet
836 938 868 973 est

81 998 183 1052 Christus,
200 1014 282 1056 ecquem
295 1000 315 1042 iu
327 1002 426 1043 domiuum
439 1001 528 1057 speravit
538 1014 562 1041 ac
572 999 669 1041 credidit?
698 999 755 1055 Quae
766 1007 813 1041 suut
822 1000 867 1041 illae

81 1070 160 1111 taudem
171 1069 246 1111 erroris
255 1069 350 1125 ineptiae,
366 1084 443 1125 quaeve
453 1068 570 1111 stolidorum
580 1068 681 1110 hominum
692 1070 797 1125 dogmata?
826 1067 867 1110 Sed
917 1102 920 1106 .

81 1138 178 1181 adversus
192 1138 252 1180 istam
266 1137 360 1180 haeresin
376 1138 477 1194 bucusque
492 1139 604 1193 disputasse
619 1137 669 1179 satis
684 1144 722 1179 est.

139 1205 177 1247 Hic
195 1221 233 1261 ego
251 1214 352 1263 postremo
371 1208 407 1249 toti
424 1221 436 1249 a
451 1221 482 1249 me
498 1206 554 1264 operi
572 1213 665 1262 suscepto
682 1206 740 1248 linem
757 1206 865 1262 imponam.
879 1213 920 1257 Gap.
932 1213 956 1246 Χ.

81 1273 105 1317 lu
117 1290 156 1332 quo
166 1275 287 1331 singularem
303 1290 352 1332 ergo
364 1290 400 1318 nos
413 1276 474 1318 divini
489 1274 575 1318 numinis
586 1288 643 1331 opem
654 1289 678 1317 ac
689 1275 822 1331 praesentiam
835 1290 868 1318 su-

82 1359 131 1391 mus,
143 1344 235 1401 experti,
258 1346 309 1400 quod
328 1352 409 1386 extoto
425 1344 503 1397 auimo,
524 1358 547 1386 ae
560 1350 626 1386 mente
639 1344 741 1393 confiteri,
765 1344 868 1400 eidemque

81 1413 161 1455 domiuo
174 1414 249 1469 gratias
262 1428 323 1469 agere
336 1413 444 1465 debemus,
466 1412 623 1468 quandoquidem
636 1414 670 1454 illo
682 1413 763 1455 iuvante
777 1413 868 1469 quicquid

81 1490 183 1539 receptum
194 1483 272 1525 anobis
283 1482 441 1539 promissumque
452 1482 497 1532 luit,
514 1481 599 1523 feliciter
608 1483 632 1523 ad
643 1482 719 1523 exitum
730 1482 867 1537 perduximus,
906 1480 908 1483 ’

81 1565 105 1592 ae
120 1565 165 1593 eum
178 1551 273 1594 haereses
290 1565 360 1593 omues
377 1549 507 1607 exposuimus
524 1549 705 1606 refutavimnsque,
727 1558 768 1592 tum
784 1550 829 1606 quid
844 1551 869 1592 ab

83 1633 200 1676 unaquaque
216 1628 298 1676 geratur
313 1635 349 1677 pro
366 1619 437 1663 virium
455 1626 568 1661 nostrarum
583 1618 718 1668 imbecillitate
732 1620 868 1676 patefecimus.

82 1685 178 1731 Ceterum
193 1704 237 1730 eum
249 1690 351 1745 octoginta
368 1689 490 1739 haereseon,
514 1701 564 1743 quas
575 1687 596 1729 iu
606 1687 674 1729 orbem
691 1695 790 1730 terrarum
805 1689 869 1731 iutro-

82 1757 151 1800 ductas
163 1758 187 1799 ad
201 1757 251 1799 hauc
260 1758 316 1801 ,diem
328 1757 452 1808 audivimus,
469 1770 590 1812 quarumque
604 1770 707 1798 numerum
721 1764 741 1798 et
753 1758 869 1814 appellatio-

83 1839 131 1878 ues,
153 1826 292 1868 nonnullarum
308 1826 368 1868 etiam
385 1826 467 1867 decreta
478 1832 498 1866 et
514 1832 643 1880 argumenta,
665 1825 821 1882 affectionesque
836 1843 870 1869 eo-

83 1895 201 1949 gnovimus,
223 1909 279 1946 cum,
300 1895 394 1950 inquam,
419 1894 496 1936 illarum
515 1893 604 1949 origines
623 1908 744 1950 caussasque
762 1896 816 1937 nulla
837 1911 868 1949 re,

83 1964 148 2019 quoad
160 1964 203 2005 lieri
213 1964 288 2020 potuit,
305 1962 447 2020 praetermissa
456 1962 591 2014 docuerimus,
608 1964 737 2005 vehementer
748 1963 796 2005 illud
807 1965 870 2012 admi·

82 2033 123 2074 rari
141 2032 193 2074 subit
209 2033 261 2087 quod
276 2032 296 2072 iu
311 2031 374 2073 sacris
386 2031 449 2072 literis
458 2032 583 2072 continetur:
607 2033 715 2085 Sexaginta
723 2042 770 2074 erunt
779 2038 867 2086 aeganae,
878 2039 942 2077 Cant-t,
951 2042 966 2070 t.

83 2108 102 2141 et
112 2104 224 2155 octuaginta
236 2102 363 2148 concubium,
384 2108 404 2140 et
418 2102 571 2140 adolescentulae
586 2114 667 2153 patarum
683 2104 749 2141 nullus
762 2110 794 2143 est
804 2117 870 2145 nurne-

83 2183 130 2220 rns,·
151 2171 325 2211 nneestcolumba
340 2184 392 2218 norea,
412 2170 499 2224 perfectu
515 2184 563 2209 rnen.
595 2167 626 2209 De
646 2169 675 2210 bis
691 2170 752 2225 igitur
767 2173 869 2227 octoginta

83 2238 186 2293 pellicibus
202 2239 298 2280 haetenus
316 2237 405 2293 egimus,
428 2236 569 2289 Barbarismo,
585 2236 721 2290 Helleuismo,
744 2236 868 2296 Scytbismo,

84 2303 196 2359 ludaismo,
212 2314 233 2348 et
245 2305 396 2358 Samaritismo,
418 2312 468 2362 quac
487 2321 571 2348 uxorum
589 2307 668 2348 minime
684 2306 817 2363 legitimarum
833 2324 870 2351 uo-

85 2376 137 2417 mina
149 2383 207 2428 sunt,
230 2375 340 2417 cuiusmodi
356 2389 419 2431 neque
432 2376 456 2418 ab
468 2389 517 2431 rege
530 2376 596 2417 dotem
614 2383 744 2431 acceperuut,
767 2392 832 2433 neque
849 2379 870 2420 iu

84 2444 198 2486 testamenti
217 2444 289 2486 tabulis
305 2459 349 2486 curn
363 2444 407 2486 liliis
423 2444 508 2489 heredes
521 2443 607 2501 scriptae
620 2451 674 2486 sunt.
705 2443 785 2487 Etenim
797 2446 814 2487 si
825 2462 870 2504 pro-

85 2512 128 2567 prie
140 2513 193 2569 loqui
206 2513 303 2564 velimus,
323 2511 407 2554 LXXV
419 2513 583 2564 suntbaereses‚
605 2527 688 2567 quarum
699 2521 773 2555 matres
784 2516 871 2572 quinque

85 2588 139 2633 suut,
155 2592 202 2638 puta
213 2580 357 2632 Helleuismus,
373 2581 416 2623 sive
429 2582 532 2637 gentilium
545 2589 608 2629 secta,
625 2597 637 2623 a
648 2596 685 2637 qua
696 2583 782 2637 gentiles
792 2584 871 2626 oriundi

86 2657 144 2703 suut,
167 2648 291 2700 Iudaismus,
313 2649 365 2691 uude
381 2650 447 2692 ludaei
463 2657 483 2691 et
499 2650 605 2701 haereses,
628 2665 652 2692 ae
669 2649 788 2694 Samaritiea
805 2661 869 2706 secta,

86 2719 138 2761 uude
149 2716 311 2769 Samaritisrnus,
332 2725 352 2759 et
363 2717 537 2760 Christianismus.
568 2718 601 2759 Ab
617 2718 648 2760 his
658 2720 714 2762 velut
729 2720 779 2762 rami
791 2721 870 2777 quidam

86 2794 191 2842 separatae
203 2787 297 2827 haereses
308 2786 389 2827 avulsae
402 2795 456 2827 sunt.
488 2785 545 2841 Quae
557 2786 604 2827 licet
616 2784 693 2828 Christi
705 2802 778 2830 nomen
790 2804 837 2844 prae
848 2804 870 2830 se

87 2854 164 2907 lerant,
187 2854 234 2896 nibil
250 2862 316 2896 tamen
334 2854 358 2895 ad
375 2854 429 2913 illum
444 2855 555 2911 pertinent,
578 2854 613 2895 sed
626 2855 698 2911 partim
710 2856 788 2911 lougius
800 2856 869 2898 abillo

87 2921 167 2975 distant,
183 2921 253 2979 partim
263 2923 362 2964 minimam
372 2922 397 2964 ob
408 2937 499 2965 caussam
510 2923 535 2965 ob
546 2923 599 2964 omui
607 2923 661 2965 illius
674 2924 784 2966 hereditate
794 2923 870 2966 alienas

87 3004 111 3034 ac
122 2993 238 3049 peregrinas
255 3005 277 3033 se
294 2991 379 3043 lanciunt,
402 3006 440 3032 uua
454 3006 499 3034 enm
511 2992 598 3047 ipsarum
615 2991 696 3044 liberis3
717 3006 761 3033 cum
777 2991 871 3035 videlicet

110 3083 126 3116 ὁ.
139 3078 183 3120 αὐτὰ
195 3084 230 3118 cod.
240 3084 307 3125 Rhedtp.
