1988 3392
230 260 323 295 rinnau
335 259 378 291 trs.
387 260 417 293 ru.
428 260 484 293 rou.
492 261 514 293 u.
526 259 594 294 naen.
607 258 705 292 cxxvnr.
820 249 862 291 403

79 345 176 392 tironem,
203 341 240 382 lroe
258 347 289 381 est
304 339 408 381 collectam
422 354 433 381 e
447 340 536 381 fidelihus
553 338 673 388 ecclesiam,
695 337 750 379 velut
766 338 863 393 quandam

79 410 176 465 uirginem
188 407 297 463 acceperit,
314 407 364 448 adeo
374 413 395 447 ut
403 403 571 462 'praestantiorem
582 407 650 458 alium,
668 406 760 446 nimirum
771 420 865 447 cousum-

80 486 175 521 matoreru
188 474 265 526 lesum,
282 475 346 529 legis,
368 474 397 515 sic
409 481 501 528 tanquam
513 475 633 530 paedagogi,
655 473 752 515 beneficio
765 487 865 529 cognove-

79 548 153 594 rimus,
175 557 242 584 nonue
259 556 335 583 summa
352 555 379 582 ex
392 542 467 596 ingenii
485 542 550 598 inopia
565 557 589 583 ac
605 542 689 584 stultitia
700 543 810 598 profectum
826 549 864 592 est,

80 614 130 671 qnod
140 611 165 653 ab
173 611 226 653 illius
237 611 334 665 dogmatis
344 611 433 665 patronis
444 610 549 660 asseritur,
563 618 606 665 post
617 610 708 652 collatam
719 610 772 651 illam
784 624 795 651 a
807 606 866 651 Chri-

80 690 111 725 sto
122 680 265 738 perfectionem
278 679 392 735 paedagogo
403 676 474 720 iterum
488 692 538 734 opus
548 693 600 730 esse,
617 686 639 719 ut
650 680 674 720 ad
685 680 752 735 priora
763 678 798 720 illa
809 681 965 735 altitonantis.

80 759 100 792 et
108 752 211 797 elementa,
228 746 377 801 doctrinamque
388 750 411 788 ao'
423 760 515 788 marinum
526 746 672 802 impositionem
682 748 822 789 revertamur?
844 754 866 788 ut
889 732 905 755 εἴ
914 729 948 763 '³²³'

81 817 152 862 alicubi
163 817 257 873 scriptum
269 823 311 869 est3
328 830 372 857 cum
384 823 449 857 tamen
462 815 564 871 apostolus
575 816 649 857 diserte
662 830 698 857 nos
709 816 790 869 doceat,
808 818 919 868 Oetae-fleur,
928 832 942 868 a,
949 832 971 861 13⁴

81 891 128 944 quid
141 889 265 928 inveteratam
282 893 320 935 est,
342 888 427 926 uasero'o
437 886 555 939 calefactum,
573 875 663 938 praeciae
678 889 704 926 ad
713 889 811 927 interitum
823 901 866 940 spe-

81 968 144 1000 ctare.-
167 956 218 1012 quod
235 956 259 996 de
274 961 344 997 vetere
363 961 481 996 testamento
498 969 522 995 ac
534 955 577 1010 lege
595 955 742 1011 pronuntiavit:
766 959 867 997 Translata
876 973 972 1009 Hennam

81 1031 141 1077 errem,
160 1024 236 1081 inquit,
257 1026 376 1073 sacerdotio,
397 1027 504 1064 necessario
516 1025 546 1077 stt
557 1031 577 1063 et
591 1026 639 1076 teg-a
651 1027 760 1065 translatio.
797 1024 867 1080 Quare

83 1112 126 1139 cnm
140 1102 209 1136 vetere
221 1100 340 1136 testamento
352 1093 449 1135 translato
463 1107 536 1134 novum
549 1092 680 1135 instauratum
693 1093 765 1145 luerit,
782 1094 826 1149 quis
839 1101 870 1136 est

82 1164 164 1208 andacia
178 1170 231 1205 tanta
248 1161 349 1218 praeditus
366 1161 399 1217 qui
411 1168 469 1204 vetus
486 1162 510 1202 ad
523 1175 579 1202 nsum
594 1163 659 1203 denuo
675 1176 772 1204 revocare
788 1170 871 1204 conteu-

83 1235 123 1284 dat,
140 1247 214 1275 novum
226 1239 292 1273 autem
302 1231 326 1272 ad
337 1230 395 1272 situm
407 1237 568 1285 vetustatemque
579 1231 698 1283 transferre,
715 1238 737 1272 ut
748 1239 768 1273 et
779 1246 870 1274 caussam

22 1320 23 1323 ¹
83 1303 140 1345 nobis
152 1301 246 1358 praebeat
257 1314 293 1341 cur
305 1300 420 1341 excidamus
431 1300 524 1354 agralia,
541 1307 561 1340 et
570 1300 594 1341 ab
605 1314 630 1341 eo
641 1301 705 1342 fructu
718 1302 750 1356 qui
762 1316 798 1357 per
811 1298 871 1343 Chri-

83 1379 134 1414 stum
151 1370 209 1412 uolris
224 1375 350 1425 comparatus
366 1376 397 1409 est
412 1375 504 1410 avertere
520 1370 619 1410 conetur?

141 1437 179 1480 llis
191 1438 280 1480 breviter
290 1438 314 1479 ad
332 1450 377 1478 eunr
390 1436 469 1478 niodum
481 1437 599 1493 explicatis,
621 1452 672 1492 qnae
688 1452 725 1480 uos
740 1453 775 1494 pro
785 1439 872 1480 instituti

85 1509 151 1565 operis
162 1507 240 1549 ratione
260 1505 309 1547 satis
324 1519 370 1547 esse
387 1505 497 1558 oredimus,
520 1505 544 1546 ad
559 1506 634 1561 reliqua
651 1513 789 1560 transeamus,
805 1521 829 1549 aa
840 1508 871 1549 dei

84 1575 174 1633 inprimis
186 1589 242 1632 opem
253 1574 389 1629 imploremus,
405 1580 427 1614 ut
437 1574 460 1614 ad
471 1580 539 1615 cetera
551 1575 662 1626 tractanda,
676 1577 797 1628 enarranda,
814 1589 873 1617 ever·

87 1645 184 1699 tendaque
200 1642 286 1685 feliciter
301 1642 426 1684 accedamus.
804 1639 807 1644 ’

133 1802 341 1855 ADVERSUS
372 1801 826 1864 AnrlnloounltltnlaAS‚

198 1899 254 1947 quae
272 1887 307 1932 est
324 1883 425 1932 haeresis
442 1882 543 1943 arnt,
561 1883 610 1933 sire
627 1882 761 1933 LXXVIII.

145 1983 200 2027 ldem
218 1985 266 2027 illud
286 1985 357 2041 dogma
377 1986 444 2040 (cuius
463 1991 576 2027 assertores
594 1986 654 2026 etiam
669 1983 794 2026 Dimoeritae
813 1984 874 2040 vulgo
895 2001 936 2045 Gap.
947 2002 961 2034 Ι,

89 2058 238 2110 nuncupantur)
249 2055 300 2109 quod
311 2061 416 2109 susceptae
428 2053 513 2094 hominis
528 2067 539 2094 a
552 2050 634 2095 Christo
647 2061 731 2095 naturae
742 2061 829 2094 mentem
842 2054 876 2094 de-

89 2123 161 2174 trahit,
183 2122 233 2163 alias
244 2121 327 2177 insuper
339 2122 443 2163 molestias
454 2135 478 2161 ac
489 2121 569 2177 negotia
580 2122 670 2177 peperit,
694 2129 753 2175 atque
766 2122 787 2162 iu
798 2121 876 2162 Arabia

90 2191 221 2246 praesertim
242 2190 267 2230 de
279 2190 350 2244 quihus
361 2203 372 2230 a
382 2189 483 2245 religiosis
500 2189 615 2244 quibusdam
624 2189 678 2229 uiris
691 2203 760 2230 sumus
771 2189 875 2230 admoniti.

91 2258 122 2299 Aa
134 2258 181 2299 licet
196 2265 255 2299 antea
267 2257 291 2298 de
303 2257 372 2298 eodem
388 2264 506 2312 argumento
519 2256 622 2312 epistolam
635 2256 787 2312 scripserimus,
810 2263 876 2297 tamen

92 2329 143 2382 quod
154 2326 202 2368 haec
213 2325 304 2368 haeresis
316 2325 385 2367 ordine
397 2339 434 2367 suo
447 2339 570 2380 numeroque
583 2325 689 2376 succedat,
706 2325 757 2367 hanc
766 2325 829 2381 ipsam
841 2339 878 2367 uos

93 2395 208 2454 epistolam,
230 2393 345 2451 quibusdam
362 2394 433 2436 merito
444 2394 476 2436 vel
489 2394 560 2436 additis
572 2394 604 2436 vel
616 2394 724 2448 detractis,
746 2394 879 2438 adversnsil-

93 2465 132 2507 lam
147 2464 282 2507 subiiciemus

150 2532 231 2576 Etenim
247 2545 273 2573 ex
288 2531 533 2574 Antidiaomariauitarum
552 2545 614 2587 grege
629 2531 731 2584 nonnulli,
752 2533 809 2588 quasi
822 2547 879 2589 prae·

95 2603 153 2662 cipuo
165 2603 248 2661 quodam
263 2601 282 2643 in
295 2601 392 2658 virginem
407 2601 452 2644 odio
468 2607 574 2659 suscepto,
596 2608 617 2643 ut
628 2601 672 2644 eius
687 2601 770 2658 gloriam
786 2603 880 2646 obscura-

95 2682 153 2727 rent,
173 2673 216 2717 sive
228 2671 316 2724 invidia,
338 2671 381 2714 sive
393 2672 468 2714 erroris
479 2671 567 2714 tenebris
579 2672 693 2725 occaecati,
716 2687 755 2728 quo
767 2673 880 2715 mortalium

96 2745 174 2787 animos
189 2741 328 2800 inquinarent,
351 2755 375 2783 eo
386 2741 506 2784 temeritatis
523 2741 624 2798 progressi
639 2749 686 2783 suut
701 2749 722 2784 ut
735 2743 880 2785 sanctissimam

96 2837 163 2871 tertiam
175 2843 249 2881 partem,
267 2836 321 2880 ipsam
331 2834 433 2868 mentem'in
445 2835 478 2868 ad·
500 2837 538 2869 editi
550 2838 591 2868 libri.
615 2836 753 2869 racemata,
776 2837 831 2872 ταῦτα
845 2840 880 2872 aad.

97 2891 149 2917 ventu
159 2883 221 2916 Christi
232 2883 249 2915 in
260 2893 310 2914 carne
321 2888 371 2924 negat
381 2886 414 2915 cett.
501 2884 562 2923 Paris,
573 2886 587 2915 et
597 2883 663 2923 eredr'q.
676 2892 691 2914 a.
701 2893 723 2915 nt.
732 2893 770 2923 pn,
781 2885 798 2915 iu
809 2893 840 2923 qno
851 2887 882 2917 ctr-

120 2930 136 2964 2.
148 2926 204 2975 ταύτῃ
218 2930 321 2962 emendarunt
334 2929 420 2961 Carnarius
435 2930 478 2969 (oer-
501 2930 575 2971 cremarat
596 2931 669 2960 accentus
685 2930 738 2961 autina
758 2932 817 2961 restant
837 2932 883 2962 uesti-

98 2981 132 3011 tens
143 2986 186 3019 quae
198 2995 220 3003 -
231 2974 264 3018 ipsi
275 2974 334 3007 addita
347 2974 394 3017 sunt)
406 2978 421 3007 et
430 2976 479 3007 Peta—
501 2977 539 3016 qiu,
555 2974 658 3015 superaddito
671 2978 726 3015 postea
739 2978 785 3007 uento
796 2978 809 3006 et
821 2978 883 3016 syllaba

98 3025 144 3063 otus,
160 3032 209 3063 quarn
223 3023 328 3063 scripturum,
345 3022 385 3061 siqlo
398 3021 420 3053 lll.
432 3024 478 3053 notu·
502 3022 548 3062 finali
561 3023 633 3059 mutata,
650 3022 678 3052 sed
695 3022 718 3051 tta
733 3024 751 3052 ut
765 3021 804 3060 quid
814 3024 884 3056 nutrierit

98 3072 142 3111 tam,
158 3070 221 3101 tnumto
236 3070 284 3101 etiarn
298 3069 316 3101 tn
328 3068 400 3107 rnarqine
411 3068 479 3107 erempu
502 3067 576 3099 librarius
588 3067 649 3098 dinosci
659 3068 688 3098 ota
699 3069 750 3107 quent.

99 3116 192 3155 Scholtioni,
204 3115 246 3155 quod
254 3124 302 3155 rienes
312 3123 336 3147 nra
345 3114 400 3146 habeo.
415 3109 479 3155 ταύτην
526 3113 542 3146 ὃ.
554 3108 582 3147 ἀπ’
594 3108 650 3154 αὐτῆς
661 3113 696 3144 aad.
704 3112 770 3152 Ruedtq.

699 3169 745 3214 26*
