1988 3392
242 227 428 261 reminiculum.
440 226 689 261 rom.r.Haca.Lxxr11.
720 255 722 258 .
830 217 858 258 79

74 308 114 352 nim
124 307 168 351 sive
179 307 314 365 magnitudine
326 322 421 366 superare
433 308 514 362 dixerit,
527 307 690 366 quemadmodum
703 306 779 349 coetum
791 313 858 348 monte

72 379 139 435 ‘aliquo
161 378 193 421 rel
213 379 264 421 colle
284 379 347 421 mains
369 386 412 432 est,
434 381 458 421 ad
474 395 555 437 opernm
571 377 699 421 nihilominus
715 377 857 430 conditionem,

73 449 199 505 quantumvis
219 449 354 504 magnitudine
374 449 493 491 aritecellere
509 451 568 501 velit,
591 448 675 490 earundem
695 446 749 489 illum
765 447 857 489 abiiciet:

73 517 117 559 sive
134 532 171 559 usu
188 524 208 558 et
224 517 321 572 obsequio
337 524 439 573 praestare
456 519 529 559 ceteris
546 518 606 567 velit,
628 517 679 571 quod
699 516 774 571 reliqua
792 515 858 556 cmuia

73 584 218 640 praecesserit,
240 586 300 626 etad
317 600 386 627 eorum
402 586 551 640 productionem
570 599 651 640 operam
668 598 724 625 suam
742 583 857 633 contulerit,

73 651 134 692 uiliilo
146 659 211 693 tamen
223 653 286 706 retegis
296 653 320 693 ab
333 653 456 709 opilioiorum
469 655 551 694 notione
561 652 676 694 vindicabit.
709 650 735 694 Ut
747 652 798 691 enim
811 650 859 691 uilril

73 720 169 772 interest,
193 719 210 760 si
222 721 308 777 lorcipe,
331 721 507 777 noirnrunuipsa‚
529 722 589 763 carbo
600 722 623 761 de
636 719 692 762 altari
706 720 803 774 capiatur,
820 732 859 773 quo

72 788 126 832 illius
137 788 236 832 heuelieio
248 790 323 833 fabrilis
333 805 365 833 ars
378 790 463 832 ferream
477 790 568 833 laminom
580 790 672 845 inducat,
688 797 795 849 propterca
807 787 858 845 quod

73 867 113 903 tam
127 861 204 916 l'orceps
219 875 276 917 qnam
290 862 372 913 terrum,
390 862 440 917 quod
453 875 488 917 per
500 861 552 903 illam
564 861 655 913 ducitur,
671 862 724 903 inter
736 874 797 918 opera
811 873 858 902 ceu·

73 937 153 982 seritur,
174 930 202 971 ito
215 931 282 972 nilrila
295 931 396 987 productis
407 930 500 986 operibns
513 931 546 972 ille
558 944 592 987 per
604 932 721 986 quemfacta
735 939 780 973 sirnt
792 929 858 971 onruia

73 999 164 1049 differet,
187 998 225 1039 nisi
244 999 296 1040 lilius
314 1001 351 1051 sitq
379 1000 542 1054 quemadmodum
560 999 656 1040 naturalis
674 999 724 1039 ratio
743 999 856 1054 persuadet.

74 1064 128 1120 Quin
145 1068 208 1108 tactos
224 1066 266 1121 ipse
283 1066 365 1122 primurn
378 1067 416 1107 erit
428 1066 515 1107 omnium
528 1081 589 1122 opus,
610 1080 634 1107 ao
645 1067 699 1108 velut
711 1065 819 1107 occiditoris
828 1065 859 1106 iu-

73 1141 216 1185 strumentum
233 1148 269 1188 per
284 1135 335 1188 quod
351 1134 446 1175 universa
461 1135 562 1175 mediatur.

130 1200 203 1256 Neque
220 1215 269 1243 vero
281 1216 308 1243 ex
321 1203 345 1243 iis
359 1202 391 1257 qni
404 1203 463 1256 vulgo
476 1202 509 1243 lilii
522 1203 650 1243 nouduantur
665 1201 744 1257 proprie
762 1201 807 1242 dicti
826 1215 860 1256 pa·
879 1205 921 1252 Cap.
931 1209 953 1243 V.

73 1269 122 1324 tris,
139 1277 174 1314 aut
185 1270 218 1313 lilii
230 1271 328 1314 rationem
341 1270 465 1314 cavillatorie
477 1271 536 1314 dehet
548 1271 636 1314 eludere.
667 1269 720 1314 Nam
732 1269 804 1327 alioqui
817 1270 860 1327 plu-

73 1356 107 1383 res
120 1349 179 1384 erunt
189 1341 221 1384 dei
232 1341 274 1384 lilu
305 1341 367 1384 Velut
379 1357 422 1383 cum
436 1342 495 1395 dicit,
511 1345 553 1383 Fr
544 1358 572 1383 tos
581 1357 652 1395 genet,
675 1344 954 1395 eteuolroot3rpszffia1-tst.

73 1427 117 1452 nero
131 1420 245 1466 spreverunt
260 1427 300 1463 neq
322 1412 382 1464 item,
403 1414 473 1452 Nonne
483 1420 541 1465 poter
555 1427 604 1452 aereus
621 1419 651 1452 eet
665 1415 747 1452 omnnium
762 1415 860 1452 nestrum?
877 1415 945 1487 Maquh·

72 1479 133 1532 item,
156 1482 253 1533 Quotquot
260 1488 374 1533 receperant
384 1495 438 1529 erem
461 1483 515 1520 dedet
525 1496 553 1520 ets
563 1488 675 1533 potestatem
686 1482 743 1533 filios
758 1483 792 1520 dee
800 1473 963 1532 steropen-‚112

73 1550 297 1601 quz'nonearnoluntete
309 1562 385 1595 earnes,
407 1551 609 1600 nequeennoduntnte
623 1551 671 1595 neri,
693 1551 728 1587 aed
739 1563 764 1587 ear
773 1550 863 1587 deonoti

72 1623 124 1655 sont.
157 1612 209 1668 Quid
225 1616 276 1669 quod
293 1623 313 1655 et
323 1614 415 1655 inanimis
425 1629 503 1670 quoque
520 1616 579 1656 rebus
592 1614 676 1670 idipsum
688 1615 794 1655 tribuitur?
824 1617 863 1665 Qut
869 1619 901 1648 1⁰¹³·
910 1618 935 1655 3⁸,
941 1619 964 1647 ²3·

71 1686 151 1736 gerrnz't,
168 1681 243 1737 inquit,
264 1685 328 1723 sottus
341 1685 400 1723 roris.
433 1681 466 1723 Ex
479 1683 509 1723 liis
520 1683 573 1724 enim
585 1682 676 1723 omnibus
692 1690 713 1724 ut
726 1682 829 1737 plurimum
840 1682 859 1722 id

71 1751 169 1795 efficietur
182 1758 202 1794 ut
213 1765 241 1794 ex
253 1751 353 1794 communi
369 1751 402 1794 illa
418 1751 562 1808 significatione
577 1751 608 1793 dei
625 1751 676 1794 lilius
693 1751 746 1794 nullo
764 1752 823 1794 modo
834 1751 860 1793 sit

73 1823 136 1875 lilius,
158 1822 185 1866 uti
198 1837 235 1865 nec
248 1822 281 1865 illa
295 1822 338 1879 ipsa
351 1829 408 1875 sunt,
430 1823 465 1864 sed
479 1838 528 1880 opus
545 1822 572 1865 sit
586 1822 617 1863 dei
636 1823 733 1865 duntaxat
747 1837 816 1864 eorum
830 1824 860 1864 in·

72 1900 126 1945 star,
147 1907 171 1934 ac
185 1893 247 1935 solius
259 1892 396 1949 appellationis
412 1892 519 1949 particeps.
551 1891 643 1934 Ecclesia
656 1907 716 1948 porro
729 1893 786 1933 deum
797 1892 861 1933 credit

73 1975 112 2003 nou
125 1961 183 2003 modo
196 1969 307 2003 creatarum
320 1975 385 2004 rerum
398 1975 443 2002 esse
457 1961 580 2003 conditorem
591 1961 640 2014 (lme
652 1961 704 2003 enim
717 1961 783 2003 ludaei
796 1958 861 2002 Grae-

73 2030 130 2085 cique
146 2029 220 2085 pariter
238 2034 372 2084 agrimonia),
394 2029 428 2069 sed
445 2036 464 2069 et
479 2029 532 2069 uuioi
545 2030 578 2070 filii
592 2037 679 2084 patrem3
699 2030 732 2084 qui
745 2044 784 2070 uon
797 2030 861 2070 solum

72 2097 225 2153 procreatricem
243 2097 341 2137 actionem
358 2096 440 2145 lrabeat,
463 2103 544 2151 propter
560 2110 619 2151 quam
637 2104 717 2136 creator
733 2096 859 2150 intelligitur,

72 2166 108 2207 sed
127 2172 148 2206 et
163 2165 241 2221 proprie
258 2164 354 2218 uniceque
371 2162 493 2218 generandi,
517 2177 545 2204 ex
562 2177 599 2218 qua
612 2163 664 2203 iinioi
677 2163 710 2203 lilii
726 2170 801 2218 patrem
814 2177 860 2203 esse

73 2234 220 2289 cognosciirrus.
252 2231 296 2274 lloo
308 2232 360 2273 euim
372 2231 442 2273 beatus
453 2245 490 2273 nos
499 2229 574 2273 Paulus
588 2231 618 2273 his
629 2232 697 2273 verbis
710 2233 801 2273 edocuit:
818 2234 860 2272 He-

72 2305 114 2355 tos,
131 2302 206 2361 inquit,
220 2305 298 2357 grotta,
309 2305 370 2360 flecto
382 2316 446 2356 genua
458 2317 498 2344 mee
509 2304 535 2344 od
544 2309 630 2357 petrem,
652 2317 665 2343 o
674 2317 711 2357 quo
724 2305 784 2344 οιιιιιιί1
792 2310 858 2357 puter·
866 2306 964 2347 aptarunt.

72 2378 124 2416 nitus
135 2378 155 2416 ιἰι
170 2376 222 2415 coelo
232 2382 251 2414 et
259 2377 279 2415 r'n
290 2382 344 2415 terro
354 2376 470 2415 nommetur.
502 2371 529 2416 Ut
541 2373 593 2415 enim
606 2381 674 2430 patres
685 2373 713 2415 illi
724 2373 744 2415 iu
757 2381 811 2415 terra
824 2389 860 2416 uo-

73 2444 185 2495 miuoutur‚
202 2444 235 2499 qui
247 2443 270 2485 ad
281 2457 329 2484 suae
339 2450 422 2484 naturae
434 2442 582 2485 similitudinem
593 2456 702 2499 expressos
715 2442 789 2485 liabent
800 2443 858 2496 lilios,

72 2513 133 2555 sicin
146 2512 203 2554 coelo
214 2519 271 2568 pater
286 2512 318 2554 ille
330 2512 401 2554 dicitur
412 2525 423 2553 a
435 2527 473 2567 quo
486 2512 559 2553 terreni
572 2518 650 2568 patres,
673 2512 706 2566 qui
720 2519 803 2554 naturae
815 2528 860 2569 pro·

73 2581 166 2623 ductores
178 2587 236 2632 sont,
258 2588 367 2631 vocantur3
390 2581 441 2634 quod
459 2581 540 2621 omuino
551 2581 575 2621 ad
589 2586 672 2621 naturae
686 2594 734 2621 suae
748 2581 860 2622 similitudi-

73 2663 118 2690 nem
130 2649 217 2704 genitum
230 2662 256 2689 ex
267 2662 290 2689 ea
301 2662 347 2689 sese
357 2648 416 2689 filium
432 2647 498 2688 liabet.
528 2647 601 2702 Neque
613 2655 680 2702 potest
693 2661 762 2689 eorum
776 2649 860 2689 liliorum

73 2715 142 2767 notio,
158 2715 190 2770 qui
200 2714 297 2756 abusione
307 2715 390 2768 quadam
400 2714 469 2765 vocis,
486 2721 506 2754 et
518 2714 649 2769 homonymos
659 2714 763 2766 dicuutur,
780 2716 805 2755 ad
816 2715 860 2755 uui-

74 2798 118 2826 cnm
131 2784 162 2826 dei
179 2782 239 2824 lilium
256 2781 409 2823 accommodari.
441 2779 611 2835 Qircmadmodum
623 2782 683 2839 pyxis
698 2796 722 2824 ea
733 2782 813 2839 proprie
825 2797 861 2823 vo·

96 2891 112 2926 5.
124 2892 159 2926 Non
168 2889 221 2923 dubito
229 2890 268 2932 quia
277 2888 383 2932 reponendum
392 2889 412 2921 stt
423 2898 453 2932 po·
477 2886 549 2921 cundum
561 2885 666 2933 propriarum
682 2887 791 2922 essentiarum
802 2885 860 2921 simili-

74 2937 156 2983 naqa-rme
476 2935 552 2968 tudinem
562 2933 684 2973 filioshobeut
696 2946 721 2968 sie
730 2940 763 2969 cett
787 2936 859 2992 suppleo

96 2984 113 3020 6.
124 2981 200 3030 γενιικὴι
212 2984 247 3017 eod.
258 2984 324 3025 aueurp.
477 2986 491 3015 et
502 2984 563 3036 cprrr'pe
574 2978 647 3015 Kc}
637 2979 731 3037 ομιιότητα
742 2981 776 3016 τῶι
786 2977 847 3037 pai?
838 2994 859 3016 o-

96 3031 130 3069 7.‚
132 3031 190 3068 ‚Deest
200 3029 273 3061 fortasse
283 3028 357 3073 aliquidr
353 3030 364 3047 “
374 3029 402 3061 Pet
396 3030 454 3061 tuctus.
478 3025 561 3083 μιιότητα
570 3037 604 3082 ripa
615 3025 658 3061 elne
643 3038 682 3062 ιωι
693 3023 755 3062 otetur
765 3023 859 3069 τοῢςυὶοὒς

74 3078 161 3111 cornardus
177 3077 223 3110 vertit
237 3074 284 3108 Sicut
299 3075 343 3108 enim
356 3072 374 3108 hi
385 3073 414 3119 qui
426 3084 455 3108 ee·
478 3068 527 3119 {pire
528 3084 561 3118 ui,
573 3068 618 3108 οὕτω
629 3076 663 3111 cett.
