1988 3392
252 245 346 279 ιιιιιιιι
357 245 401 280 nra.
410 247 440 281 ιιι,
452 247 508 282 rou.
516 247 529 280 ι.
541 245 699 280 unnnaxxvr.
826 236 869 279 307

84 340 121 382 que
132 323 240 367 usuvenire
252 326 353 369 cernimus
364 325 397 382 qui
410 325 517 382 sophistica
534 326 617 382 quadam
630 325 709 367 ratione
721 324 808 367 inventis
820 340 832 366 a
846 339 869 367 se

83 393 204 451 syllogismis
221 396 345 439 diversarum
363 408 429 437 rernm
447 409 527 437 caussas
543 395 645 451 inquirere
659 392 814 449 etinvestigare
827 402 869 436 stu-

84 464 138 504 dent.
170 461 238 505 Velnti
252 466 297 507 mali
314 464 365 518 quod
377 463 494 519 principium
507 464 579 515 fuerit3
600 463 633 505 alii
645 463 757 515 undenam,
779 469 800 503 et
812 463 869 504 cuius

83 530 114 573 rei
125 531 189 587 gratia
199 532 290 575 diabolus
300 532 403 584 extiterit,
426 531 504 587 quidam
517 532 541 573 dc
552 532 631 574 bomine
643 537 750 588 peccaturo
762 538 869 586 quaerunt,

84 613 120 641 cur
131 599 183 642 bunc
194 601 244 643 deus
256 614 280 642 ea
293 600 407 642 conditione
418 599 567 656 procreaverit,
589 608 623 642 aut
634 601 666 656 qui
677 600 737 642 talem
754 599 869 651 fabricarat,

84 682 120 710 cnr
130 668 227 712 incusarit
238 676 316 725 postea.
347 667 374 711 Ut
385 683 429 710 cum
439 668 507 711 varias
518 669 539 711 in
551 677 618 726 partes
631 669 708 711 animos
719 682 768 710 suos
781 682 804 710 ae
816 667 871 723 cogi-

84 736 170 778 tationes
182 737 316 789 intenderint,
333 751 356 779 ac
367 737 491 794 corruptioni
504 751 526 779 se
538 738 638 779 obnoxios
649 736 798 788 intellexerint,
820 736 871 792 patri

84 819 108 846 ac
119 805 160 847 lilio
171 812 192 847 et
203 805 280 862 spiritui
295 814 376 858 sanctu,
393 806 430 848 boc
441 813 472 848 est
484 806 516 848 uni
529 820 553 848 ac
564 806 659 861 singulari
672 805 768 857 trinitati,
784 819 872 847 venera-

85 873 159 915 tionem
174 874 312 917 aoscientiam
323 875 425 926 deterant,
448 875 473 915 ab
483 888 547 929 eoque
559 888 621 915 verae
633 874 677 915 fidei
690 874 823 929 cognitionem
835 888 871 929 po-

84 942 172 994 stultiut,
188 949 247 998 atque
258 943 376 998 irnpetrent3
397 948 419 983 nt
432 955 457 983 ne
469 956 583 984 mensuram
596 941 695 998 propriam
707 942 818 994 excedant,
835 942 871 983 sed

86 1010 110 1052 ab
125 1017 245 1052 occaecatae
260 1011 333 1052 mentis
349 1010 423 1066 impetu
439 1010 594 1065 conquiescanlq
617 1023 668 1050 neve
683 1023 768 1051 aceensa
779 1010 872 1051 incitata-

85 1092 123 1134 que
136 1078 204 1134 lingua
215 1085 236 1121 et
247 1078 405 1135 imprudentibus
421 1078 576 1133 cogitationibus
588 1078 676 1133 argutari
688 1078 758 1120 malint
768 1093 826 1135 quam
839 1092 872 1121 sa-

85 1146 208 1202 pientissima
220 1147 255 1189 illa
264 1147 375 1204 scripturae
387 1148 487 1189 sententia
500 1147 607 1203 castigari,
629 1150 673 1188 Non
684 1161 752 1201 rupere
759 1150 806 1201 plur
816 1162 872 1201 quom
881 1162 955 1197 namna,
962 1164 975 1191 a.

86 1223 163 1270 oportet
175 1229 254 1269 supere,
271 1218 306 1257 sed
319 1230 387 1270 supere
401 1218 428 1257 ad
441 1217 569 1257 sobrietatem.

143 1283 199 1326 Aetli
212 1281 278 1340 Caput
289 1282 385 1326 XXXll.
417 1282 440 1326 Si
455 1286 476 1325 in
488 1284 577 1339 ingenita
595 1291 668 1326 natura
683 1291 802 1341 perseverat
814 1284 872 1338 deus,

86 1352 229 1394 detrabendum
241 1352 278 1393 boc
288 1352 307 1393 ei
319 1359 363 1404 est,
383 1359 406 1394 ut
417 1352 511 1407 generari
520 1366 542 1395 se
552 1360 611 1408 atque
619 1352 730 1408 ingenitum
742 1366 788 1394 esse
798 1367 873 1408 eogno-

86 1428 137 1463 scat.
168 1419 228 1476 Quod
241 1420 259 1463 si
269 1421 288 1462 id
302 1421 330 1462 illi
344 1420 413 1473 detur,
435 1427 457 1461 nt
472 1434 509 1476 per
521 1420 583 1477 geniti
599 1420 722 1477 ingenitique
739 1421 872 1463 conditionem

86 1488 140 1532 illius
154 1496 225 1530 natura
241 1489 368 1541 traducatur,
392 1488 523 1530 substantiam
539 1489 582 1545 ipse
598 1502 654 1530 suam
671 1489 763 1544 ignorat,
787 1503 831 1530 cum
848 1489 873 1531 ab

86 1565 184 1613 utraque,
205 1557 267 1613 geniti
286 1557 364 1599 scilicet
382 1564 441 1613 atque
457 1557 553 1613 ingeniti,
569 1558 672 1612 'qualitate
689 1557 818 1599 distrahatur.
850 1555 874 1599 Si

87 1640 137 1669 vero
147 1625 236 1681 genitum
251 1625 372 1667 conditionis
389 1624 472 1681 ingeniti
489 1625 588 1683 particeps
606 1631 649 1677 est,
672 1632 692 1667 et
708 1625 792 1681 ingeniti
803 1632 874 1668 natura

88 1702 184 1752 perpetuo
197 1701 275 1747 manet,
292 1708 376 1736 neeesse
389 1702 453 1736 estut
465 1709 487 1736 se
499 1695 617 1751 imperfecta
628 1694 648 1734 in
661 1702 733 1735 natura
745 1694 874 1736 coustitutum

88 1769 196 1819 agnoscat,
220 1770 240 1804 et
256 1762 310 1804 illam
328 1761 412 1819 ingeniti
428 1763 586 1805 communionem
605 1762 692 1819 ignoret.
728 1761 802 1819 Neque
821 1762 874 1805 euim

88 1832 140 1874 idern
158 1832 181 1874 de
197 1845 219 1873 se
233 1831 276 1887 ipso
292 1839 312 1872 ιι
323 1832 423 1887 ingenitae
439 1832 562 1874 substantiae
580 1840 601 1873 et
613 1832 693 1886 genitae
706 1831 796 1873 notitiam
811 1832 887 1873 ἰιιιοι-Ι

88 1914 142 1942 mare
152 1906 225 1957 potest.
258 1898 298 1941 lam
312 1913 362 1941 vero
373 1899 389 1942 si
400 1899 483 1956 ingeniti
496 1901 607 1957 proprietas
619 1900 670 1942 levis
682 1907 713 1942 est
724 1914 748 1942 ac
759 1900 834 1942 minimi
846 1901 876 1942 la-

88 1969 171 2021 cienda,
193 1961 244 2024 quod
260 1968 281 2009 in
296 1968 426 2010 mutationem
443 1969 538 2024 proclivis
555 1969 593 2021 sit,
618 1968 747 2010 immutabilis
763 1968 876 2010 substantia

88 2045 172 2080 naturae
185 2038 280 2093 quaedam
293 2036 380 2093 dignitas
389 2044 432 2089 est,
449 2052 493 2078 cum
504 2037 593 2093 ingenita
604 2030 716 2079 substantia
727 2037 815 2079 omnium
827 2051 875 2079 con·

89 2106 176 2149 fossione
191 2106 269 2148 caussis
284 2105 376 2147 omuibus
391 2106 505 2147 antecellat.
541 2135 543 2139 -

147 2172 230 2218 Conlut.
242 2175 325 2216 XXXll.
357 2175 374 2215 l.
389 2172 472 2216 Nemini
482 2173 562 2216 dubium
573 2180 603 2216 est
614 2173 661 2230 quin
670 2173 760 2229 ingenita
770 2173 791 2215 in
802 2180 875 2215 natura

90 2245 138 2286 deus
153 2249 282 2300 perseveret,
305 2249 374 2299 pater,
396 2243 466 2298 quide
479 2243 541 2285 nihilo
557 2242 634 2285 creavit
644 2257 668 2284 ac
679 2242 783 2284 fabricavit
799 2242 874 2295 omnia,

90 2313 149 2355 lilium
165 2326 214 2371 vero
228 2310 417 2354 consubstantialem
431 2311 531 2367 eseipso,
556 2318 615 2368 atque
633 2312 747 2354 aeternitati
762 2325 811 2353 suae
827 2325 876 2353 con-

90 2388 195 2438 gruentem
212 2380 292 2436 gennit,
312 2393 349 2422 nec
365 2394 405 2422 non
418 2387 439 2421 et
449 2380 540 2437 spiritum
556 2387 645 2423 sanctum
660 2380 749 2437 eseipso
765 2380 875 2437 proceden-

42 2476 43 2480 =
91 2459 144 2501 tem,
168 2457 189 2492 et
203 2449 297 2500 eiusdem
311 2449 435 2492 substantiae
451 2449 585 2492 communioni
603 2463 704 2506 peraeque
721 2449 875 2492 convenientem

92 2517 193 2578 produxit.
224 2516 283 2573 Quod
295 2525 362 2561 antem
378 2519 448 2561 eadem
459 2519 492 2561 illa
503 2518 582 2561 trinitas
594 2532 724 2576 quaecunque
735 2527 782 2562 sunt
792 2533 803 2562 e
814 2519 876 2561 nihilo

92 2588 219 2648 procreavit,
243 2593 282 2629 tam
294 2588 422 2643 aspectabilia
435 2602 493 2645 quam
504 2601 555 2644 quae
566 2593 668 2644 aspectum
682 2589 771 2644 lugiunt,
793 2603 834 2631 nou
846 2588 877 2630 id-

93 2659 146 2702 circo
161 2657 181 2700 id
192 2656 257 2715 ipsum
272 2656 325 2713 quod
341 2657 420 2699 divinae
435 2658 534 2700 maiestati
552 2663 708 2700 consentaneum
726 2666 768 2711 est,
792 2658 831 2701 boc
847 2666 878 2700 est

93 2727 199 2772 existentis
211 2726 332 2778 aeternius,
354 2727 432 2769 recenti
442 2727 477 2769 illa
488 2731 598 2769 creatarum
608 2740 676 2769 rerum
689 2727 815 2785 appellationi
830 2727 877 2770 sub-

94 2798 186 2840 trabitur.
214 2794 268 2838 Nam
279 2794 303 2837 ab
313 2795 396 2838 istarum
408 2796 521 2843 conditione
533 2810 609 2838 summa
619 2795 652 2838 illa
661 2796 772 2841 substantia
784 2810 808 2838 ac
819 2810 877 2852 prae-

94 2867 169 2909 cellens
188 2865 295 2917 eximitur,
315 2864 431 2921 quibuscum
442 2864 523 2907 minime
535 2864 710 2908 consubstantialis
724 2873 768 2917 est,
790 2866 826 2908 sed
842 2879 876 2907 eas

95 2935 178 2979 enibilo
193 2935 267 2991 aliquid
282 2941 304 2977 ut
318 2940 386 2977 essent
402 2933 507 2977 excitavit.
538 2933 607 2990 Quare
623 2933 675 2976 filius
692 2941 772 2992 epatre
787 2933 875 2990 genitus,

117 3050 134 3086 6.
147 3051 201 3092 snpra
212 3046 352 3095 ὦμιιογημέιης,
518 3049 536 3084 7.
548 3045 599 3085 αὗτοῦ
611 3049 646 3083 cod.
658 3050 736 3092 abacia„
752 3052 767 3082 et
777 3050 812 3083 cod.
823 3050 855 3083 ten.
867 3059 878 3081 o

497 3106 519 3129 m.
529 3106 555 3138 pr.

688 3152 740 3197 20*
